4664 6022
138 305 215 379 soa
646 292 804 381 unca.
838 291 914 372 na
947 291 1235 397 casanae.
1268 291 1326 367 m
1353 246 1672 374 nonarum
2111 284 2191 379 tos

141 476 295 550 lectione
311 475 583 565 permulceatur.
627 467 676 544 Ut
692 472 786 540 enim
803 472 842 541 in
858 466 928 541 hoc
943 470 1074 563 scripto
1089 485 1142 543 est
1191 487 1349 555 merum,
1374 467 1436 561 qui
1453 468 1529 539 eius
1548 495 1604 540 res
1626 485 1738 561 gestas
1754 488 1789 545 et
1809 473 2026 551 fortiafaeta
2039 477 2194 551 immor·

142 581 316 676 quaedam
330 578 481 669 perlecta
499 591 534 647 et
551 574 713 645 absoluta
730 576 846 664 imago
862 573 1056 667 sapientiae
1071 570 1141 644 hu·
1192 571 1258 643 tali
1279 572 1435 640 carmine
1452 574 1690 644 celebraturus
1707 590 1806 649 esset.
1857 575 1955 649 Haec
1970 581 2020 650 de·
2031 576 2193 655 Homero

140 705 285 766 manae,
314 693 590 775 quantacunque
607 700 648 745 ea
664 677 813 746 omnino
828 699 903 745 esse
917 690 978 747 aut
994 676 1142 767 cogitari
1192 668 1441 746 Philostratus.
1481 672 1549 743 Per
1563 669 1631 744 hoc
1650 672 1745 747 baud
1762 678 1872 751 dubie
1887 679 2113 772 significans,
2135 682 2194 754 di·

143 798 280 881 potest,
305 782 355 852 ita
369 782 407 850 in
424 781 522 852 omni
546 802 674 871 genere
689 779 872 849 doctrinae
891 774 985 847 nihil
1002 779 1142 848 dulcius
1193 775 1328 846 vinitns
1344 775 1530 845 excitatum
1548 777 1656 849 inisse
1671 779 1893 868 Homerum,
1925 796 1959 854 et
1975 783 2192 857 divinavit·

144 901 274 971 eocst,
300 879 392 954 nihil
407 882 634 966 luculentius,
660 876 753 949 nihil
769 880 807 949 in
825 882 919 974 quod
938 882 1051 949 maior
1067 881 1142 950 elo·
1193 890 1269 948 tute
1294 876 1451 946 afflatum
1477 874 1563 947 haec
1588 881 1765 951 cecinisse.
1820 882 1861 953 ld
1883 887 1979 977 quod
2004 886 2132 956 multis
2152 888 2190 961 in

144 989 311 1085 quentiae
333 986 503 1076 splendor
531 985 684 1069 eluceat,
718 997 758 1053 ut
781 996 874 1052 recte
898 983 1033 1054 dictum
1056 982 1141 1051 sita
1193 979 1282 1048 locis
1304 979 1424 1047 videre
1446 979 1547 1064 licet,
1579 1005 1659 1051 enxn
1684 983 1961 1081 velutexadyto
1979 989 2188 1061 velcnrtina

146 1091 276 1162 Fabio:
301 1086 614 1177 Quemadmodum
630 1085 675 1155 ab
692 1109 824 1155 oceano
843 1108 965 1154 omnes
982 1085 1141 1153 amnium
1195 1081 1302 1152 altius
1328 1080 1499 1172 quiddam
1526 1094 1561 1151 et
1586 1083 1763 1167 divinius,
1802 1111 1909 1181 quam
1937 1113 2004 1181 pro
2031 1086 2187 1163 humano

57 1276 61 1285 ¹
146 1208 181 1265 et
205 1190 360 1262 fontium
389 1212 512 1260 cursus
538 1188 642 1256 initia
669 1187 827 1278 capiant,
870 1187 916 1256 ita
944 1186 1143 1256 Homerum
1195 1182 1488 1273 captusonnisse.
1542 1179 1706 1258 Indicant
1730 1182 1799 1258 hoc
1821 1192 2016 1278 nonnulla,
2036 1195 2187 1287 quaein

146 1295 314 1368 omnibus
330 1291 554 1385 eloquentiae
571 1289 732 1380 partibus
752 1289 951 1379 exemplum
973 1301 1007 1358 et
1025 1303 1142 1357 ortum
1196 1283 1272 1354 eins
1302 1289 1463 1374 poemate
1492 1307 1610 1376 sparsa
1640 1302 1741 1374 sunt,
1774 1292 1961 1375 vaticinia,
1995 1319 2091 1388 quae
2118 1320 2186 1367 non

149 1398 301 1470 dedisse.
338 1393 421 1464 Non
439 1392 535 1463 enim
551 1391 691 1483 pluvias
704 1388 766 1458 ille
780 1413 903 1484 aquas,
933 1405 973 1459 ut
990 1388 1144 1461 aitPin·
1196 1387 1328 1479 absque
1351 1385 1473 1457 afflatu
1497 1387 1658 1458 numinis
1674 1390 1718 1458 ab
1746 1386 1901 1463 humana
1918 1411 2038 1467 mente
2052 1399 2185 1493 concipi

146 1502 273 1581 darus,
298 1497 452 1585 colligit,
484 1496 544 1562 sed
569 1493 650 1562 vivo
674 1492 822 1560 llumine
844 1494 1016 1575 exundat,
1047 1493 1144 1559 dono
1196 1500 1406 1579 potuerunt:
1443 1489 1546 1581 quale
1576 1485 1644 1560 hoc
1675 1505 1727 1562 est
1747 1498 1792 1563 de
1815 1497 2019 1587 posteritate
2040 1495 2185 1588 Aeneae,

148 1603 304 1697 quodam
330 1596 575 1691 providentiae
597 1593 740 1663 divinae
761 1597 804 1663 ad
826 1588 894 1662 hoc
920 1595 1078 1682 genitus,
1104 1606 1146 1662 ut
1197 1602 1230 1660 et
1246 1589 1453 1660 aeternitate
1467 1591 1577 1659 futuri
1594 1590 1751 1664 Romani
1766 1596 1927 1688 imperii,
1948 1603 2049 1694 quod
2066 1624 2086 1672 a
2102 1602 2184 1674 Ver·
2226 1592 2230 1691 l

147 1706 186 1775 in
202 1728 242 1773 eo
256 1716 348 1773 totas
363 1700 454 1768 vires
470 1720 551 1767 suas
567 1695 769 1789 eloquentia
786 1695 1012 1787 experiretur.
1197 1690 1281 1782 gilio
1298 1685 1366 1760 hoc
1385 1715 1488 1761 versu
1505 1694 1681 1765 redditum
1700 1710 1768 1767 est:

230 1833 310 1906 Etsi
324 1833 434 1923 igitur
449 1845 529 1924 post
545 1830 621 1901 eius
637 1843 784 1901 aetatem
801 1828 956 1899 effloruit
972 1827 1055 1898 satis
1071 1827 1146 1896 loe·
1315 1814 1355 1878 El
1369 1802 1604 1898 ⁰³¹i⁸¹¹⁸l⁰¹¹¹ms
1631 1833 1661 1882 et
1679 1827 1734 1906 qui
1748 1839 1906 1889 nascentur
1920 1831 1958 1891 ab
1973 1806 2061 1912 ipsis.

147 1941 198 2008 lix
214 1934 406 2007 Poetarum
423 1947 627 2025 proventus,
651 1931 725 2023 ipse
741 1944 860 2000 tamen
878 1954 1016 2022 semper
1032 1953 1147 2013 suum,
1199 1927 1319 2018 Quare
1335 1953 1408 1998 non
1422 1931 1468 2000 ab
1483 1954 1520 2000 re
1535 1928 1759 2004 Democritus
1773 1937 1873 2026 dixit,
1897 1937 2100 2013 Homerum
2117 1966 2187 2015 sor·

147 2036 217 2110 hoc
235 2051 303 2122 est,
328 2059 508 2107 summum
530 2059 571 2104 ac
592 2031 790 2124 principem
808 2033 926 2103 locum
949 2031 1086 2115 tenuit,
1113 2044 1147 2101 et
1198 2031 1304 2102 titum
1324 2030 1431 2101 luisse
1448 2032 1667 2106 divinantem
1684 2037 1852 2116 animam.
1903 2040 1974 2113 Sed
1987 2043 2058 2115 ista
2075 2069 2186 2137 perse·

146 2163 243 2213 unus
258 2139 426 2224 omnibus
442 2158 531 2230 quos
546 2135 619 2204 ulla
634 2134 716 2204 tulit
729 2147 833 2219 actas,
857 2132 977 2205 Po'e'tis
992 2133 1145 2226 palmam
1199 2133 1278 2225 qui,
1304 2157 1378 2201 non
1392 2149 1476 2205 sunt
1491 2128 1598 2205 huius
1612 2136 1682 2205 loci
1698 2153 1758 2211 aut
1773 2143 1950 2235 temporis.
1996 2143 2057 2220 Ad
2073 2161 2186 2221 nostn
2228 2186 2230 2195 ·

148 2240 367 2337 praeripuit,
391 2236 678 2329 longissimisqne
695 2235 892 2306 intervallis
907 2249 1052 2306 cunctos
1067 2248 1146 2327 post
1199 2234 1319 2324 igitur,
1346 2247 1450 2328 atque
1467 2238 1508 2303 ad
1528 2260 1672 2331 eaquae
1688 2245 1818 2314 nostris
1835 2246 1962 2317 studiis
1979 2262 2018 2321 et
2032 2251 2186 2321 moribus

149 2370 186 2417 se
202 2343 359 2436 reliquit,
384 2341 492 2432 idque
508 2339 641 2417 effecit,
668 2351 707 2408 ut
721 2361 888 2427 magnum
905 2353 940 2409 et
953 2337 1071 2427 magni
1088 2336 1148 2408 in-

126 2440 129 2445 ’
150 2446 245 2538 genii
261 2441 424 2513 habitum
441 2441 496 2524 sit,
522 2440 597 2509 eius
613 2440 760 2510 virtutes
774 2464 847 2508 non
864 2437 1007 2532 quidem
1023 2464 1146 2509 aemu-

149 2549 303 2629 latione,
336 2543 431 2636 qnod
459 2541 679 2634 impossibile
706 2552 776 2627 est,
809 2543 870 2609 sed
891 2540 1016 2612 saltem
1039 2541 1147 2610 intel·

150 2651 245 2718 lectu
259 2647 372 2739 sequi.
414 2640 519 2716 Canit
535 2645 579 2714 de
593 2668 636 2713 eo
649 2655 690 2715 ut
702 2642 897 2733 magnifice,
922 2642 971 2713 ita
987 2666 1062 2713 non
1077 2642 1146 2715 mi·

151 2774 221 2821 nus
238 2772 318 2818 vere
333 2745 524 2816 Manilius:

462 2872 607 2953 cuiusque
622 2892 662 2930 ex
678 2890 729 2929 ore
744 2866 869 2950 profuso
934 2858 1095 2959 (inquil)

257 2971 368 3037 Omnis
383 2976 541 3055 posteritas
555 2976 658 3034 latices
671 2974 704 3033 in
718 2974 848 3033 earmina
866 2970 966 3049 duxit,

257 3076 453 3158 Amnemque
467 3077 499 3136 in
514 3088 619 3137 tenues
634 3095 705 3137 ausa
720 3088 764 3135 est
778 3072 923 3135 dedocere
939 3075 1031 3153 risos,

235 3176 240 3183 ’
255 3175 353 3239 Unius
369 3177 519 3240 l'oeonuda
533 3180 632 3241 bonis.

58 3340 65 3345 -
151 3285 201 3359 Et
221 3286 435 3361 Theocritus
457 3290 526 3385 ait,
550 3286 737 3359 Musarum
759 3310 859 3371 aves,
885 3282 953 3357 hoc
967 3301 1035 3372 est,
1061 3287 1146 3357 reli-

153 3413 243 3485 quos
258 3390 404 3476 Poetas,
430 3390 460 3461 si
482 3415 563 3463 cum
576 3387 735 3461 Homero
758 3404 891 3460 certare
907 3391 1044 3473 ausint,
1069 3390 1146 3459 sru-

153 3506 224 3562 stra
247 3493 429 3577 laborare,
455 3506 488 3562 et
510 3492 606 3563 velut
621 3516 842 3587 coccysmnm
865 3493 969 3562 edere
997 3493 1041 3561 ad
1064 3492 1145 3561 dul·

153 3592 313 3664 cissimos
334 3593 506 3664 lusciniae
530 3607 664 3664 cantus.
726 3591 893 3662 Testatur
915 3594 999 3686 item
1021 3589 1146 3662 Philo·

154 3708 284 3766 stratus
299 3692 497 3764 Homerum
513 3719 589 3765 non
611 3692 702 3764 sicut
716 3689 988 3784 Euphranorem
1012 3708 1146 3765 statua·

152 3796 267 3881 rium,
292 3795 354 3888 qni
371 3795 582 3888 quibusdam
603 3795 642 3863 iu
657 3818 719 3863 sua
737 3809 812 3863 arte
827 3796 1017 3866 virtutibus
1033 3809 1147 3867 caete-

152 3897 202 3967 ris
232 3896 425 3988 praestitit,
459 3899 519 3966 sed
544 3897 582 3965 in
604 3896 789 3981 omnibns,
823 3920 913 3989 qnae
938 3898 1083 3990 quidem
1107 3897 1146 3967 in

154 4022 373 4092 unoquoque
390 3998 541 4066 maxime
558 3999 699 4068 laudata
715 3997 798 4083 sint,
825 3999 1144 4071 eminentissimum

155 4123 240 4174 esse.
291 4096 339 4169 Et
353 4099 460 4169 relect
477 4099 538 4169 ille
557 4099 718 4170 festivam
735 4101 778 4168 de
793 4098 952 4171 Homero
976 4101 1147 4190 salsulam,

155 4224 261 4296 quam
277 4224 350 4270 non
367 4201 523 4272 'alienum
541 4201 625 4274 duxi
642 4200 797 4273 breviter
809 4197 877 4274 hoc
893 4204 931 4273 in
953 4204 1032 4275 loco
1048 4229 1143 4274 corn-

156 4326 363 4373 memorare.

258 4431 436 4507 Achillem
461 4436 530 4522 ait,
571 4460 653 4508 cum
674 4438 877 4509 adolescens
903 4454 1012 4526 esset,
1052 4440 1145 4511 mico

156 4539 274 4610 studio
293 4552 328 4608 et
349 4561 468 4608 aurore
485 4538 642 4609 Musicae
657 4564 697 4610 ac
711 4536 875 4611 Poeticae
892 4542 1072 4632 llagrasse,
1097 4541 1145 4611 ita

156 4655 196 4711 ut
206 4641 365 4732 quotidie
378 4666 397 4710 a
409 4637 524 4710 Musis
538 4643 767 4713 contenderet
779 4644 954 4734 precibus,
971 4657 1011 4713 ut
1024 4668 1146 4716 earum

157 4742 290 4812 anxilio
316 4743 355 4810 in
384 4742 610 4814 excellentem
635 4742 814 4817 Musicnm
842 4758 958 4837 posset
986 4749 1146 4819 evadere.

132 4837 320 4936 'Cumque
335 4844 475 4914 nullum
494 4846 621 4914 orandi
644 4846 749 4914 finem
772 4847 921 4931 faceret,
946 4849 1088 4919 tandem
1104 4872 1146 4916 ex

140 4943 272 5015 'Musis
288 4942 474 5036 Calliopen
495 4947 548 5015 illi
571 4949 794 5039 apparuisse,
815 4972 854 5016 ac
877 4949 1076 5033 monuisse,
1101 4974 1146 5017 ne

156 5071 237 5116 cum
251 5047 331 5118 latis
347 5063 529 5137 pugnaret,
554 5049 658 5118 aliter
674 5051 768 5118 enim
784 5051 920 5140 superis
934 5051 1049 5121 visum
1063 5072 1146 5136 esse,

114 5140 120 5151 ’
156 5173 229 5217 non
246 5163 360 5218 vatem
376 5172 473 5233 eum,
499 5151 560 5221 sed
578 5163 811 5242 praestantem
826 5152 1031 5222 bellatorem
1049 5154 1144 5223 iutu-

156 5274 255 5330 rnm,
281 5249 392 5343 etqui
416 5251 500 5322 tales
522 5275 578 5322 res
600 5267 749 5342 gereret,
775 5254 871 5323 unde
889 5251 1018 5323 Poetae
1033 5265 1145 5324 mate-

155 5353 245 5420 riam
261 5353 439 5422 scribendi
454 5359 628 5445 sumpturi
644 5370 768 5426 essent.
801 5350 885 5427 Post
900 5369 1042 5427 centum
1059 5378 1144 5424 vero

154 5477 268 5524 annos
289 5453 508 5526 exoriturum
530 5458 706 5550 quendam
729 5470 866 5543 vatem,
898 5456 1046 5529 nomine
1064 5454 1143 5549 Ho-

1199 2336 1365 2429 propiora
1389 2349 1490 2422 sunt,
1526 2354 1756 2418 revertamur.
1807 2341 1888 2418 Etsi
1916 2374 2003 2420 vero
2035 2346 2126 2423 mihi
2149 2354 2183 2422 in

1200 2438 1393 2529 praesentia
1420 2462 1493 2507 non
1508 2455 1607 2511 vacat
1623 2444 1789 2534 colligere
1812 2444 1859 2520 τὰ
1882 2445 2184 2551 φιλοσοφούμενα

1200 2541 1260 2609 illa
1276 2540 1475 2625 recondita,
1503 2543 1546 2609 de
1563 2542 1747 2636 principiis
1762 2572 1901 2637 rerum,
1927 2553 1971 2623 de
1992 2570 2099 2627 motu
2115 2580 2186 2628 coc-

1200 2666 1327 2734 porum
1346 2641 1548 2713 coelestium
1572 2658 1606 2714 et
1629 2660 1822 2736 astrorum,
1847 2652 1892 2722 de
1918 2655 2126 2744 elementis,
2148 2661 2187 2730 de
2228 2704 2230 2709 ·

1199 2745 1336 2812 mundo
1363 2756 1396 2813 et
1418 2767 1457 2813 eo
1480 2744 1635 2835 duplici,
1670 2749 1714 2818 de
1738 2753 1993 2827 constitutione
2023 2754 2188 2849 hominis,

1199 2846 1243 2949 dh
1270 2845 1385 2913 anima
1410 2846 1538 2915 eteius
1561 2849 1739 2937 partibus,
1771 2854 1815 2923 de
1842 2859 1924 2927 sede
1952 2863 2188 2948 potentiarum

1200 2946 1356 3035 animae,
1383 2947 1427 3013 de
1451 2947 1598 3036 singulis
1623 2954 1809 3041 potentiis,
1833 2958 1877 3025 de
1898 2958 2110 3051 affectibus,
2130 2964 2186 3033 iis·

1200 3071 1267 3141 que
1285 3048 1435 3116 laudatis
1451 3061 1483 3118 et
1499 3050 1652 3138 vitiosis,
1676 3055 1721 3123 de
1735 3057 1872 3137 ratique
1887 3086 1998 3152 porro
2015 3064 2180 3162 atquein·

1199 3150 1359 3232 tellectn,
1384 3172 1559 3244 sensuque
1574 3166 1607 3222 et
1625 3138 1880 3248 adpetitu⁶c⁰um
1904 3188 1945 3233 eo
1965 3168 2120 3255 perenni
2137 3168 2186 3238 di-

1199 3250 1387 3321 micatioue
1408 3252 1652 3342 depugnante,
1683 3250 1725 3327 de
1752 3259 1814 3331 illa
1838 3262 2017 3337 diviniore
2041 3284 2081 3342 et
2110 3270 2188 3343 item

1198 3354 1303 3423 bruta
1327 3366 1425 3444 parte
1450 3348 1618 3428 hominis.
1676 3355 1791 3446 Haec,
1825 3361 1990 3457 inquam,
2018 3393 2105 3441 cum
2125 3372 2189 3443 iam

1199 3449 1288 3523 mihi
1311 3479 1491 3526 recensere
1509 3482 1583 3526 non
1605 3458 1727 3548 liceat,
1753 3475 1871 3535 tamen
1894 3468 2009 3541 sciant
2030 3474 2189 3561 studiosi,

1198 3556 1359 3626 omnium
1384 3552 1510 3628 harum
1538 3584 1655 3632 rernm
1677 3565 1833 3651 semina,
1866 3580 1901 3639 et
1921 3594 1985 3643 ceu
2017 3573 2138 3647 tontes
2156 3578 2188 3647 in

1199 3656 1355 3727 Homero
1372 3682 1455 3729 esse.
1487 3658 1608 3755 Neque
1625 3664 1718 3733 sallus
1734 3668 1862 3737 melior
1875 3686 1937 3743 aut
1951 3678 2188 3764 praestantior

1198 3762 1313 3852 pictor
1337 3761 1434 3830 illius
1458 3764 1645 3834 nobilioris
1667 3791 1706 3836 ac
1728 3768 1918 3843 divinioris
1940 3777 2187 3868 partisnostri

1199 3862 1330 3948 extitit,
1357 3888 1463 3956 qnam
1486 3860 1674 3937 Homerus.

1286 4012 1512 4107 Quapropter
1528 4016 1648 4109 Scipio
1662 4022 1754 4112 apud
1771 4021 1900 4096 Silium
1916 4027 2056 4119 ingenti
2073 4050 2108 4108 et
2121 4058 2184 4113 non

1198 4117 1284 4187 salsa
1318 4117 1423 4186 laude
1447 4113 1545 4190 vehit
1567 4120 1716 4193 Homeri
1744 4127 1908 4197 umbram
1934 4136 2030 4221 apud
2062 4136 2184 4207 inferos

1198 4217 1440 4309 conspectam,
1465 4235 1499 4290 et
1526 4246 1671 4312 magnae
1691 4226 1892 4300 foelicitatis
1908 4231 1987 4302 loco
2009 4238 2085 4309 suis
2106 4253 2184 4312 tes-

1199 4322 1345 4413 poxibus
1368 4322 1475 4391 talem
1496 4341 1610 4392 vatem
1635 4341 1754 4418 optat,
1780 4354 1885 4421 quem
1910 4333 2030 4407 locum
2051 4354 2184 4433 propter

1198 4423 1438 4494 adolescentes
1453 4448 1527 4494 non
1540 4426 1634 4518 piget
1647 4423 1705 4498 hic
1721 4431 1905 4526 subiicere,
1932 4435 1985 4507 sic
1997 4441 2099 4511 enim
2113 4440 2170 4513 ait:

1249 4545 1355 4629 Atque
1370 4545 1421 4607 hio
1438 4544 1544 4628 Elysio
1561 4550 1731 4613 tendentem
1745 4558 1843 4616 limite
1858 4579 1984 4625 cernens

1247 4646 1389 4731 Effigiem
1404 4653 1540 4730 iuvenis,
1566 4667 1663 4731 caste,
1688 4660 1738 4716 oni
1754 4661 1828 4719 vitta
1842 4662 1953 4739 ligabat

1249 4750 1403 4833 Purpurea
1418 4754 1529 4814 effusos
1545 4775 1598 4834 per
1610 4758 1687 4816 oolla
1700 4762 1825 4821 nitentia
1837 4766 1939 4843 erinis,
1957 4814 1960 4819 .
1980 4768 1984 4775 '

1249 4851 1324 4932 Dio,
1350 4859 1408 4932 ait,
1436 4853 1487 4916 hic
1508 4851 1751 4939 quinam'rirgo,
1776 4884 1846 4925 nam
1864 4869 1932 4927 lnoe
1947 4868 2079 4952 reiislget

1248 4955 1430 5037 Praecipua,
1457 4960 1542 5019 l'rons
1559 4981 1639 5021 sacre
1655 4963 1732 5040 viro,
1759 4969 1931 5051 multaeque
1946 4980 2113 5055 sequuntur

1248 5056 1393 5120 Mirantes
1408 5063 1543 5133 anianae,
1572 5075 1603 5122 et
1619 5067 1697 5124 laeto
1716 5068 1844 5128 claruere
1858 5072 2061 5155 frequentent.

1249 5157 1314 5235 Oui
1329 5165 1448 5234 vultus,
1474 5183 1565 5244 quem
1576 5167 1601 5224 si
1618 5162 1726 5246 Stygia
1740 5190 1801 5228 nou
1818 5186 1891 5234 esset
1907 5178 1939 5234 in
1954 5179 2073 5257 umbre,

1247 5259 1402 5324 Dixissem
1415 5264 1504 5324 l'aoile
1516 5287 1579 5326 esse
1593 5262 1706 5328 Deum.
1756 5267 1826 5331 Nun
1840 5275 1967 5349 lalleris,
1992 5283 2104 5365 inquit,

1246 5361 1344 5426 Docta
1362 5387 1462 5427 comes
1480 5371 1601 5445 triviae,
1627 5376 1737 5431 meruit
1751 5368 1834 5435 Dens
1849 5398 1911 5439 esse
1925 5380 2030 5444 rideri.

1245 5464 1285 5530 Et
1301 5471 1362 5531 l‘oit
1375 5474 1407 5531 in
1424 5482 1506 5531 tauto
1522 5491 1584 5531 uon
1599 5492 1725 5553 parvum
1739 5488 1860 5556 pectore
1880 5500 2004 5563 numen,
2095 5474 2099 5485 ¹
