<?xml version="1.0" encoding="UTF-8"?>
<!DOCTYPE html PUBLIC "-//W3C//DTD XHTML 1.0 Transitional//EN"
    "http://www.w3.org/TR/xhtml1/DTD/xhtml1-transitional.dtd">
<html xmlns="http://www.w3.org/1999/xhtml" xml:lang="en" lang="en">
 <head>
  <title>
</title>
<meta http-equiv="Content-Type" content="text/html;charset=utf-8" />
  <meta name='ocr-system' content='tesseract 3.04.00' />
  <meta name='ocr-capabilities' content='ocr_page ocr_carea ocr_par ocr_line ocrx_word'/>
</head>
<body>
  <div class='ocr_page' id='page_1' title='image "./philippimelanth00bretgoog_0437.png"; bbox 0 0 4664 6022; ppageno 0'>
   <div class='ocr_carea' id='block_1_1' title="bbox 81 274 2122 370">
    <p class='ocr_par' dir='ltr' id='par_1_1' title="bbox 81 274 2122 370">
     <span class='ocr_line' id='line_1_1' title="bbox 81 274 2122 370; baseline 0 -12"><span class='ocrx_word' id='word_1_1' title='bbox 81 284 154 358; x_wconf 78' lang='lat' dir='ltr'>sot</span> <span class='ocrx_word' id='word_1_2' title='bbox 514 277 674 355; x_wconf 76' lang='lat' dir='ltr'>DECL.</span> <span class='ocrx_word' id='word_1_3' title='bbox 707 277 781 352; x_wconf 86' lang='lat' dir='ltr'>DE</span> <span class='ocrx_word' id='word_1_4' title='bbox 814 278 1056 353; x_wconf 86' lang='lat' dir='ltr'>STUDIIS</span> <span class='ocrx_word' id='word_1_5' title='bbox 1090 276 1357 370; x_wconf 77' lang='lat' dir='ltr'>LlNGUAll</span> <span class='ocrx_word' id='word_1_6' title='bbox 1393 274 1687 354; x_wconf 79' lang='lat' dir='ltr'>GRAECAE.</span> <span class='ocrx_word' id='word_1_7' title='bbox 2047 285 2122 363; x_wconf 76' lang='lat'>862</span> 
     </span>
    </p>
   </div>
   <div class='ocr_carea' id='block_1_2' title="bbox 10 451 2119 3005">
    <p class='ocr_par' dir='ltr' id='par_1_2' title="bbox 10 451 2119 3005">
     <span class='ocr_line' id='line_1_2' title="bbox 79 451 2118 547; baseline 0.001 -22"><span class='ocrx_word' id='word_1_8' title='bbox 79 457 201 527; x_wconf 90' lang='lat' dir='ltr'>cebras</span> <span class='ocrx_word' id='word_1_9' title='bbox 225 469 419 540; x_wconf 89' lang='lat' dir='ltr'>sectamur,</span> <span class='ocrx_word' id='word_1_10' title='bbox 443 454 589 524; x_wconf 83' lang='lat' dir='ltr'>interim</span> <span class='ocrx_word' id='word_1_11' title='bbox 610 453 716 525; x_wconf 88' lang='lat' dir='ltr'>etiam</span> <span class='ocrx_word' id='word_1_12' title='bbox 732 453 930 524; x_wconf 88' lang='lat' dir='ltr'>doctrinam</span> <span class='ocrx_word' id='word_1_13' title='bbox 943 455 988 523; x_wconf 88' lang='lat' dir='ltr'>dc</span> <span class='ocrx_word' id='word_1_14' title='bbox 1010 478 1073 546; x_wconf 87' lang='lat' dir='ltr'>pa·</span> <span class='ocrx_word' id='word_1_15' title='bbox 1122 475 1211 547; x_wconf 92' lang='lat' dir='ltr'>quos</span> <span class='ocrx_word' id='word_1_16' title='bbox 1236 452 1293 520; x_wconf 89' lang='lat' dir='ltr'>vel</span> <span class='ocrx_word' id='word_1_17' title='bbox 1315 476 1416 522; x_wconf 89' lang='lat' dir='ltr'>caeca</span> <span class='ocrx_word' id='word_1_18' title='bbox 1440 451 1616 543; x_wconf 78' lang='lat' dir='ltr'>cupiditas</span> <span class='ocrx_word' id='word_1_19' title='bbox 1640 474 1720 538; x_wconf 90' lang='lat' dir='ltr'>sua,</span> <span class='ocrx_word' id='word_1_20' title='bbox 1752 454 1808 523; x_wconf 89' lang='lat' dir='ltr'>vel</span> <span class='ocrx_word' id='word_1_21' title='bbox 1833 479 1972 526; x_wconf 82' lang='lat' dir='ltr'>errore</span> <span class='ocrx_word' id='word_1_22' title='bbox 1998 471 2118 529; x_wconf 86' lang='lat' dir='ltr'>satana</span> 
     </span>
     <span class='ocr_line' id='line_1_3' title="bbox 78 554 2116 652; baseline 0.001 -24"><span class='ocrx_word' id='word_1_23' title='bbox 78 575 181 630; x_wconf 92' lang='lat' dir='ltr'>terno</span> <span class='ocrx_word' id='word_1_24' title='bbox 199 560 310 652; x_wconf 88' lang='lat' dir='ltr'>ipsius</span> <span class='ocrx_word' id='word_1_25' title='bbox 327 580 408 648; x_wconf 87' lang='lat' dir='ltr'>erga</span> <span class='ocrx_word' id='word_1_26' title='bbox 424 580 490 627; x_wconf 90' lang='lat' dir='ltr'>nos</span> <span class='ocrx_word' id='word_1_27' title='bbox 503 579 639 642; x_wconf 90' lang='lat' dir='ltr'>amore,</span> <span class='ocrx_word' id='word_1_28' title='bbox 671 558 716 627; x_wconf 92' lang='lat' dir='ltr'>de</span> <span class='ocrx_word' id='word_1_29' title='bbox 731 556 933 626; x_wconf 90' lang='lat' dir='ltr'>obedientia</span> <span class='ocrx_word' id='word_1_30' title='bbox 951 571 1071 627; x_wconf 86' lang='lat' dir='ltr'>nostra</span> <span class='ocrx_word' id='word_1_31' title='bbox 1122 556 1298 639; x_wconf 91' lang='lat' dir='ltr'>obiectus,</span> <span class='ocrx_word' id='word_1_32' title='bbox 1323 555 1380 623; x_wconf 91' lang='lat' dir='ltr'>vel</span> <span class='ocrx_word' id='word_1_33' title='bbox 1394 554 1538 646; x_wconf 90' lang='lat' dir='ltr'>propria</span> <span class='ocrx_word' id='word_1_34' title='bbox 1563 554 1704 625; x_wconf 81' lang='lat' dir='ltr'>malicia</span> <span class='ocrx_word' id='word_1_35' title='bbox 1720 578 1760 626; x_wconf 90' lang='lat' dir='ltr'>ac</span> <span class='ocrx_word' id='word_1_36' title='bbox 1778 558 1881 628; x_wconf 88' lang='lat' dir='ltr'>luror</span> <span class='ocrx_word' id='word_1_37' title='bbox 1898 573 2116 631; x_wconf 88' lang='lat' dir='ltr'>transversos</span> 
     </span>
     <span class='ocr_line' id='line_1_4' title="bbox 77 652 2119 755; baseline 0 -24"><span class='ocrx_word' id='word_1_38' title='bbox 77 685 160 751; x_wconf 87' lang='lat' dir='ltr'>erga</span> <span class='ocrx_word' id='word_1_39' title='bbox 191 663 326 755; x_wconf 89' lang='lat' dir='ltr'>ipsum,</span> <span class='ocrx_word' id='word_1_40' title='bbox 358 663 474 754; x_wconf 92' lang='lat' dir='ltr'>deque</span> <span class='ocrx_word' id='word_1_41' title='bbox 502 673 645 730; x_wconf 87' lang='lat' dir='ltr'>aeterna</span> <span class='ocrx_word' id='word_1_42' title='bbox 671 659 784 729; x_wconf 88' lang='lat' dir='ltr'>salute</span> <span class='ocrx_word' id='word_1_43' title='bbox 812 684 852 730; x_wconf 89' lang='lat' dir='ltr'>ac</span> <span class='ocrx_word' id='word_1_44' title='bbox 880 657 1071 730; x_wconf 83' lang='lat' dir='ltr'>faelicitate</span> <span class='ocrx_word' id='word_1_45' title='bbox 1121 657 1266 750; x_wconf 90' lang='lat' dir='ltr'>abripit,</span> <span class='ocrx_word' id='word_1_46' title='bbox 1283 669 1321 727; x_wconf 93' lang='lat' dir='ltr'>ut</span> <span class='ocrx_word' id='word_1_47' title='bbox 1335 656 1454 728; x_wconf 90' lang='lat' dir='ltr'>omnia</span> <span class='ocrx_word' id='word_1_48' title='bbox 1470 652 1555 727; x_wconf 89' lang='lat' dir='ltr'>baec</span> <span class='ocrx_word' id='word_1_49' title='bbox 1565 658 1659 726; x_wconf 87' lang='lat' dir='ltr'>dona</span> <span class='ocrx_word' id='word_1_50' title='bbox 1673 658 1860 730; x_wconf 90' lang='lat' dir='ltr'>divinavel</span> <span class='ocrx_word' id='word_1_51' title='bbox 1877 676 2119 749; x_wconf 83' lang='lat' dir='ltr'>contemnant,</span> 
     </span>
     <span class='ocr_line' id='line_1_5' title="bbox 77 757 2117 855; baseline 0 -22"><span class='ocrx_word' id='word_1_52' title='bbox 77 778 199 837; x_wconf 89' lang='lat' dir='ltr'>nostra</span> <span class='ocrx_word' id='word_1_53' title='bbox 213 765 320 834; x_wconf 88' lang='lat' dir='ltr'>simul</span> <span class='ocrx_word' id='word_1_54' title='bbox 334 757 653 855; x_wconf 89' lang='lat' dir='ltr'>apprehendamus.</span> <span class='ocrx_word' id='word_1_55' title='bbox 1121 762 1178 830; x_wconf 90' lang='lat' dir='ltr'>vel</span> <span class='ocrx_word' id='word_1_56' title='bbox 1201 760 1399 851; x_wconf 81' lang='lat' dir='ltr'>negligant,</span> <span class='ocrx_word' id='word_1_57' title='bbox 1425 760 1481 829; x_wconf 88' lang='lat' dir='ltr'>vel</span> <span class='ocrx_word' id='word_1_58' title='bbox 1503 761 1653 851; x_wconf 90' lang='lat' dir='ltr'>superbe</span> <span class='ocrx_word' id='word_1_59' title='bbox 1673 762 1858 833; x_wconf 90' lang='lat' dir='ltr'>derideant</span> <span class='ocrx_word' id='word_1_60' title='bbox 1883 764 2008 849; x_wconf 90' lang='lat' dir='ltr'>etiam,</span> <span class='ocrx_word' id='word_1_61' title='bbox 2033 765 2117 835; x_wconf 87' lang='lat' dir='ltr'>satis</span> 
     </span>
     <span class='ocr_line' id='line_1_6' title="bbox 182 860 2116 961; baseline -0.001 -22"><span class='ocrx_word' id='word_1_62' title='bbox 182 866 300 961; x_wconf 92' lang='lat' dir='ltr'>thue</span> <span class='ocrx_word' id='word_1_63' title='bbox 317 890 398 936; x_wconf 90' lang='lat' dir='ltr'>cum</span> <span class='ocrx_word' id='word_1_64' title='bbox 420 888 584 935; x_wconf 88' lang='lat' dir='ltr'>serenum</span> <span class='ocrx_word' id='word_1_65' title='bbox 607 863 763 947; x_wconf 90' lang='lat' dir='ltr'>coelum,</span> <span class='ocrx_word' id='word_1_66' title='bbox 788 886 869 933; x_wconf 92' lang='lat' dir='ltr'>cum</span> <span class='ocrx_word' id='word_1_67' title='bbox 889 860 1070 953; x_wconf 86' lang='lat' dir='ltr'>tempesti-</span> <span class='ocrx_word' id='word_1_68' title='bbox 1122 864 1176 932; x_wconf 90' lang='lat' dir='ltr'>illi</span> <span class='ocrx_word' id='word_1_69' title='bbox 1193 862 1313 932; x_wconf 88' lang='lat' dir='ltr'>miseri</span> <span class='ocrx_word' id='word_1_70' title='bbox 1332 876 1435 943; x_wconf 89' lang='lat' dir='ltr'>suut,</span> <span class='ocrx_word' id='word_1_71' title='bbox 1462 876 1497 935; x_wconf 90' lang='lat' dir='ltr'>ct</span> <span class='ocrx_word' id='word_1_72' title='bbox 1520 886 1717 953; x_wconf 90' lang='lat' dir='ltr'>poenarum</span> <span class='ocrx_word' id='word_1_73' title='bbox 1743 864 1906 935; x_wconf 90' lang='lat' dir='ltr'>omnium</span> <span class='ocrx_word' id='word_1_74' title='bbox 1928 867 2116 937; x_wconf 86' lang='lat' dir='ltr'>maximam</span> 
     </span>
     <span class='ocr_line' id='line_1_7' title="bbox 74 963 2114 1059; baseline 0.002 -23"><span class='ocrx_word' id='word_1_75' title='bbox 74 994 161 1040; x_wconf 89' lang='lat' dir='ltr'>vum</span> <span class='ocrx_word' id='word_1_76' title='bbox 176 971 347 1048; x_wconf 89' lang='lat' dir='ltr'>imbrem,</span> <span class='ocrx_word' id='word_1_77' title='bbox 374 992 453 1037; x_wconf 92' lang='lat' dir='ltr'>cum</span> <span class='ocrx_word' id='word_1_78' title='bbox 469 968 608 1050; x_wconf 90' lang='lat' dir='ltr'>cibum,</span> <span class='ocrx_word' id='word_1_79' title='bbox 633 989 715 1035; x_wconf 89' lang='lat' dir='ltr'>cum</span> <span class='ocrx_word' id='word_1_80' title='bbox 735 977 881 1056; x_wconf 89' lang='lat' dir='ltr'>potum,</span> <span class='ocrx_word' id='word_1_81' title='bbox 905 988 984 1034; x_wconf 90' lang='lat' dir='ltr'>cum</span> <span class='ocrx_word' id='word_1_82' title='bbox 1002 964 1069 1033; x_wconf 90' lang='lat' dir='ltr'>bo-</span> <span class='ocrx_word' id='word_1_83' title='bbox 1120 964 1306 1036; x_wconf 86' lang='lat' dir='ltr'>sustinent.</span> <span class='ocrx_word' id='word_1_84' title='bbox 1356 963 1449 1036; x_wconf 87' lang='lat' dir='ltr'>Sunt</span> <span class='ocrx_word' id='word_1_85' title='bbox 1464 965 1558 1035; x_wconf 91' lang='lat' dir='ltr'>enim</span> <span class='ocrx_word' id='word_1_86' title='bbox 1572 967 1729 1059; x_wconf 88' lang='lat' dir='ltr'>oppressi</span> <span class='ocrx_word' id='word_1_87' title='bbox 1748 968 1931 1053; x_wconf 89' lang='lat' dir='ltr'>caecitate,</span> <span class='ocrx_word' id='word_1_88' title='bbox 1957 970 2114 1041; x_wconf 87' lang='lat' dir='ltr'>satanico</span> 
     </span>
     <span class='ocr_line' id='line_1_8' title="bbox 74 1066 2116 1165; baseline 0.001 -25"><span class='ocrx_word' id='word_1_89' title='bbox 74 1097 159 1142; x_wconf 91' lang='lat' dir='ltr'>nam</span> <span class='ocrx_word' id='word_1_90' title='bbox 177 1071 438 1154; x_wconf 89' lang='lat' dir='ltr'>valetudinem,</span> <span class='ocrx_word' id='word_1_91' title='bbox 468 1092 607 1161; x_wconf 88' lang='lat' dir='ltr'>pacem,</span> <span class='ocrx_word' id='word_1_92' title='bbox 632 1069 772 1160; x_wconf 86' lang='lat' dir='ltr'>aliaque</span> <span class='ocrx_word' id='word_1_93' title='bbox 790 1067 825 1137; x_wconf 92' lang='lat' dir='ltr'>id</span> <span class='ocrx_word' id='word_1_94' title='bbox 845 1089 958 1157; x_wconf 86' lang='lat' dir='ltr'>genus</span> <span class='ocrx_word' id='word_1_95' title='bbox 975 1067 1068 1135; x_wconf 91' lang='lat' dir='ltr'>vitae</span> <span class='ocrx_word' id='word_1_96' title='bbox 1120 1093 1258 1155; x_wconf 88' lang='lat' dir='ltr'>errore,</span> <span class='ocrx_word' id='word_1_97' title='bbox 1289 1068 1514 1157; x_wconf 83' lang='lat' dir='ltr'>ignoratione</span> <span class='ocrx_word' id='word_1_98' title='bbox 1544 1079 1579 1138; x_wconf 91' lang='lat' dir='ltr'>et</span> <span class='ocrx_word' id='word_1_99' title='bbox 1611 1069 1694 1140; x_wconf 92' lang='lat' dir='ltr'>odio</span> <span class='ocrx_word' id='word_1_100' title='bbox 1721 1066 1807 1156; x_wconf 87' lang='lat' dir='ltr'>Dei,</span> <span class='ocrx_word' id='word_1_101' title='bbox 1843 1085 1949 1165; x_wconf 90' lang='lat' dir='ltr'>atque</span> <span class='ocrx_word' id='word_1_102' title='bbox 1972 1086 2116 1143; x_wconf 91' lang='lat' dir='ltr'>aeterna</span> 
     </span>
     <span class='ocr_line' id='line_1_9' title="bbox 71 1164 2116 1268; baseline -0 -23"><span class='ocrx_word' id='word_1_103' title='bbox 71 1176 269 1267; x_wconf 88' lang='lat' dir='ltr'>praesentis</span> <span class='ocrx_word' id='word_1_104' title='bbox 295 1175 480 1242; x_wconf 89' lang='lat' dir='ltr'>commoda</span> <span class='ocrx_word' id='word_1_105' title='bbox 510 1172 615 1241; x_wconf 92' lang='lat' dir='ltr'>nobis</span> <span class='ocrx_word' id='word_1_106' title='bbox 646 1169 813 1258; x_wconf 90' lang='lat' dir='ltr'>largitur:</span> <span class='ocrx_word' id='word_1_107' title='bbox 853 1173 898 1238; x_wconf 89' lang='lat' dir='ltr'>ab</span> <span class='ocrx_word' id='word_1_108' title='bbox 919 1164 975 1238; x_wconf 93' lang='lat' dir='ltr'>his</span> <span class='ocrx_word' id='word_1_109' title='bbox 996 1168 1068 1237; x_wconf 90' lang='lat' dir='ltr'>ele-</span> <span class='ocrx_word' id='word_1_110' title='bbox 1119 1187 1249 1255; x_wconf 90' lang='lat' dir='ltr'>morte,</span> <span class='ocrx_word' id='word_1_111' title='bbox 1275 1171 1407 1264; x_wconf 90' lang='lat' dir='ltr'>quibus</span> <span class='ocrx_word' id='word_1_112' title='bbox 1429 1170 1553 1263; x_wconf 89' lang='lat' dir='ltr'>poenis</span> <span class='ocrx_word' id='word_1_113' title='bbox 1577 1172 1676 1241; x_wconf 91' lang='lat' dir='ltr'>nulla</span> <span class='ocrx_word' id='word_1_114' title='bbox 1699 1195 1745 1241; x_wconf 92' lang='lat' dir='ltr'>ne</span> <span class='ocrx_word' id='word_1_115' title='bbox 1765 1174 1857 1265; x_wconf 91' lang='lat' dir='ltr'>apud</span> <span class='ocrx_word' id='word_1_116' title='bbox 1885 1175 2017 1253; x_wconf 80' lang='lat' dir='ltr'>inferos</span> <span class='ocrx_word' id='word_1_117' title='bbox 2034 1175 2116 1268; x_wconf 91' lang='lat' dir='ltr'>qui-</span> 
     </span>
     <span class='ocr_line' id='line_1_10' title="bbox 72 1273 1595 1364; baseline -0.001 -18"><span class='ocrx_word' id='word_1_118' title='bbox 72 1279 202 1346; x_wconf 88' lang='lat' dir='ltr'>mentis</span> <span class='ocrx_word' id='word_1_119' title='bbox 226 1276 302 1345; x_wconf 92' lang='lat' dir='ltr'>vult</span> <span class='ocrx_word' id='word_1_120' title='bbox 331 1298 395 1346; x_wconf 91' lang='lat' dir='ltr'>nos</span> <span class='ocrx_word' id='word_1_121' title='bbox 426 1274 609 1364; x_wconf 83' lang='lat' dir='ltr'>progredi,</span> <span class='ocrx_word' id='word_1_122' title='bbox 641 1296 682 1343; x_wconf 87' lang='lat' dir='ltr'>ac</span> <span class='ocrx_word' id='word_1_123' title='bbox 706 1273 925 1342; x_wconf 89' lang='lat' dir='ltr'>voluntatem</span> <span class='ocrx_word' id='word_1_124' title='bbox 954 1294 1068 1356; x_wconf 89' lang='lat' dir='ltr'>suam,</span> <span class='ocrx_word' id='word_1_125' title='bbox 1118 1277 1199 1345; x_wconf 92' lang='lat' dir='ltr'>dem</span> <span class='ocrx_word' id='word_1_126' title='bbox 1216 1274 1370 1344; x_wconf 88' lang='lat' dir='ltr'>atrocior</span> <span class='ocrx_word' id='word_1_127' title='bbox 1384 1294 1457 1341; x_wconf 88' lang='lat' dir='ltr'>esse</span> <span class='ocrx_word' id='word_1_128' title='bbox 1473 1285 1595 1364; x_wconf 81' lang='lat' dir='ltr'>potest.</span> 
     </span>
     <span class='ocr_line' id='line_1_11' title="bbox 70 1373 2116 1469; baseline -0 -21"><span class='ocrx_word' id='word_1_129' title='bbox 70 1377 375 1461; x_wconf 84' lang='lat' dir='ltr'>benevolentiam,</span> <span class='ocrx_word' id='word_1_130' title='bbox 419 1377 582 1466; x_wconf 87' lang='lat' dir='ltr'>pictatem</span> <span class='ocrx_word' id='word_1_131' title='bbox 617 1389 651 1446; x_wconf 91' lang='lat' dir='ltr'>et</span> <span class='ocrx_word' id='word_1_132' title='bbox 689 1374 853 1445; x_wconf 86' lang='lat' dir='ltr'>affectum</span> <span class='ocrx_word' id='word_1_133' title='bbox 879 1374 1065 1466; x_wconf 84' lang='lat' dir='ltr'>plusquam</span> <span class='ocrx_word' id='word_1_134' title='bbox 1200 1376 1270 1447; x_wconf 85' lang='lat' dir='ltr'>Sed</span> <span class='ocrx_word' id='word_1_135' title='bbox 1288 1375 1369 1469; x_wconf 87' lang='lat' dir='ltr'>quia</span> <span class='ocrx_word' id='word_1_136' title='bbox 1384 1388 1418 1444; x_wconf 86' lang='lat' dir='ltr'>et</span> <span class='ocrx_word' id='word_1_137' title='bbox 1432 1377 1475 1444; x_wconf 93' lang='lat' dir='ltr'>de</span> <span class='ocrx_word' id='word_1_138' title='bbox 1492 1373 1571 1443; x_wconf 90' lang='lat' dir='ltr'>aliis</span> <span class='ocrx_word' id='word_1_139' title='bbox 1585 1376 1782 1468; x_wconf 87' lang='lat' dir='ltr'>disciplinis</span> <span class='ocrx_word' id='word_1_140' title='bbox 1795 1379 2012 1448; x_wconf 90' lang='lat' dir='ltr'>mentionem</span> <span class='ocrx_word' id='word_1_141' title='bbox 2029 1377 2116 1447; x_wconf 85' lang='lat' dir='ltr'>feci-</span> 
     </span>
     <span class='ocr_line' id='line_1_12' title="bbox 69 1472 2114 1573; baseline -0 -23"><span class='ocrx_word' id='word_1_142' title='bbox 69 1497 257 1572; x_wconf 83' lang='lat' dir='ltr'>paternnm</span> <span class='ocrx_word' id='word_1_143' title='bbox 273 1502 353 1569; x_wconf 89' lang='lat' dir='ltr'>erga</span> <span class='ocrx_word' id='word_1_144' title='bbox 370 1502 435 1547; x_wconf 91' lang='lat' dir='ltr'>nos</span> <span class='ocrx_word' id='word_1_145' title='bbox 450 1501 650 1569; x_wconf 90' lang='lat' dir='ltr'>agnoscere,</span> <span class='ocrx_word' id='word_1_146' title='bbox 674 1490 711 1547; x_wconf 95' lang='lat' dir='ltr'>ut</span> <span class='ocrx_word' id='word_1_147' title='bbox 728 1478 860 1546; x_wconf 90' lang='lat' dir='ltr'>deiude</span> <span class='ocrx_word' id='word_1_148' title='bbox 876 1491 1065 1548; x_wconf 90' lang='lat' dir='ltr'>etaeterua</span> <span class='ocrx_word' id='word_1_149' title='bbox 1119 1501 1216 1562; x_wconf 89' lang='lat' dir='ltr'>mus,</span> <span class='ocrx_word' id='word_1_150' title='bbox 1240 1501 1327 1572; x_wconf 88' lang='lat' dir='ltr'>quas</span> <span class='ocrx_word' id='word_1_151' title='bbox 1351 1472 1436 1547; x_wconf 91' lang='lat' dir='ltr'>haec</span> <span class='ocrx_word' id='word_1_152' title='bbox 1461 1478 1582 1567; x_wconf 91' lang='lat' dir='ltr'>lingua</span> <span class='ocrx_word' id='word_1_153' title='bbox 1608 1480 1783 1566; x_wconf 89' lang='lat' dir='ltr'>continet,</span> <span class='ocrx_word' id='word_1_154' title='bbox 1810 1482 1855 1549; x_wconf 88' lang='lat' dir='ltr'>de</span> <span class='ocrx_word' id='word_1_155' title='bbox 1877 1482 1949 1550; x_wconf 91' lang='lat' dir='ltr'>illis</span> <span class='ocrx_word' id='word_1_156' title='bbox 1971 1502 2114 1573; x_wconf 90' lang='lat' dir='ltr'>quoque</span> 
     </span>
     <span class='ocr_line' id='line_1_13' title="bbox 69 1574 2114 1674; baseline -0.001 -22"><span class='ocrx_word' id='word_1_157' title='bbox 69 1585 166 1654; x_wconf 92' lang='lat' dir='ltr'>bona</span> <span class='ocrx_word' id='word_1_158' title='bbox 187 1585 232 1653; x_wconf 90' lang='lat' dir='ltr'>ab</span> <span class='ocrx_word' id='word_1_159' title='bbox 256 1584 332 1673; x_wconf 85' lang='lat' dir='ltr'>ipso</span> <span class='ocrx_word' id='word_1_160' title='bbox 361 1605 502 1673; x_wconf 88' lang='lat' dir='ltr'>sperare</span> <span class='ocrx_word' id='word_1_161' title='bbox 527 1595 632 1674; x_wconf 91' lang='lat' dir='ltr'>atque</span> <span class='ocrx_word' id='word_1_162' title='bbox 665 1593 801 1670; x_wconf 86' lang='lat' dir='ltr'>petere,</span> <span class='ocrx_word' id='word_1_163' title='bbox 832 1595 936 1672; x_wconf 90' lang='lat' dir='ltr'>atque</span> <span class='ocrx_word' id='word_1_164' title='bbox 961 1579 1064 1649; x_wconf 89' lang='lat' dir='ltr'>ctiam</span> <span class='ocrx_word' id='word_1_165' title='bbox 1118 1580 1253 1674; x_wconf 90' lang='lat' dir='ltr'>aliquid</span> <span class='ocrx_word' id='word_1_166' title='bbox 1280 1574 1368 1648; x_wconf 89' lang='lat' dir='ltr'>mihi</span> <span class='ocrx_word' id='word_1_167' title='bbox 1392 1580 1638 1670; x_wconf 88' lang='lat' dir='ltr'>attingendum</span> <span class='ocrx_word' id='word_1_168' title='bbox 1657 1582 1809 1654; x_wconf 90' lang='lat' dir='ltr'>videtur.</span> <span class='ocrx_word' id='word_1_169' title='bbox 1860 1582 2025 1654; x_wconf 86' lang='lat' dir='ltr'>Diximus</span> <span class='ocrx_word' id='word_1_170' title='bbox 2043 1582 2114 1650; x_wconf 90' lang='lat' dir='ltr'>lin·</span> 
     </span>
     <span class='ocr_line' id='line_1_14' title="bbox 67 1676 2114 1779; baseline -0.001 -23"><span class='ocrx_word' id='word_1_171' title='bbox 67 1687 228 1776; x_wconf 88' lang='lat' dir='ltr'>accipere</span> <span class='ocrx_word' id='word_1_172' title='bbox 249 1685 437 1758; x_wconf 89' lang='lat' dir='ltr'>discamus.</span> <span class='ocrx_word' id='word_1_173' title='bbox 489 1681 540 1754; x_wconf 91' lang='lat' dir='ltr'>lta</span> <span class='ocrx_word' id='word_1_174' title='bbox 565 1685 651 1753; x_wconf 89' lang='lat' dir='ltr'>dum</span> <span class='ocrx_word' id='word_1_175' title='bbox 679 1676 953 1766; x_wconf 82' lang='lat' dir='ltr'>Arithmeticae,</span> <span class='ocrx_word' id='word_1_176' title='bbox 980 1678 1066 1751; x_wconf 89' lang='lat' dir='ltr'>Mu·</span> <span class='ocrx_word' id='word_1_177' title='bbox 1117 1705 1221 1773; x_wconf 92' lang='lat' dir='ltr'>guam</span> <span class='ocrx_word' id='word_1_178' title='bbox 1246 1680 1440 1767; x_wconf 85' lang='lat' dir='ltr'>Graecam,</span> <span class='ocrx_word' id='word_1_179' title='bbox 1472 1682 1672 1772; x_wconf 84' lang='lat' dir='ltr'>magistram</span> <span class='ocrx_word' id='word_1_180' title='bbox 1694 1700 1728 1755; x_wconf 89' lang='lat' dir='ltr'>et</span> <span class='ocrx_word' id='word_1_181' title='bbox 1752 1686 1852 1779; x_wconf 91' lang='lat' dir='ltr'>quasi</span> <span class='ocrx_word' id='word_1_182' title='bbox 1872 1685 2006 1756; x_wconf 88' lang='lat' dir='ltr'>lontem</span> <span class='ocrx_word' id='word_1_183' title='bbox 2031 1707 2114 1771; x_wconf 89' lang='lat' dir='ltr'>csse,</span> 
     </span>
     <span class='ocr_line' id='line_1_15' title="bbox 67 1783 2115 1881; baseline 0 -25"><span class='ocrx_word' id='word_1_184' title='bbox 67 1790 178 1869; x_wconf 87' lang='lat' dir='ltr'>sicae,</span> <span class='ocrx_word' id='word_1_185' title='bbox 205 1786 388 1859; x_wconf 92' lang='lat' dir='ltr'>doctrinae</span> <span class='ocrx_word' id='word_1_186' title='bbox 404 1787 448 1855; x_wconf 88' lang='lat' dir='ltr'>de</span> <span class='ocrx_word' id='word_1_187' title='bbox 472 1787 628 1856; x_wconf 88' lang='lat' dir='ltr'>motibus</span> <span class='ocrx_word' id='word_1_188' title='bbox 644 1783 850 1855; x_wconf 88' lang='lat' dir='ltr'>coelestium</span> <span class='ocrx_word' id='word_1_189' title='bbox 866 1807 1066 1876; x_wconf 91' lang='lat' dir='ltr'>corporum,</span> <span class='ocrx_word' id='word_1_190' title='bbox 1118 1809 1193 1855; x_wconf 91' lang='lat' dir='ltr'>non</span> <span class='ocrx_word' id='word_1_191' title='bbox 1210 1798 1348 1855; x_wconf 90' lang='lat' dir='ltr'>tantum</span> <span class='ocrx_word' id='word_1_192' title='bbox 1366 1783 1525 1855; x_wconf 88' lang='lat' dir='ltr'>coelestis</span> <span class='ocrx_word' id='word_1_193' title='bbox 1544 1785 1745 1873; x_wconf 88' lang='lat' dir='ltr'>doctrinae,</span> <span class='ocrx_word' id='word_1_194' title='bbox 1766 1789 1826 1857; x_wconf 89' lang='lat' dir='ltr'>sed</span> <span class='ocrx_word' id='word_1_195' title='bbox 1845 1802 1879 1858; x_wconf 91' lang='lat' dir='ltr'>et</span> <span class='ocrx_word' id='word_1_196' title='bbox 1895 1788 2115 1881; x_wconf 87' lang='lat' dir='ltr'>reliquarum</span> 
     </span>
     <span class='ocr_line' id='line_1_16' title="bbox 67 1881 2114 1978; baseline -0.001 -19"><span class='ocrx_word' id='word_1_197' title='bbox 67 1895 113 1960; x_wconf 88' lang='lat' dir='ltr'>de</span> <span class='ocrx_word' id='word_1_198' title='bbox 131 1904 258 1961; x_wconf 91' lang='lat' dir='ltr'>natura</span> <span class='ocrx_word' id='word_1_199' title='bbox 274 1913 413 1972; x_wconf 89' lang='lat' dir='ltr'>rerum,</span> <span class='ocrx_word' id='word_1_200' title='bbox 440 1885 661 1967; x_wconf 83' lang='lat' dir='ltr'>Medicinae,</span> <span class='ocrx_word' id='word_1_201' title='bbox 690 1911 843 1969; x_wconf 87' lang='lat' dir='ltr'>morum,</span> <span class='ocrx_word' id='word_1_202' title='bbox 870 1887 998 1975; x_wconf 88' lang='lat' dir='ltr'>legum,</span> <span class='ocrx_word' id='word_1_203' title='bbox 1026 1911 1066 1955; x_wconf 90' lang='lat' dir='ltr'>ac</span> <span class='ocrx_word' id='word_1_204' title='bbox 1117 1888 1268 1971; x_wconf 91' lang='lat' dir='ltr'>artium,</span> <span class='ocrx_word' id='word_1_205' title='bbox 1295 1901 1334 1955; x_wconf 93' lang='lat' dir='ltr'>ut</span> <span class='ocrx_word' id='word_1_206' title='bbox 1351 1881 1690 1978; x_wconf 90' lang='lat' dir='ltr'>pulcherrimarum,</span> <span class='ocrx_word' id='word_1_207' title='bbox 1717 1890 1764 1959; x_wconf 91' lang='lat' dir='ltr'>ita</span> <span class='ocrx_word' id='word_1_208' title='bbox 1781 1903 1814 1960; x_wconf 92' lang='lat' dir='ltr'>et</span> <span class='ocrx_word' id='word_1_209' title='bbox 1831 1884 2114 1960; x_wconf 85' lang='lat' dir='ltr'>vitaehumanae</span> 
     </span>
     <span class='ocr_line' id='line_1_17' title="bbox 68 1987 2114 2083; baseline -0.002 -20"><span class='ocrx_word' id='word_1_210' title='bbox 68 1994 271 2064; x_wconf 84' lang='lat' dir='ltr'>officiorum</span> <span class='ocrx_word' id='word_1_211' title='bbox 286 1991 457 2074; x_wconf 87' lang='lat' dir='ltr'>civilium,</span> <span class='ocrx_word' id='word_1_212' title='bbox 468 1991 689 2083; x_wconf 89' lang='lat' dir='ltr'>aliarumque</span> <span class='ocrx_word' id='word_1_213' title='bbox 704 1988 990 2059; x_wconf 85' lang='lat' dir='ltr'>dulcissimarum</span> <span class='ocrx_word' id='word_1_214' title='bbox 1007 2013 1062 2056; x_wconf 89' lang='lat' dir='ltr'>ar·</span> <span class='ocrx_word' id='word_1_215' title='bbox 1116 1994 1205 2060; x_wconf 90' lang='lat' dir='ltr'>adeo</span> <span class='ocrx_word' id='word_1_216' title='bbox 1221 1989 1511 2074; x_wconf 88' lang='lat' dir='ltr'>necessariarum,</span> <span class='ocrx_word' id='word_1_217' title='bbox 1532 2004 1572 2059; x_wconf 93' lang='lat' dir='ltr'>ut</span> <span class='ocrx_word' id='word_1_218' title='bbox 1587 2014 1662 2058; x_wconf 91' lang='lat' dir='ltr'>uon</span> <span class='ocrx_word' id='word_1_219' title='bbox 1677 1987 1735 2061; x_wconf 90' lang='lat' dir='ltr'>hic</span> <span class='ocrx_word' id='word_1_220' title='bbox 1749 1997 1809 2062; x_wconf 80' lang='lat' dir='ltr'>ae&#39;r</span> <span class='ocrx_word' id='word_1_221' title='bbox 1825 1993 1881 2060; x_wconf 91' lang='lat' dir='ltr'>vel</span> <span class='ocrx_word' id='word_1_222' title='bbox 1897 1991 1989 2081; x_wconf 89' lang='lat' dir='ltr'>ignis</span> <span class='ocrx_word' id='word_1_223' title='bbox 2003 1990 2114 2080; x_wconf 86' lang='lat' dir='ltr'>magis</span> 
     </span>
     <span class='ocr_line' id='line_1_18' title="bbox 66 2089 2114 2188; baseline -0.001 -25"><span class='ocrx_word' id='word_1_224' title='bbox 66 2096 158 2164; x_wconf 85' lang='lat' dir='ltr'>tium</span> <span class='ocrx_word' id='word_1_225' title='bbox 173 2094 393 2180; x_wconf 90' lang='lat' dir='ltr'>doctrinam,</span> <span class='ocrx_word' id='word_1_226' title='bbox 422 2118 483 2183; x_wconf 90' lang='lat' dir='ltr'>per</span> <span class='ocrx_word' id='word_1_227' title='bbox 507 2089 600 2162; x_wconf 75' lang='lat' dir='ltr'>ham</span> <span class='ocrx_word' id='word_1_228' title='bbox 623 2092 728 2161; x_wconf 90' lang='lat' dir='ltr'>nobis</span> <span class='ocrx_word' id='word_1_229' title='bbox 753 2092 910 2182; x_wconf 87' lang='lat' dir='ltr'>linguam</span> <span class='ocrx_word' id='word_1_230' title='bbox 935 2114 1064 2182; x_wconf 86' lang='lat' dir='ltr'>suppe-</span> <span class='ocrx_word' id='word_1_231' title='bbox 1117 2092 1332 2162; x_wconf 89' lang='lat' dir='ltr'>necessarius</span> <span class='ocrx_word' id='word_1_232' title='bbox 1358 2092 1415 2161; x_wconf 91' lang='lat' dir='ltr'>sit.</span> <span class='ocrx_word' id='word_1_233' title='bbox 1473 2090 1564 2160; x_wconf 89' lang='lat' dir='ltr'>Nam</span> <span class='ocrx_word' id='word_1_234' title='bbox 1588 2116 1629 2160; x_wconf 86' lang='lat' dir='ltr'>ex</span> <span class='ocrx_word' id='word_1_235' title='bbox 1655 2119 1723 2188; x_wconf 88' lang='lat' dir='ltr'>qua</span> <span class='ocrx_word' id='word_1_236' title='bbox 1750 2094 1819 2163; x_wconf 86' lang='lat' dir='ltr'>alia</span> <span class='ocrx_word' id='word_1_237' title='bbox 1846 2095 1990 2183; x_wconf 90' lang='lat' dir='ltr'>lingua,</span> <span class='ocrx_word' id='word_1_238' title='bbox 2024 2116 2114 2187; x_wconf 89' lang='lat' dir='ltr'>quae</span> 
     </span>
     <span class='ocr_line' id='line_1_19' title="bbox 65 2191 2113 2290; baseline -0.001 -24"><span class='ocrx_word' id='word_1_239' title='bbox 65 2199 174 2284; x_wconf 90' lang='lat' dir='ltr'>ditat,</span> <span class='ocrx_word' id='word_1_240' title='bbox 206 2201 251 2267; x_wconf 90' lang='lat' dir='ltr'>ab</span> <span class='ocrx_word' id='word_1_241' title='bbox 278 2199 397 2265; x_wconf 85' lang='lat' dir='ltr'>eadem</span> <span class='ocrx_word' id='word_1_242' title='bbox 427 2219 493 2265; x_wconf 87' lang='lat' dir='ltr'>nos</span> <span class='ocrx_word' id='word_1_243' title='bbox 519 2218 661 2289; x_wconf 86' lang='lat' dir='ltr'>quoque</span> <span class='ocrx_word' id='word_1_244' title='bbox 685 2195 762 2263; x_wconf 92' lang='lat' dir='ltr'>vult</span> <span class='ocrx_word' id='word_1_245' title='bbox 789 2207 907 2286; x_wconf 87' lang='lat' dir='ltr'>petere</span> <span class='ocrx_word' id='word_1_246' title='bbox 930 2194 1063 2263; x_wconf 88' lang='lat' dir='ltr'>doctri·</span> <span class='ocrx_word' id='word_1_247' title='bbox 1116 2195 1259 2290; x_wconf 91' lang='lat' dir='ltr'>quidem</span> <span class='ocrx_word' id='word_1_248' title='bbox 1276 2194 1381 2263; x_wconf 88' lang='lat' dir='ltr'>nohis</span> <span class='ocrx_word' id='word_1_249' title='bbox 1394 2207 1478 2263; x_wconf 90' lang='lat' dir='ltr'>nota</span> <span class='ocrx_word' id='word_1_250' title='bbox 1493 2217 1567 2262; x_wconf 89' lang='lat' dir='ltr'>esse</span> <span class='ocrx_word' id='word_1_251' title='bbox 1579 2208 1703 2286; x_wconf 86' lang='lat' dir='ltr'>potest,</span> <span class='ocrx_word' id='word_1_252' title='bbox 1719 2210 1757 2265; x_wconf 93' lang='lat' dir='ltr'>tu</span> <span class='ocrx_word' id='word_1_253' title='bbox 1771 2191 1860 2264; x_wconf 89' lang='lat' dir='ltr'>mihi</span> <span class='ocrx_word' id='word_1_254' title='bbox 1877 2210 1973 2287; x_wconf 89' lang='lat' dir='ltr'>petes</span> <span class='ocrx_word' id='word_1_255' title='bbox 1989 2217 2113 2264; x_wconf 90' lang='lat' dir='ltr'>omnes</span> 
     </span>
     <span class='ocr_line' id='line_1_20' title="bbox 65 2291 2113 2390; baseline -0.001 -22"><span class='ocrx_word' id='word_1_256' title='bbox 65 2325 150 2370; x_wconf 92' lang='lat' dir='ltr'>nam</span> <span class='ocrx_word' id='word_1_257' title='bbox 166 2305 211 2370; x_wconf 91' lang='lat' dir='ltr'>de</span> <span class='ocrx_word' id='word_1_258' title='bbox 233 2298 385 2369; x_wconf 89' lang='lat' dir='ltr'>aeternis</span> <span class='ocrx_word' id='word_1_259' title='bbox 407 2297 480 2367; x_wconf 90' lang='lat' dir='ltr'>suis</span> <span class='ocrx_word' id='word_1_260' title='bbox 506 2298 628 2378; x_wconf 87' lang='lat' dir='ltr'>bonis,</span> <span class='ocrx_word' id='word_1_261' title='bbox 655 2320 760 2389; x_wconf 91' lang='lat' dir='ltr'>quam</span> <span class='ocrx_word' id='word_1_262' title='bbox 779 2321 849 2364; x_wconf 88' lang='lat' dir='ltr'>una</span> <span class='ocrx_word' id='word_1_263' title='bbox 872 2320 953 2366; x_wconf 90' lang='lat' dir='ltr'>cum</span> <span class='ocrx_word' id='word_1_264' title='bbox 977 2295 1063 2388; x_wconf 87' lang='lat' dir='ltr'>ipsis</span> <span class='ocrx_word' id='word_1_265' title='bbox 1117 2321 1206 2390; x_wconf 90' lang='lat' dir='ltr'>pene</span> <span class='ocrx_word' id='word_1_266' title='bbox 1223 2310 1338 2389; x_wconf 90' lang='lat' dir='ltr'>partes</span> <span class='ocrx_word' id='word_1_267' title='bbox 1354 2291 1630 2389; x_wconf 79' lang='lat' dir='ltr'>Philosophiae?</span> <span class='ocrx_word' id='word_1_268' title='bbox 1669 2295 1771 2386; x_wconf 86' lang='lat' dir='ltr'>Quae</span> <span class='ocrx_word' id='word_1_269' title='bbox 1788 2298 1987 2380; x_wconf 76' lang='lat' dir='ltr'>mimalia,</span> <span class='ocrx_word' id='word_1_270' title='bbox 2013 2310 2053 2367; x_wconf 92' lang='lat' dir='ltr'>ut</span> <span class='ocrx_word' id='word_1_271' title='bbox 2069 2298 2113 2366; x_wconf 92' lang='lat' dir='ltr'>de</span> 
     </span>
     <span class='ocr_line' id='line_1_21' title="bbox 65 2396 2114 2490; baseline -0.002 -19"><span class='ocrx_word' id='word_1_272' title='bbox 65 2403 171 2472; x_wconf 90' lang='lat' dir='ltr'>bonis</span> <span class='ocrx_word' id='word_1_273' title='bbox 199 2400 304 2470; x_wconf 91' lang='lat' dir='ltr'>nobis</span> <span class='ocrx_word' id='word_1_274' title='bbox 332 2399 521 2490; x_wconf 90' lang='lat' dir='ltr'>praecipue</span> <span class='ocrx_word' id='word_1_275' title='bbox 544 2398 642 2488; x_wconf 91' lang='lat' dir='ltr'>cupit</span> <span class='ocrx_word' id='word_1_276' title='bbox 668 2398 852 2488; x_wconf 91' lang='lat' dir='ltr'>impertiri.</span> <span class='ocrx_word' id='word_1_277' title='bbox 911 2397 1001 2467; x_wconf 87' lang='lat' dir='ltr'>Nam</span> <span class='ocrx_word' id='word_1_278' title='bbox 1023 2414 1063 2470; x_wconf 91' lang='lat' dir='ltr'>ut</span> <span class='ocrx_word' id='word_1_279' title='bbox 1116 2396 1173 2469; x_wconf 84' lang='lat' dir='ltr'>his</span> <span class='ocrx_word' id='word_1_280' title='bbox 1198 2400 1321 2490; x_wconf 90' lang='lat' dir='ltr'>primis</span> <span class='ocrx_word' id='word_1_281' title='bbox 1341 2398 1634 2469; x_wconf 90' lang='lat' dir='ltr'>artibusdicendi</span> <span class='ocrx_word' id='word_1_282' title='bbox 1658 2413 1692 2469; x_wconf 91' lang='lat' dir='ltr'>ct</span> <span class='ocrx_word' id='word_1_283' title='bbox 1708 2399 1944 2470; x_wconf 90' lang='lat' dir='ltr'>ratiocinandi</span> <span class='ocrx_word' id='word_1_284' title='bbox 1969 2400 2038 2469; x_wconf 90' lang='lat' dir='ltr'>iam</span> <span class='ocrx_word' id='word_1_285' title='bbox 2059 2412 2114 2468; x_wconf 90' lang='lat' dir='ltr'>ta-</span> 
     </span>
     <span class='ocr_line' id='line_1_22' title="bbox 64 2496 2113 2592; baseline -0.001 -19"><span class='ocrx_word' id='word_1_286' title='bbox 64 2529 147 2573; x_wconf 92' lang='lat' dir='ltr'>vere</span> <span class='ocrx_word' id='word_1_287' title='bbox 171 2518 204 2572; x_wconf 93' lang='lat' dir='ltr'>et</span> <span class='ocrx_word' id='word_1_288' title='bbox 227 2503 283 2592; x_wconf 94' lang='lat' dir='ltr'>pie</span> <span class='ocrx_word' id='word_1_289' title='bbox 306 2501 395 2570; x_wconf 81' lang='lat' dir='ltr'>dixit</span> <span class='ocrx_word' id='word_1_290' title='bbox 416 2499 486 2568; x_wconf 86' lang='lat' dir='ltr'>ille.</span> <span class='ocrx_word' id='word_1_291' title='bbox 548 2497 654 2569; x_wconf 88' lang='lat' dir='ltr'>Nulla</span> <span class='ocrx_word' id='word_1_292' title='bbox 679 2523 779 2568; x_wconf 90' lang='lat' dir='ltr'>mens</span> <span class='ocrx_word' id='word_1_293' title='bbox 810 2496 965 2570; x_wconf 88' lang='lat' dir='ltr'>humana</span> <span class='ocrx_word' id='word_1_294' title='bbox 990 2516 1060 2571; x_wconf 91' lang='lat' dir='ltr'>tam</span> <span class='ocrx_word' id='word_1_295' title='bbox 1115 2526 1230 2589; x_wconf 85' lang='lat' dir='ltr'>ceam,</span> <span class='ocrx_word' id='word_1_296' title='bbox 1255 2496 1361 2573; x_wconf 92' lang='lat' dir='ltr'>habet</span> <span class='ocrx_word' id='word_1_297' title='bbox 1377 2502 1588 2572; x_wconf 85' lang='lat' dir='ltr'>eruditiores</span> <span class='ocrx_word' id='word_1_298' title='bbox 1609 2514 1670 2571; x_wconf 91' lang='lat' dir='ltr'>aut</span> <span class='ocrx_word' id='word_1_299' title='bbox 1694 2503 1906 2572; x_wconf 88' lang='lat' dir='ltr'>illustriores</span> <span class='ocrx_word' id='word_1_300' title='bbox 1924 2502 2113 2592; x_wconf 87' lang='lat' dir='ltr'>scriptores</span> 
     </span>
     <span class='ocr_line' id='line_1_23' title="bbox 63 2601 2112 2693; baseline 0 -20"><span class='ocrx_word' id='word_1_301' title='bbox 63 2629 169 2674; x_wconf 90' lang='lat' dir='ltr'>avara</span> <span class='ocrx_word' id='word_1_302' title='bbox 188 2617 223 2673; x_wconf 90' lang='lat' dir='ltr'>et</span> <span class='ocrx_word' id='word_1_303' title='bbox 240 2601 366 2692; x_wconf 88' lang='lat' dir='ltr'>cupida</span> <span class='ocrx_word' id='word_1_304' title='bbox 390 2615 591 2693; x_wconf 87' lang='lat' dir='ltr'>potestesse</span> <span class='ocrx_word' id='word_1_305' title='bbox 609 2601 804 2691; x_wconf 89' lang='lat' dir='ltr'>accipiendi</span> <span class='ocrx_word' id='word_1_306' title='bbox 829 2605 922 2671; x_wconf 89' lang='lat' dir='ltr'>bona</span> <span class='ocrx_word' id='word_1_307' title='bbox 941 2628 959 2671; x_wconf 92' lang='lat' dir='ltr'>a</span> <span class='ocrx_word' id='word_1_308' title='bbox 978 2603 1062 2688; x_wconf 88' lang='lat' dir='ltr'>Deo,</span> <span class='ocrx_word' id='word_1_309' title='bbox 1114 2606 1295 2676; x_wconf 86' lang='lat' dir='ltr'>doctrinae</span> <span class='ocrx_word' id='word_1_310' title='bbox 1313 2606 1355 2674; x_wconf 94' lang='lat' dir='ltr'>de</span> <span class='ocrx_word' id='word_1_311' title='bbox 1371 2605 1525 2674; x_wconf 87' lang='lat' dir='ltr'>motibus</span> <span class='ocrx_word' id='word_1_312' title='bbox 1543 2604 1747 2674; x_wconf 85' lang='lat' dir='ltr'>coelestium</span> <span class='ocrx_word' id='word_1_313' title='bbox 1763 2605 1960 2684; x_wconf 88' lang='lat' dir='ltr'>luminum,</span> <span class='ocrx_word' id='word_1_314' title='bbox 1986 2606 2030 2673; x_wconf 92' lang='lat' dir='ltr'>de</span> <span class='ocrx_word' id='word_1_315' title='bbox 2046 2627 2112 2673; x_wconf 90' lang='lat' dir='ltr'>na·</span> 
     </span>
     <span class='ocr_line' id='line_1_24' title="bbox 62 2704 2113 2800; baseline 0 -25"><span class='ocrx_word' id='word_1_316' title='bbox 62 2731 171 2799; x_wconf 90' lang='lat' dir='ltr'>quam</span> <span class='ocrx_word' id='word_1_317' title='bbox 188 2706 315 2795; x_wconf 86' lang='lat' dir='ltr'>cupida</span> <span class='ocrx_word' id='word_1_318' title='bbox 335 2718 368 2774; x_wconf 91' lang='lat' dir='ltr'>et</span> <span class='ocrx_word' id='word_1_319' title='bbox 393 2720 553 2795; x_wconf 87' lang='lat' dir='ltr'>prompta</span> <span class='ocrx_word' id='word_1_320' title='bbox 577 2718 628 2773; x_wconf 91' lang='lat' dir='ltr'>est</span> <span class='ocrx_word' id='word_1_321' title='bbox 644 2719 768 2773; x_wconf 88' lang='lat' dir='ltr'>natura</span> <span class='ocrx_word' id='word_1_322' title='bbox 785 2704 906 2773; x_wconf 90' lang='lat' dir='ltr'>divina</span> <span class='ocrx_word' id='word_1_323' title='bbox 929 2709 973 2775; x_wconf 95' lang='lat' dir='ltr'>ad</span> <span class='ocrx_word' id='word_1_324' title='bbox 989 2706 1061 2774; x_wconf 87' lang='lat' dir='ltr'>lar·</span> <span class='ocrx_word' id='word_1_325' title='bbox 1114 2721 1192 2777; x_wconf 90' lang='lat' dir='ltr'>tura</span> <span class='ocrx_word' id='word_1_326' title='bbox 1216 2731 1355 2792; x_wconf 89' lang='lat' dir='ltr'>rerum,</span> <span class='ocrx_word' id='word_1_327' title='bbox 1382 2708 1426 2775; x_wconf 94' lang='lat' dir='ltr'>de</span> <span class='ocrx_word' id='word_1_328' title='bbox 1452 2707 1655 2776; x_wconf 88' lang='lat' dir='ltr'>valetudine</span> <span class='ocrx_word' id='word_1_329' title='bbox 1676 2731 1866 2800; x_wconf 90' lang='lat' dir='ltr'>corporum</span> <span class='ocrx_word' id='word_1_330' title='bbox 1892 2722 2113 2792; x_wconf 90' lang='lat' dir='ltr'>nostrornm,</span> 
     </span>
     <span class='ocr_line' id='line_1_25' title="bbox 10 2801 1583 2899; baseline 0.001 -25"><span class='ocrx_word' id='word_1_331' title='bbox 10 2842 14 2847; x_wconf 96' lang='lat'>·</span> <span class='ocrx_word' id='word_1_332' title='bbox 61 2808 246 2897; x_wconf 82' lang='lat' dir='ltr'>gicmlum.</span> <span class='ocrx_word' id='word_1_333' title='bbox 295 2801 387 2874; x_wconf 90' lang='lat' dir='ltr'>Cum</span> <span class='ocrx_word' id='word_1_334' title='bbox 404 2805 513 2894; x_wconf 92' lang='lat' dir='ltr'>igitur</span> <span class='ocrx_word' id='word_1_335' title='bbox 538 2805 567 2891; x_wconf 78' lang='lat' dir='ltr'>is</span> <span class='ocrx_word' id='word_1_336' title='bbox 585 2805 646 2898; x_wconf 94' lang='lat' dir='ltr'>qui</span> <span class='ocrx_word' id='word_1_337' title='bbox 672 2804 795 2889; x_wconf 84' lang='lat' dir='ltr'>offert,</span> <span class='ocrx_word' id='word_1_338' title='bbox 820 2807 883 2899; x_wconf 92' lang='lat' dir='ltr'>qui</span> <span class='ocrx_word' id='word_1_339' title='bbox 898 2809 982 2877; x_wconf 86' lang='lat' dir='ltr'>dare</span> <span class='ocrx_word' id='word_1_340' title='bbox 998 2834 1060 2877; x_wconf 92' lang='lat' dir='ltr'>cu·</span> <span class='ocrx_word' id='word_1_341' title='bbox 1114 2835 1153 2878; x_wconf 90' lang='lat' dir='ltr'>ac</span> <span class='ocrx_word' id='word_1_342' title='bbox 1168 2809 1334 2878; x_wconf 87' lang='lat' dir='ltr'>remediis</span> <span class='ocrx_word' id='word_1_343' title='bbox 1350 2806 1583 2878; x_wconf 80' lang='lat' dir='ltr'>morborum?</span> 
     </span>
     <span class='ocr_line' id='line_1_26' title="bbox 58 2905 2112 3005; baseline 0.001 -29"><span class='ocrx_word' id='word_1_344' title='bbox 58 2910 114 3001; x_wconf 93' lang='lat' dir='ltr'>pit</span> <span class='ocrx_word' id='word_1_345' title='bbox 135 2906 366 2991; x_wconf 79' lang='lat' dir='ltr'>effusissime,</span> <span class='ocrx_word' id='word_1_346' title='bbox 391 2921 424 2977; x_wconf 96' lang='lat' dir='ltr'>et</span> <span class='ocrx_word' id='word_1_347' title='bbox 446 2905 591 3001; x_wconf 91' lang='lat' dir='ltr'>quidem</span> <span class='ocrx_word' id='word_1_348' title='bbox 617 2906 757 2976; x_wconf 86' lang='lat' dir='ltr'>infinita</span> <span class='ocrx_word' id='word_1_349' title='bbox 780 2907 895 2993; x_wconf 91' lang='lat' dir='ltr'>bona,</span> <span class='ocrx_word' id='word_1_350' title='bbox 921 2924 1059 3000; x_wconf 89' lang='lat' dir='ltr'>praesto</span> <span class='ocrx_word' id='word_1_351' title='bbox 1216 2907 1269 2981; x_wconf 83' lang='lat' dir='ltr'>Ex</span> <span class='ocrx_word' id='word_1_352' title='bbox 1293 2935 1361 3005; x_wconf 87' lang='lat' dir='ltr'>qua</span> <span class='ocrx_word' id='word_1_353' title='bbox 1380 2911 1448 2979; x_wconf 89' lang='lat' dir='ltr'>alia</span> <span class='ocrx_word' id='word_1_354' title='bbox 1474 2905 1659 2980; x_wconf 89' lang='lat' dir='ltr'>historiam</span> <span class='ocrx_word' id='word_1_355' title='bbox 1683 2908 1915 3000; x_wconf 91' lang='lat' dir='ltr'>imperiorum</span> <span class='ocrx_word' id='word_1_356' title='bbox 1935 2923 1977 2980; x_wconf 78' lang='lat' dir='ltr'>‘et</span> <span class='ocrx_word' id='word_1_357' title='bbox 1992 2932 2112 2979; x_wconf 91' lang='lat' dir='ltr'>rerum</span> 
     </span>
    </p>
   </div>
   <div class='ocr_carea' id='block_1_3' title="bbox 56 3004 2238 3104">
    <p class='ocr_par' dir='ltr' id='par_1_3' title="bbox 56 3004 2238 3104">
     <span class='ocr_line' id='line_1_27' title="bbox 56 3004 2238 3104; baseline 0.001 -25"><span class='ocrx_word' id='word_1_358' title='bbox 56 3010 174 3094; x_wconf 88' lang='lat' dir='ltr'>adsit,</span> <span class='ocrx_word' id='word_1_359' title='bbox 200 3026 234 3080; x_wconf 91' lang='lat' dir='ltr'>et</span> <span class='ocrx_word' id='word_1_360' title='bbox 251 3024 291 3079; x_wconf 96' lang='lat' dir='ltr'>ut</span> <span class='ocrx_word' id='word_1_361' title='bbox 304 3009 529 3101; x_wconf 88' lang='lat' dir='ltr'>accipiamus,</span> <span class='ocrx_word' id='word_1_362' title='bbox 558 3004 738 3094; x_wconf 85' lang='lat' dir='ltr'>hortetur,</span> <span class='ocrx_word' id='word_1_363' title='bbox 766 3010 907 3095; x_wconf 90' lang='lat' dir='ltr'>invitet,</span> <span class='ocrx_word' id='word_1_364' title='bbox 932 3015 1060 3084; x_wconf 91' lang='lat' dir='ltr'>obtru-</span> <span class='ocrx_word' id='word_1_365' title='bbox 1113 3027 1288 3104; x_wconf 91' lang='lat' dir='ltr'>gestarum</span> <span class='ocrx_word' id='word_1_366' title='bbox 1306 3015 1413 3084; x_wconf 89' lang='lat' dir='ltr'>totius</span> <span class='ocrx_word' id='word_1_367' title='bbox 1427 3012 1555 3082; x_wconf 90' lang='lat' dir='ltr'>mundi</span> <span class='ocrx_word' id='word_1_368' title='bbox 1571 3012 1755 3104; x_wconf 81' lang='lat' dir='ltr'>petemus?</span> <span class='ocrx_word' id='word_1_369' title='bbox 1784 3011 1843 3081; x_wconf 82' lang='lat' dir='ltr'>An</span> <span class='ocrx_word' id='word_1_370' title='bbox 1857 3035 1930 3082; x_wconf 91' lang='lat' dir='ltr'>non</span> <span class='ocrx_word' id='word_1_371' title='bbox 1947 3012 2112 3097; x_wconf 87' lang='lat' dir='ltr'>infantes,</span> <span class='ocrx_word' id='word_1_372' title='bbox 2235 3051 2238 3055; x_wconf 90' lang='lat'>·</span> 
     </span>
    </p>
   </div>
   <div class='ocr_carea' id='block_1_4' title="bbox 10 3111 2117 5563">
    <p class='ocr_par' dir='ltr' id='par_1_4' title="bbox 10 3111 2117 5563">
     <span class='ocr_line' id='line_1_28' title="bbox 10 3111 2113 3206; baseline 0 -24"><span class='ocrx_word' id='word_1_373' title='bbox 10 3172 17 3199; x_wconf 85' lang='lat'>,</span> <span class='ocrx_word' id='word_1_374' title='bbox 55 3116 120 3183; x_wconf 89' lang='lat' dir='ltr'>dat</span> <span class='ocrx_word' id='word_1_375' title='bbox 136 3113 290 3206; x_wconf 90' lang='lat' dir='ltr'>denique</span> <span class='ocrx_word' id='word_1_376' title='bbox 307 3111 410 3181; x_wconf 91' lang='lat' dir='ltr'>nobis</span> <span class='ocrx_word' id='word_1_377' title='bbox 426 3136 488 3182; x_wconf 84' lang='lat' dir='ltr'>sua</span> <span class='ocrx_word' id='word_1_378' title='bbox 504 3113 614 3179; x_wconf 89' lang='lat' dir='ltr'>dona:</span> <span class='ocrx_word' id='word_1_379' title='bbox 641 3124 772 3205; x_wconf 87' lang='lat' dir='ltr'>quanta</span> <span class='ocrx_word' id='word_1_380' title='bbox 787 3113 897 3182; x_wconf 84' lang='lat' dir='ltr'>fuerit</span> <span class='ocrx_word' id='word_1_381' title='bbox 912 3115 1059 3185; x_wconf 89' lang='lat' dir='ltr'>caecitas</span> <span class='ocrx_word' id='word_1_382' title='bbox 1112 3140 1158 3185; x_wconf 94' lang='lat' dir='ltr'>an</span> <span class='ocrx_word' id='word_1_383' title='bbox 1175 3137 1249 3183; x_wconf 90' lang='lat' dir='ltr'>non</span> <span class='ocrx_word' id='word_1_384' title='bbox 1267 3115 1417 3184; x_wconf 90' lang='lat' dir='ltr'>velutin</span> <span class='ocrx_word' id='word_1_385' title='bbox 1434 3115 1542 3183; x_wconf 90' lang='lat' dir='ltr'>densa</span> <span class='ocrx_word' id='word_1_386' title='bbox 1559 3112 1843 3202; x_wconf 85' lang='lat' dir='ltr'>caliginererum</span> <span class='ocrx_word' id='word_1_387' title='bbox 1861 3114 1995 3183; x_wconf 85' lang='lat' dir='ltr'>versari</span> <span class='ocrx_word' id='word_1_388' title='bbox 2011 3116 2113 3183; x_wconf 90' lang='lat' dir='ltr'>vide-</span> 
     </span>
     <span class='ocr_line' id='line_1_29' title="bbox 10 3204 2112 3309; baseline 0.001 -26"><span class='ocrx_word' id='word_1_389' title='bbox 10 3204 16 3301; x_wconf 66' lang='lat' dir='ltr'>J</span> <span class='ocrx_word' id='word_1_390' title='bbox 55 3227 362 3308; x_wconf 66' lang='lat' dir='ltr'>nostra,‚quanta</span> <span class='ocrx_word' id='word_1_391' title='bbox 384 3212 620 3305; x_wconf 89' lang='lat' dir='ltr'>ingratitudo,</span> <span class='ocrx_word' id='word_1_392' title='bbox 647 3213 859 3309; x_wconf 88' lang='lat' dir='ltr'>quantisque</span> <span class='ocrx_word' id='word_1_393' title='bbox 874 3238 914 3284; x_wconf 90' lang='lat' dir='ltr'>ea</span> <span class='ocrx_word' id='word_1_394' title='bbox 936 3218 1059 3307; x_wconf 84' lang='lat' dir='ltr'>poeuis</span> <span class='ocrx_word' id='word_1_395' title='bbox 1112 3217 1254 3302; x_wconf 89' lang='lat' dir='ltr'>bimur,</span> <span class='ocrx_word' id='word_1_396' title='bbox 1278 3218 1307 3285; x_wconf 91' lang='lat' dir='ltr'>si</span> <span class='ocrx_word' id='word_1_397' title='bbox 1327 3210 1392 3285; x_wconf 88' lang='lat' dir='ltr'>hac</span> <span class='ocrx_word' id='word_1_398' title='bbox 1408 3216 1487 3285; x_wconf 91' lang='lat' dir='ltr'>luce</span> <span class='ocrx_word' id='word_1_399' title='bbox 1502 3214 1760 3286; x_wconf 81' lang='lat' dir='ltr'>destituamur?</span> <span class='ocrx_word' id='word_1_400' title='bbox 1796 3211 1868 3285; x_wconf 90' lang='lat' dir='ltr'>Ubi</span> <span class='ocrx_word' id='word_1_401' title='bbox 1885 3216 1980 3285; x_wconf 89' lang='lat' dir='ltr'>enim</span> <span class='ocrx_word' id='word_1_402' title='bbox 1999 3211 2112 3286; x_wconf 88' lang='lat' dir='ltr'>histo·</span> 
     </span>
     <span class='ocr_line' id='line_1_30' title="bbox 54 3311 2112 3407; baseline 0 -21"><span class='ocrx_word' id='word_1_403' title='bbox 54 3317 297 3387; x_wconf 82' lang='lat' dir='ltr'>infernalibus</span> <span class='ocrx_word' id='word_1_404' title='bbox 310 3315 430 3407; x_wconf 87' lang='lat' dir='ltr'>digna,</span> <span class='ocrx_word' id='word_1_405' title='bbox 448 3315 478 3384; x_wconf 90' lang='lat' dir='ltr'>si</span> <span class='ocrx_word' id='word_1_406' title='bbox 495 3311 591 3386; x_wconf 89' lang='lat' dir='ltr'>hunc</span> <span class='ocrx_word' id='word_1_407' title='bbox 606 3328 757 3399; x_wconf 91' lang='lat' dir='ltr'>tantum,</span> <span class='ocrx_word' id='word_1_408' title='bbox 774 3329 845 3387; x_wconf 88' lang='lat' dir='ltr'>tam</span> <span class='ocrx_word' id='word_1_409' title='bbox 861 3318 1057 3407; x_wconf 86' lang='lat' dir='ltr'>benignum</span> <span class='ocrx_word' id='word_1_410' title='bbox 1110 3320 1163 3390; x_wconf 89' lang='lat' dir='ltr'>ria</span> <span class='ocrx_word' id='word_1_411' title='bbox 1179 3343 1359 3389; x_wconf 91' lang='lat' dir='ltr'>sacrorum</span> <span class='ocrx_word' id='word_1_412' title='bbox 1375 3319 1550 3388; x_wconf 92' lang='lat' dir='ltr'>librorum</span> <span class='ocrx_word' id='word_1_413' title='bbox 1565 3316 1710 3400; x_wconf 85' lang='lat' dir='ltr'>desinit,</span> <span class='ocrx_word' id='word_1_414' title='bbox 1736 3316 1788 3386; x_wconf 89' lang='lat' dir='ltr'>ibi</span> <span class='ocrx_word' id='word_1_415' title='bbox 1806 3313 1945 3387; x_wconf 89' lang='lat' dir='ltr'>Graeca</span> <span class='ocrx_word' id='word_1_416' title='bbox 1962 3312 2112 3387; x_wconf 83' lang='lat' dir='ltr'>historia</span> 
     </span>
     <span class='ocr_line' id='line_1_31' title="bbox 56 3418 2110 3514; baseline 0 -25"><span class='ocrx_word' id='word_1_417' title='bbox 56 3444 99 3489; x_wconf 86' lang='lat' dir='ltr'>ac</span> <span class='ocrx_word' id='word_1_418' title='bbox 130 3418 338 3491; x_wconf 84' lang='lat' dir='ltr'>munificum</span> <span class='ocrx_word' id='word_1_419' title='bbox 373 3420 552 3502; x_wconf 88' lang='lat' dir='ltr'>datorem,</span> <span class='ocrx_word' id='word_1_420' title='bbox 591 3441 673 3487; x_wconf 89' lang='lat' dir='ltr'>cum</span> <span class='ocrx_word' id='word_1_421' title='bbox 703 3419 777 3488; x_wconf 87' lang='lat' dir='ltr'>suis</span> <span class='ocrx_word' id='word_1_422' title='bbox 811 3421 919 3491; x_wconf 91' lang='lat' dir='ltr'>tantis</span> <span class='ocrx_word' id='word_1_423' title='bbox 953 3423 1058 3491; x_wconf 90' lang='lat' dir='ltr'>donis</span> <span class='ocrx_word' id='word_1_424' title='bbox 1111 3421 1256 3514; x_wconf 89' lang='lat' dir='ltr'>incipit,</span> <span class='ocrx_word' id='word_1_425' title='bbox 1290 3435 1323 3492; x_wconf 90' lang='lat' dir='ltr'>et</span> <span class='ocrx_word' id='word_1_426' title='bbox 1346 3420 1532 3492; x_wconf 80' lang='lat' dir='ltr'>manifeste</span> <span class='ocrx_word' id='word_1_427' title='bbox 1561 3421 1725 3512; x_wconf 85' lang='lat' dir='ltr'>adparet,</span> <span class='ocrx_word' id='word_1_428' title='bbox 1756 3418 1929 3508; x_wconf 88' lang='lat' dir='ltr'>singulari</span> <span class='ocrx_word' id='word_1_429' title='bbox 1959 3419 2110 3490; x_wconf 90' lang='lat' dir='ltr'>consilio</span> 
     </span>
     <span class='ocr_line' id='line_1_32' title="bbox 53 3517 2110 3616; baseline 0 -25"><span class='ocrx_word' id='word_1_430' title='bbox 53 3520 292 3613; x_wconf 76' lang='lat' dir='ltr'>respuamus?</span> <span class='ocrx_word' id='word_1_431' title='bbox 1110 3524 1235 3594; x_wconf 89' lang='lat' dir='ltr'>divino</span> <span class='ocrx_word' id='word_1_432' title='bbox 1255 3523 1304 3594; x_wconf 89' lang='lat' dir='ltr'>ita</span> <span class='ocrx_word' id='word_1_433' title='bbox 1319 3538 1562 3616; x_wconf 87' lang='lat' dir='ltr'>comparatum</span> <span class='ocrx_word' id='word_1_434' title='bbox 1578 3545 1664 3606; x_wconf 89' lang='lat' dir='ltr'>esse,</span> <span class='ocrx_word' id='word_1_435' title='bbox 1690 3545 1736 3591; x_wconf 90' lang='lat' dir='ltr'>ne</span> <span class='ocrx_word' id='word_1_436' title='bbox 1753 3522 1889 3592; x_wconf 88' lang='lat' dir='ltr'>deesset</span> <span class='ocrx_word' id='word_1_437' title='bbox 1904 3522 2025 3611; x_wconf 87' lang='lat' dir='ltr'>generi</span> <span class='ocrx_word' id='word_1_438' title='bbox 2041 3517 2110 3592; x_wconf 90' lang='lat' dir='ltr'>hu·</span> 
     </span>
     <span class='ocr_line' id='line_1_33' title="bbox 162 3620 2110 3717; baseline -0.002 -21"><span class='ocrx_word' id='word_1_439' title='bbox 162 3622 232 3696; x_wconf 87' lang='lat' dir='ltr'>Sed</span> <span class='ocrx_word' id='word_1_440' title='bbox 256 3646 330 3694; x_wconf 93' lang='lat' dir='ltr'>non</span> <span class='ocrx_word' id='word_1_441' title='bbox 347 3624 408 3693; x_wconf 89' lang='lat' dir='ltr'>dat</span> <span class='ocrx_word' id='word_1_442' title='bbox 425 3622 486 3693; x_wconf 91' lang='lat' dir='ltr'>ille</span> <span class='ocrx_word' id='word_1_443' title='bbox 510 3621 718 3693; x_wconf 89' lang='lat' dir='ltr'>nolentibus</span> <span class='ocrx_word' id='word_1_444' title='bbox 737 3646 779 3693; x_wconf 90' lang='lat' dir='ltr'>ac</span> <span class='ocrx_word' id='word_1_445' title='bbox 800 3626 1057 3707; x_wconf 85' lang='lat' dir='ltr'>recusantibus,</span> <span class='ocrx_word' id='word_1_446' title='bbox 1109 3651 1215 3698; x_wconf 90' lang='lat' dir='ltr'>mano</span> <span class='ocrx_word' id='word_1_447' title='bbox 1232 3627 1403 3697; x_wconf 87' lang='lat' dir='ltr'>continua</span> <span class='ocrx_word' id='word_1_448' title='bbox 1418 3620 1567 3696; x_wconf 89' lang='lat' dir='ltr'>historia</span> <span class='ocrx_word' id='word_1_449' title='bbox 1584 3623 1855 3717; x_wconf 89' lang='lat' dir='ltr'>praecipuarum</span> <span class='ocrx_word' id='word_1_450' title='bbox 1870 3648 2001 3709; x_wconf 88' lang='lat' dir='ltr'>rernm,</span> <span class='ocrx_word' id='word_1_451' title='bbox 2025 3623 2110 3694; x_wconf 91' lang='lat' dir='ltr'>iude</span> 
     </span>
     <span class='ocr_line' id='line_1_34' title="bbox 53 3726 2109 3823; baseline -0 -26"><span class='ocrx_word' id='word_1_452' title='bbox 53 3750 133 3797; x_wconf 91' lang='lat' dir='ltr'>non</span> <span class='ocrx_word' id='word_1_453' title='bbox 151 3729 210 3797; x_wconf 90' lang='lat' dir='ltr'>dat</span> <span class='ocrx_word' id='word_1_454' title='bbox 227 3726 532 3817; x_wconf 89' lang='lat' dir='ltr'>contemptoribus</span> <span class='ocrx_word' id='word_1_455' title='bbox 555 3749 702 3795; x_wconf 89' lang='lat' dir='ltr'>suorum</span> <span class='ocrx_word' id='word_1_456' title='bbox 719 3727 989 3821; x_wconf 83' lang='lat' dir='ltr'>beneficiorum:</span> <span class='ocrx_word' id='word_1_457' title='bbox 1016 3743 1057 3802; x_wconf 91' lang='lat' dir='ltr'>ut</span> <span class='ocrx_word' id='word_1_458' title='bbox 1110 3753 1221 3823; x_wconf 90' lang='lat' dir='ltr'>usque</span> <span class='ocrx_word' id='word_1_459' title='bbox 1248 3729 1294 3799; x_wconf 91' lang='lat' dir='ltr'>ab</span> <span class='ocrx_word' id='word_1_460' title='bbox 1321 3728 1426 3799; x_wconf 90' lang='lat' dir='ltr'>initio</span> <span class='ocrx_word' id='word_1_461' title='bbox 1459 3729 1606 3814; x_wconf 86' lang='lat' dir='ltr'>mundi,</span> <span class='ocrx_word' id='word_1_462' title='bbox 1644 3729 1739 3797; x_wconf 93' lang='lat' dir='ltr'>unde</span> <span class='ocrx_word' id='word_1_463' title='bbox 1771 3726 1876 3795; x_wconf 91' lang='lat' dir='ltr'>etiam</span> <span class='ocrx_word' id='word_1_464' title='bbox 1912 3726 2109 3818; x_wconf 84' lang='lat' dir='ltr'>primordia</span> 
     </span>
     <span class='ocr_line' id='line_1_35' title="bbox 50 3827 2108 3923; baseline -0.002 -22"><span class='ocrx_word' id='word_1_465' title='bbox 50 3829 167 3919; x_wconf 86' lang='lat' dir='ltr'>igitur</span> <span class='ocrx_word' id='word_1_466' title='bbox 188 3829 421 3920; x_wconf 89' lang='lat' dir='ltr'>accipiamus,</span> <span class='ocrx_word' id='word_1_467' title='bbox 454 3853 582 3920; x_wconf 91' lang='lat' dir='ltr'>cupere</span> <span class='ocrx_word' id='word_1_468' title='bbox 607 3852 673 3898; x_wconf 89' lang='lat' dir='ltr'>nos</span> <span class='ocrx_word' id='word_1_469' title='bbox 702 3841 737 3900; x_wconf 86' lang='lat' dir='ltr'>ct</span> <span class='ocrx_word' id='word_1_470' title='bbox 761 3843 879 3922; x_wconf 91' lang='lat' dir='ltr'>petere</span> <span class='ocrx_word' id='word_1_471' title='bbox 904 3846 1055 3923; x_wconf 89' lang='lat' dir='ltr'>oportet.</span> <span class='ocrx_word' id='word_1_472' title='bbox 1108 3856 1148 3903; x_wconf 89' lang='lat' dir='ltr'>ac</span> <span class='ocrx_word' id='word_1_473' title='bbox 1176 3834 1292 3902; x_wconf 81' lang='lat' dir='ltr'>sontes</span> <span class='ocrx_word' id='word_1_474' title='bbox 1319 3856 1422 3902; x_wconf 90' lang='lat' dir='ltr'>verae</span> <span class='ocrx_word' id='word_1_475' title='bbox 1448 3830 1632 3921; x_wconf 88' lang='lat' dir='ltr'>religionis</span> <span class='ocrx_word' id='word_1_476' title='bbox 1659 3828 1864 3918; x_wconf 87' lang='lat' dir='ltr'>investigari</span> <span class='ocrx_word' id='word_1_477' title='bbox 1892 3852 1932 3898; x_wconf 93' lang='lat' dir='ltr'>ac</span> <span class='ocrx_word' id='word_1_478' title='bbox 1957 3827 2108 3921; x_wconf 86' lang='lat' dir='ltr'>perspici</span> 
     </span>
     <span class='ocr_line' id='line_1_36' title="bbox 50 3926 1265 4027; baseline 0.001 -24"><span class='ocrx_word' id='word_1_479' title='bbox 50 3926 106 4003; x_wconf 82' lang='lat' dir='ltr'>Et</span> <span class='ocrx_word' id='word_1_480' title='bbox 127 3944 262 4025; x_wconf 84' lang='lat' dir='ltr'>quanto</span> <span class='ocrx_word' id='word_1_481' title='bbox 290 3930 431 4000; x_wconf 87' lang='lat' dir='ltr'>avidius</span> <span class='ocrx_word' id='word_1_482' title='bbox 452 3930 653 4021; x_wconf 84' lang='lat' dir='ltr'>cupiemus,</span> <span class='ocrx_word' id='word_1_483' title='bbox 685 3946 819 4025; x_wconf 91' lang='lat' dir='ltr'>quanto</span> <span class='ocrx_word' id='word_1_484' title='bbox 847 3933 1057 4026; x_wconf 89' lang='lat' dir='ltr'>improbius,</span> <span class='ocrx_word' id='word_1_485' title='bbox 1109 3949 1265 4027; x_wconf 86' lang='lat' dir='ltr'>possent.</span> 
     </span>
     <span class='ocr_line' id='line_1_37' title="bbox 51 4031 2108 4128; baseline 0 -25"><span class='ocrx_word' id='word_1_486' title='bbox 51 4034 130 4103; x_wconf 93' lang='lat' dir='ltr'>imo</span> <span class='ocrx_word' id='word_1_487' title='bbox 156 4057 240 4102; x_wconf 89' lang='lat' dir='ltr'>vero</span> <span class='ocrx_word' id='word_1_488' title='bbox 263 4047 399 4126; x_wconf 86' lang='lat' dir='ltr'>quanto</span> <span class='ocrx_word' id='word_1_489' title='bbox 422 4031 664 4126; x_wconf 88' lang='lat' dir='ltr'>importunius</span> <span class='ocrx_word' id='word_1_490' title='bbox 694 4034 923 4121; x_wconf 60' lang='lat' dir='ltr'>distabimus,</span> <span class='ocrx_word' id='word_1_491' title='bbox 955 4051 1054 4109; x_wconf 86' lang='lat' dir='ltr'>tanto</span> <span class='ocrx_word' id='word_1_492' title='bbox 1208 4033 1306 4107; x_wconf 88' lang='lat' dir='ltr'>Haec</span> <span class='ocrx_word' id='word_1_493' title='bbox 1329 4036 1428 4106; x_wconf 90' lang='lat' dir='ltr'>nulla</span> <span class='ocrx_word' id='word_1_494' title='bbox 1452 4035 1521 4105; x_wconf 90' lang='lat' dir='ltr'>alia</span> <span class='ocrx_word' id='word_1_495' title='bbox 1547 4034 1669 4124; x_wconf 89' lang='lat' dir='ltr'>lingua</span> <span class='ocrx_word' id='word_1_496' title='bbox 1689 4033 1910 4123; x_wconf 90' lang='lat' dir='ltr'>suppeditat:</span> <span class='ocrx_word' id='word_1_497' title='bbox 1937 4033 2108 4128; x_wconf 87' lang='lat' dir='ltr'>namqui</span> 
     </span>
     <span class='ocr_line' id='line_1_38' title="bbox 50 4133 2117 4231; baseline -0 -26"><span class='ocrx_word' id='word_1_498' title='bbox 50 4134 196 4231; x_wconf 86' lang='lat' dir='ltr'>plenius</span> <span class='ocrx_word' id='word_1_499' title='bbox 214 4136 275 4205; x_wconf 87' lang='lat' dir='ltr'>illc</span> <span class='ocrx_word' id='word_1_500' title='bbox 297 4137 391 4204; x_wconf 87' lang='lat' dir='ltr'>bona</span> <span class='ocrx_word' id='word_1_501' title='bbox 407 4156 470 4205; x_wconf 87' lang='lat' dir='ltr'>sua</span> <span class='ocrx_word' id='word_1_502' title='bbox 487 4135 523 4204; x_wconf 92' lang='lat' dir='ltr'>in</span> <span class='ocrx_word' id='word_1_503' title='bbox 541 4159 607 4206; x_wconf 90' lang='lat' dir='ltr'>uos</span> <span class='ocrx_word' id='word_1_504' title='bbox 624 4134 793 4207; x_wconf 79' lang='lat' dir='ltr'>effundet.</span> <span class='ocrx_word' id='word_1_505' title='bbox 846 4136 951 4210; x_wconf 84' lang='lat' dir='ltr'>Tunc</span> <span class='ocrx_word' id='word_1_506' title='bbox 966 4165 1053 4210; x_wconf 90' lang='lat' dir='ltr'>vero</span> <span class='ocrx_word' id='word_1_507' title='bbox 1106 4163 1148 4209; x_wconf 82' lang='lat' dir='ltr'>ex</span> <span class='ocrx_word' id='word_1_508' title='bbox 1164 4135 1339 4211; x_wconf 86' lang='lat' dir='ltr'>Romanis</span> <span class='ocrx_word' id='word_1_509' title='bbox 1361 4138 1563 4209; x_wconf 83' lang='lat' dir='ltr'>uberrimus</span> <span class='ocrx_word' id='word_1_510' title='bbox 1578 4150 1649 4223; x_wconf 89' lang='lat' dir='ltr'>est,</span> <span class='ocrx_word' id='word_1_511' title='bbox 1678 4133 1824 4220; x_wconf 86' lang='lat' dir='ltr'>Livius,</span> <span class='ocrx_word' id='word_1_512' title='bbox 1850 4136 1880 4204; x_wconf 88' lang='lat' dir='ltr'>is</span> <span class='ocrx_word' id='word_1_513' title='bbox 1901 4136 2009 4206; x_wconf 88' lang='lat' dir='ltr'>unius</span> <span class='ocrx_word' id='word_1_514' title='bbox 2026 4149 2117 4208; x_wconf 90' lang='lat' dir='ltr'>tan--</span> 
     </span>
     <span class='ocr_line' id='line_1_39' title="bbox 49 4237 2106 4332; baseline -0.002 -22"><span class='ocrx_word' id='word_1_515' title='bbox 49 4261 184 4329; x_wconf 90' lang='lat' dir='ltr'>cupere</span> <span class='ocrx_word' id='word_1_516' title='bbox 218 4260 283 4307; x_wconf 91' lang='lat' dir='ltr'>nos</span> <span class='ocrx_word' id='word_1_517' title='bbox 317 4237 575 4323; x_wconf 87' lang='lat' dir='ltr'>indicabimus,</span> <span class='ocrx_word' id='word_1_518' title='bbox 614 4262 695 4306; x_wconf 91' lang='lat' dir='ltr'>cum</span> <span class='ocrx_word' id='word_1_519' title='bbox 731 4239 916 4310; x_wconf 90' lang='lat' dir='ltr'>coelestem</span> <span class='ocrx_word' id='word_1_520' title='bbox 952 4242 1053 4313; x_wconf 90' lang='lat' dir='ltr'>verbi</span> <span class='ocrx_word' id='word_1_521' title='bbox 1106 4256 1182 4312; x_wconf 89' lang='lat' dir='ltr'>tum</span> <span class='ocrx_word' id='word_1_522' title='bbox 1205 4241 1320 4329; x_wconf 89' lang='lat' dir='ltr'>gentis</span> <span class='ocrx_word' id='word_1_523' title='bbox 1341 4237 1527 4312; x_wconf 91' lang='lat' dir='ltr'>historiam</span> <span class='ocrx_word' id='word_1_524' title='bbox 1557 4237 1743 4332; x_wconf 82' lang='lat' dir='ltr'>pertexuit.</span> <span class='ocrx_word' id='word_1_525' title='bbox 1804 4238 1947 4308; x_wconf 86' lang='lat' dir='ltr'>Caeteri</span> <span class='ocrx_word' id='word_1_526' title='bbox 1977 4239 2106 4332; x_wconf 89' lang='lat' dir='ltr'>partim</span> 
     </span>
     <span class='ocr_line' id='line_1_40' title="bbox 48 4335 2107 4435; baseline 0 -23"><span class='ocrx_word' id='word_1_527' title='bbox 48 4341 167 4434; x_wconf 87' lang='lat' dir='ltr'>ipsius</span> <span class='ocrx_word' id='word_1_528' title='bbox 185 4339 402 4423; x_wconf 86' lang='lat' dir='ltr'>doctrinam,</span> <span class='ocrx_word' id='word_1_529' title='bbox 429 4339 695 4435; x_wconf 87' lang='lat' dir='ltr'>quaeomnium</span> <span class='ocrx_word' id='word_1_530' title='bbox 718 4335 848 4412; x_wconf 90' lang='lat' dir='ltr'>horum</span> <span class='ocrx_word' id='word_1_531' title='bbox 872 4344 1051 4416; x_wconf 92' lang='lat' dir='ltr'>bonorum</span> <span class='ocrx_word' id='word_1_532' title='bbox 1106 4343 1245 4424; x_wconf 87' lang='lat' dir='ltr'>mutili,</span> <span class='ocrx_word' id='word_1_533' title='bbox 1290 4344 1418 4435; x_wconf 86' lang='lat' dir='ltr'>partim</span> <span class='ocrx_word' id='word_1_534' title='bbox 1461 4344 1565 4412; x_wconf 86' lang='lat' dir='ltr'>etiam</span> <span class='ocrx_word' id='word_1_535' title='bbox 1610 4340 1745 4411; x_wconf 89' lang='lat' dir='ltr'>indocti</span> <span class='ocrx_word' id='word_1_536' title='bbox 1787 4340 1973 4434; x_wconf 87' lang='lat' dir='ltr'>ineptique</span> <span class='ocrx_word' id='word_1_537' title='bbox 2012 4351 2107 4412; x_wconf 88' lang='lat' dir='ltr'>sunt.</span> 
     </span>
     <span class='ocr_line' id='line_1_41' title="bbox 46 4442 2106 4535; baseline -0.001 -21"><span class='ocrx_word' id='word_1_538' title='bbox 46 4443 200 4514; x_wconf 89' lang='lat' dir='ltr'>unicum</span> <span class='ocrx_word' id='word_1_539' title='bbox 218 4466 311 4534; x_wconf 87' lang='lat' dir='ltr'>penu</span> <span class='ocrx_word' id='word_1_540' title='bbox 326 4457 396 4528; x_wconf 90' lang='lat' dir='ltr'>est,</span> <span class='ocrx_word' id='word_1_541' title='bbox 422 4442 601 4525; x_wconf 88' lang='lat' dir='ltr'>sitiemus,</span> <span class='ocrx_word' id='word_1_542' title='bbox 627 4466 706 4512; x_wconf 89' lang='lat' dir='ltr'>cum</span> <span class='ocrx_word' id='word_1_543' title='bbox 726 4467 802 4513; x_wconf 90' lang='lat' dir='ltr'>eam</span> <span class='ocrx_word' id='word_1_544' title='bbox 821 4446 895 4515; x_wconf 88' lang='lat' dir='ltr'>dies</span> <span class='ocrx_word' id='word_1_545' title='bbox 912 4462 1052 4519; x_wconf 88' lang='lat' dir='ltr'>noctes·</span> <span class='ocrx_word' id='word_1_546' title='bbox 1106 4444 1240 4535; x_wconf 81' lang='lat' dir='ltr'>Quanti</span> <span class='ocrx_word' id='word_1_547' title='bbox 1258 4470 1341 4516; x_wconf 92' lang='lat' dir='ltr'>vero</span> <span class='ocrx_word' id='word_1_548' title='bbox 1356 4448 1495 4529; x_wconf 85' lang='lat' dir='ltr'>reserat,</span> <span class='ocrx_word' id='word_1_549' title='bbox 1518 4445 1623 4516; x_wconf 89' lang='lat' dir='ltr'>etiam</span> <span class='ocrx_word' id='word_1_550' title='bbox 1641 4446 1684 4514; x_wconf 91' lang='lat' dir='ltr'>ad</span> <span class='ocrx_word' id='word_1_551' title='bbox 1701 4455 1795 4512; x_wconf 88' lang='lat' dir='ltr'>recte</span> <span class='ocrx_word' id='word_1_552' title='bbox 1810 4442 2045 4513; x_wconf 87' lang='lat' dir='ltr'>iudicandum</span> <span class='ocrx_word' id='word_1_553' title='bbox 2062 4443 2106 4511; x_wconf 91' lang='lat' dir='ltr'>de</span> 
     </span>
     <span class='ocr_line' id='line_1_42' title="bbox 46 4534 2105 4642; baseline -0.001 -28"><span class='ocrx_word' id='word_1_554' title='bbox 46 4570 123 4642; x_wconf 89' lang='lat' dir='ltr'>que</span> <span class='ocrx_word' id='word_1_555' title='bbox 146 4534 480 4627; x_wconf 73' lang='lat' dir='ltr'>meditabimur,⁶in</span> <span class='ocrx_word' id='word_1_556' title='bbox 503 4569 614 4639; x_wconf 88' lang='lat' dir='ltr'>eaque</span> <span class='ocrx_word' id='word_1_557' title='bbox 639 4558 792 4615; x_wconf 91' lang='lat' dir='ltr'>mentem</span> <span class='ocrx_word' id='word_1_558' title='bbox 809 4571 849 4617; x_wconf 90' lang='lat' dir='ltr'>ae</span> <span class='ocrx_word' id='word_1_559' title='bbox 865 4550 1051 4641; x_wconf 89' lang='lat' dir='ltr'>cogitatio·</span> <span class='ocrx_word' id='word_1_560' title='bbox 1104 4571 1188 4618; x_wconf 91' lang='lat' dir='ltr'>sana</span> <span class='ocrx_word' id='word_1_561' title='bbox 1205 4549 1366 4621; x_wconf 89' lang='lat' dir='ltr'>doctrina</span> <span class='ocrx_word' id='word_1_562' title='bbox 1380 4549 1583 4637; x_wconf 86' lang='lat' dir='ltr'>religionis,</span> <span class='ocrx_word' id='word_1_563' title='bbox 1608 4550 1652 4617; x_wconf 92' lang='lat' dir='ltr'>ad</span> <span class='ocrx_word' id='word_1_564' title='bbox 1667 4545 1900 4616; x_wconf 89' lang='lat' dir='ltr'>erudiendam</span> <span class='ocrx_word' id='word_1_565' title='bbox 1917 4557 1952 4613; x_wconf 92' lang='lat' dir='ltr'>et</span> <span class='ocrx_word' id='word_1_566' title='bbox 1974 4543 2105 4614; x_wconf 76' lang='lat' dir='ltr'>confir.-</span> 
     </span>
     <span class='ocr_line' id='line_1_43' title="bbox 45 4642 2105 4739; baseline -0.002 -19"><span class='ocrx_word' id='word_1_567' title='bbox 45 4672 134 4720; x_wconf 89' lang='lat' dir='ltr'>nem</span> <span class='ocrx_word' id='word_1_568' title='bbox 153 4647 283 4737; x_wconf 87' lang='lat' dir='ltr'>iugiter</span> <span class='ocrx_word' id='word_1_569' title='bbox 298 4648 557 4739; x_wconf 78' lang='lat' dir='ltr'>pervolvamus.</span> <span class='ocrx_word' id='word_1_570' title='bbox 1104 4653 1272 4720; x_wconf 88' lang='lat' dir='ltr'>mandam</span> <span class='ocrx_word' id='word_1_571' title='bbox 1286 4650 1558 4731; x_wconf 86' lang='lat' dir='ltr'>conscientiam,</span> <span class='ocrx_word' id='word_1_572' title='bbox 1585 4650 1762 4739; x_wconf 85' lang='lat' dir='ltr'>integrum</span> <span class='ocrx_word' id='word_1_573' title='bbox 1786 4670 1919 4738; x_wconf 86' lang='lat' dir='ltr'>corpus</span> <span class='ocrx_word' id='word_1_574' title='bbox 1935 4642 2105 4715; x_wconf 89' lang='lat' dir='ltr'>historiae</span> 
     </span>
     <span class='ocr_line' id='line_1_44' title="bbox 153 4747 2104 4846; baseline -0.001 -27"><span class='ocrx_word' id='word_1_575' title='bbox 153 4747 272 4843; x_wconf 86' lang='lat' dir='ltr'>Atque</span> <span class='ocrx_word' id='word_1_576' title='bbox 290 4762 332 4821; x_wconf 93' lang='lat' dir='ltr'>ut</span> <span class='ocrx_word' id='word_1_577' title='bbox 351 4750 387 4819; x_wconf 92' lang='lat' dir='ltr'>id</span> <span class='ocrx_word' id='word_1_578' title='bbox 411 4763 504 4821; x_wconf 88' lang='lat' dir='ltr'>recte</span> <span class='ocrx_word' id='word_1_579' title='bbox 526 4775 566 4820; x_wconf 91' lang='lat' dir='ltr'>ac</span> <span class='ocrx_word' id='word_1_580' title='bbox 590 4752 775 4822; x_wconf 90' lang='lat' dir='ltr'>commode</span> <span class='ocrx_word' id='word_1_581' title='bbox 796 4751 913 4823; x_wconf 83' lang='lat' dir='ltr'>facere</span> <span class='ocrx_word' id='word_1_582' title='bbox 934 4754 1049 4846; x_wconf 92' lang='lat' dir='ltr'>possi·</span> <span class='ocrx_word' id='word_1_583' title='bbox 1104 4755 1228 4824; x_wconf 93' lang='lat' dir='ltr'>mundi</span> <span class='ocrx_word' id='word_1_584' title='bbox 1249 4758 1296 4825; x_wconf 93' lang='lat' dir='ltr'>ob</span> <span class='ocrx_word' id='word_1_585' title='bbox 1317 4754 1440 4825; x_wconf 92' lang='lat' dir='ltr'>oculos</span> <span class='ocrx_word' id='word_1_586' title='bbox 1463 4748 1612 4822; x_wconf 89' lang='lat' dir='ltr'>habere:</span> <span class='ocrx_word' id='word_1_587' title='bbox 1649 4753 1685 4821; x_wconf 94' lang='lat' dir='ltr'>id</span> <span class='ocrx_word' id='word_1_588' title='bbox 1710 4749 1763 4818; x_wconf 89' lang='lat' dir='ltr'>illi</span> <span class='ocrx_word' id='word_1_589' title='bbox 1792 4761 1948 4828; x_wconf 91' lang='lat' dir='ltr'>norunt,</span> <span class='ocrx_word' id='word_1_590' title='bbox 1976 4749 2037 4841; x_wconf 92' lang='lat' dir='ltr'>qui</span> <span class='ocrx_word' id='word_1_591' title='bbox 2064 4748 2104 4817; x_wconf 93' lang='lat' dir='ltr'>in</span> 
     </span>
     <span class='ocr_line' id='line_1_45' title="bbox 43 4851 2103 4948; baseline -0.003 -21"><span class='ocrx_word' id='word_1_592' title='bbox 43 4876 151 4932; x_wconf 88' lang='lat' dir='ltr'>mus,</span> <span class='ocrx_word' id='word_1_593' title='bbox 184 4852 399 4943; x_wconf 87' lang='lat' dir='ltr'>cognitionis</span> <span class='ocrx_word' id='word_1_594' title='bbox 425 4853 502 4923; x_wconf 88' lang='lat' dir='ltr'>eius</span> <span class='ocrx_word' id='word_1_595' title='bbox 527 4855 687 4945; x_wconf 90' lang='lat' dir='ltr'>linguae,</span> <span class='ocrx_word' id='word_1_596' title='bbox 720 4878 789 4946; x_wconf 91' lang='lat' dir='ltr'>qua</span> <span class='ocrx_word' id='word_1_597' title='bbox 818 4879 859 4924; x_wconf 85' lang='lat' dir='ltr'>ea</span> <span class='ocrx_word' id='word_1_598' title='bbox 887 4857 1048 4928; x_wconf 86' lang='lat' dir='ltr'>doctrina</span> <span class='ocrx_word' id='word_1_599' title='bbox 1102 4857 1320 4948; x_wconf 81' lang='lat' dir='ltr'>explicandis</span> <span class='ocrx_word' id='word_1_600' title='bbox 1336 4856 1412 4926; x_wconf 90' lang='lat' dir='ltr'>eius</span> <span class='ocrx_word' id='word_1_601' title='bbox 1433 4857 1616 4926; x_wconf 89' lang='lat' dir='ltr'>doctrinae</span> <span class='ocrx_word' id='word_1_602' title='bbox 1631 4851 1884 4925; x_wconf 90' lang='lat' dir='ltr'>controversiis</span> <span class='ocrx_word' id='word_1_603' title='bbox 1905 4864 2103 4924; x_wconf 85' lang='lat' dir='ltr'>versantur.</span> 
     </span>
     <span class='ocr_line' id='line_1_46' title="bbox 42 4952 2102 5053; baseline -0.004 -22"><span class='ocrx_word' id='word_1_604' title='bbox 42 4955 222 5041; x_wconf 83' lang='lat' dir='ltr'>traditur,</span> <span class='ocrx_word' id='word_1_605' title='bbox 252 4955 359 5026; x_wconf 88' lang='lat' dir='ltr'>nobis</span> <span class='ocrx_word' id='word_1_606' title='bbox 381 4977 472 5047; x_wconf 90' lang='lat' dir='ltr'>opus</span> <span class='ocrx_word' id='word_1_607' title='bbox 493 4957 574 5030; x_wconf 86' lang='lat' dir='ltr'>erit.</span> <span class='ocrx_word' id='word_1_608' title='bbox 626 4955 716 5025; x_wconf 91' lang='lat' dir='ltr'>Nam</span> <span class='ocrx_word' id='word_1_609' title='bbox 739 4955 769 5025; x_wconf 90' lang='lat' dir='ltr'>si</span> <span class='ocrx_word' id='word_1_610' title='bbox 789 4957 853 5027; x_wconf 86' lang='lat' dir='ltr'>lilii</span> <span class='ocrx_word' id='word_1_611' title='bbox 872 4958 923 5047; x_wconf 90' lang='lat' dir='ltr'>pii</span> <span class='ocrx_word' id='word_1_612' title='bbox 943 4974 1048 5053; x_wconf 88' lang='lat' dir='ltr'>atque</span> <span class='ocrx_word' id='word_1_613' title='bbox 1101 4957 1204 5030; x_wconf 89' lang='lat' dir='ltr'>Certe</span> <span class='ocrx_word' id='word_1_614' title='bbox 1226 4957 1361 5050; x_wconf 90' lang='lat' dir='ltr'>ingenti</span> <span class='ocrx_word' id='word_1_615' title='bbox 1383 4959 1463 5028; x_wconf 86' lang='lat' dir='ltr'>lure</span> <span class='ocrx_word' id='word_1_616' title='bbox 1484 4957 1522 5026; x_wconf 93' lang='lat' dir='ltr'>in</span> <span class='ocrx_word' id='word_1_617' title='bbox 1543 4958 1712 5026; x_wconf 86' lang='lat' dir='ltr'>omnibus</span> <span class='ocrx_word' id='word_1_618' title='bbox 1735 4953 1842 5022; x_wconf 91' lang='lat' dir='ltr'>rebus</span> <span class='ocrx_word' id='word_1_619' title='bbox 1857 4952 2102 5024; x_wconf 88' lang='lat' dir='ltr'>diiudicandis</span> 
     </span>
     <span class='ocr_line' id='line_1_47' title="bbox 41 5053 2100 5158; baseline 0 -33"><span class='ocrx_word' id='word_1_620' title='bbox 41 5082 132 5150; x_wconf 74' lang='lat' dir='ltr'>erga</span> <span class='ocrx_word' id='word_1_621' title='bbox 160 5072 296 5148; x_wconf 86' lang='lat' dir='ltr'>patrem</span> <span class='ocrx_word' id='word_1_622' title='bbox 326 5053 521 5158; x_wconf 74' lang='grc' dir='ltr'>εὕστοργοι</span> <span class='ocrx_word' id='word_1_623' title='bbox 552 5059 702 5143; x_wconf 88' lang='lat' dir='ltr'>erimus,</span> <span class='ocrx_word' id='word_1_624' title='bbox 735 5082 864 5152; x_wconf 90' lang='lat' dir='ltr'>nempe</span> <span class='ocrx_word' id='word_1_625' title='bbox 888 5061 1046 5153; x_wconf 89' lang='lat' dir='ltr'>linguam</span> <span class='ocrx_word' id='word_1_626' title='bbox 1101 5063 1351 5148; x_wconf 87' lang='lat' dir='ltr'>destituemur,</span> <span class='ocrx_word' id='word_1_627' title='bbox 1377 5063 1405 5131; x_wconf 89' lang='lat' dir='ltr'>si</span> <span class='ocrx_word' id='word_1_628' title='bbox 1420 5056 1486 5131; x_wconf 90' lang='lat' dir='ltr'>hac</span> <span class='ocrx_word' id='word_1_629' title='bbox 1505 5059 1729 5155; x_wconf 83' lang='lat' dir='ltr'>antiquitatis</span> <span class='ocrx_word' id='word_1_630' title='bbox 1749 5056 1880 5124; x_wconf 89' lang='lat' dir='ltr'>noticia</span> <span class='ocrx_word' id='word_1_631' title='bbox 1905 5079 2100 5127; x_wconf 86' lang='lat' dir='ltr'>careamus.</span> 
     </span>
     <span class='ocr_line' id='line_1_48' title="bbox 39 5158 2099 5259; baseline -0.003 -28"><span class='ocrx_word' id='word_1_632' title='bbox 39 5160 261 5257; x_wconf 86' lang='lat' dir='ltr'>pientissimi</span> <span class='ocrx_word' id='word_1_633' title='bbox 280 5160 435 5251; x_wconf 88' lang='lat' dir='ltr'>parentis</span> <span class='ocrx_word' id='word_1_634' title='bbox 451 5162 585 5232; x_wconf 86' lang='lat' dir='ltr'>discere</span> <span class='ocrx_word' id='word_1_635' title='bbox 599 5176 704 5256; x_wconf 89' lang='lat' dir='ltr'>atque</span> <span class='ocrx_word' id='word_1_636' title='bbox 719 5161 825 5232; x_wconf 86' lang='lat' dir='ltr'>etiam</span> <span class='ocrx_word' id='word_1_637' title='bbox 842 5162 988 5250; x_wconf 89' lang='lat' dir='ltr'>imitari,</span> <span class='ocrx_word' id='word_1_638' title='bbox 1013 5179 1046 5236; x_wconf 95' lang='lat' dir='ltr'>et</span> <span class='ocrx_word' id='word_1_639' title='bbox 1100 5178 1138 5235; x_wconf 93' lang='lat' dir='ltr'>ut</span> <span class='ocrx_word' id='word_1_640' title='bbox 1161 5175 1312 5246; x_wconf 86' lang='lat' dir='ltr'>taceam,</span> <span class='ocrx_word' id='word_1_641' title='bbox 1338 5165 1435 5259; x_wconf 90' lang='lat' dir='ltr'>quod</span> <span class='ocrx_word' id='word_1_642' title='bbox 1454 5165 1525 5233; x_wconf 84' lang='lat' dir='ltr'>vita</span> <span class='ocrx_word' id='word_1_643' title='bbox 1554 5158 1707 5230; x_wconf 84' lang='lat' dir='ltr'>humana</span> <span class='ocrx_word' id='word_1_644' title='bbox 1731 5158 1768 5225; x_wconf 87' lang='lat' dir='ltr'>in</span> <span class='ocrx_word' id='word_1_645' title='bbox 1790 5158 1995 5227; x_wconf 81' lang='lat' dir='ltr'>urdversum</span> <span class='ocrx_word' id='word_1_646' title='bbox 2020 5158 2099 5225; x_wconf 91' lang='lat' dir='ltr'>sine</span> 
     </span>
     <span class='ocr_line' id='line_1_49' title="bbox 40 5258 2097 5356; baseline -0.005 -19"><span class='ocrx_word' id='word_1_647' title='bbox 40 5262 247 5356; x_wconf 78' lang='lat' dir='ltr'>exprimere</span> <span class='ocrx_word' id='word_1_648' title='bbox 263 5263 494 5335; x_wconf 82' lang='lat' dir='ltr'>studebimus.</span> <span class='ocrx_word' id='word_1_649' title='bbox 1098 5268 1301 5356; x_wconf 88' lang='lat' dir='ltr'>cognitione</span> <span class='ocrx_word' id='word_1_650' title='bbox 1318 5264 1499 5348; x_wconf 81' lang='lat' dir='ltr'>historiae,</span> <span class='ocrx_word' id='word_1_651' title='bbox 1524 5265 1622 5334; x_wconf 90' lang='lat' dir='ltr'>aliud</span> <span class='ocrx_word' id='word_1_652' title='bbox 1640 5258 1733 5332; x_wconf 89' lang='lat' dir='ltr'>nihil</span> <span class='ocrx_word' id='word_1_653' title='bbox 1748 5274 1811 5341; x_wconf 88' lang='lat' dir='ltr'>est,</span> <span class='ocrx_word' id='word_1_654' title='bbox 1836 5285 1956 5354; x_wconf 86' lang='lat' dir='ltr'>quam,</span> <span class='ocrx_word' id='word_1_655' title='bbox 1982 5273 2021 5330; x_wconf 89' lang='lat' dir='ltr'>nt</span> <span class='ocrx_word' id='word_1_656' title='bbox 2035 5259 2097 5327; x_wconf 91' lang='lat' dir='ltr'>ille</span> 
     </span>
     <span class='ocr_line' id='line_1_50' title="bbox 151 5361 2096 5464; baseline -0.003 -29"><span class='ocrx_word' id='word_1_657' title='bbox 151 5361 330 5436; x_wconf 85' lang='lat' dir='ltr'>Prolixior</span> <span class='ocrx_word' id='word_1_658' title='bbox 353 5365 424 5448; x_wconf 86' lang='lat' dir='ltr'>lui,</span> <span class='ocrx_word' id='word_1_659' title='bbox 450 5390 557 5459; x_wconf 82' lang='lat' dir='ltr'>quem</span> <span class='ocrx_word' id='word_1_660' title='bbox 576 5367 758 5451; x_wconf 86' lang='lat' dir='ltr'>volebam,</span> <span class='ocrx_word' id='word_1_661' title='bbox 785 5367 825 5436; x_wconf 90' lang='lat' dir='ltr'>in</span> <span class='ocrx_word' id='word_1_662' title='bbox 850 5392 953 5440; x_wconf 86' lang='lat' dir='ltr'>causa</span> <span class='ocrx_word' id='word_1_663' title='bbox 975 5369 1046 5440; x_wconf 92' lang='lat' dir='ltr'>mi-</span> <span class='ocrx_word' id='word_1_664' title='bbox 1097 5370 1166 5450; x_wconf 86' lang='lat' dir='ltr'>ait,</span> <span class='ocrx_word' id='word_1_665' title='bbox 1192 5367 1368 5461; x_wconf 90' lang='lat' dir='ltr'>Perpetua</span> <span class='ocrx_word' id='word_1_666' title='bbox 1385 5372 1557 5464; x_wconf 85' lang='lat' dir='ltr'>quaedam</span> <span class='ocrx_word' id='word_1_667' title='bbox 1576 5365 1749 5459; x_wconf 86' lang='lat' dir='ltr'>pueritia,</span> <span class='ocrx_word' id='word_1_668' title='bbox 1775 5363 1848 5435; x_wconf 92' lang='lat' dir='ltr'>imo</span> <span class='ocrx_word' id='word_1_669' title='bbox 1864 5387 1949 5432; x_wconf 90' lang='lat' dir='ltr'>vero</span> <span class='ocrx_word' id='word_1_670' title='bbox 1971 5385 2096 5456; x_wconf 88' lang='lat' dir='ltr'>perpe-</span> 
     </span>
     <span class='ocr_line' id='line_1_51' title="bbox 39 5468 1512 5563; baseline 0 -20"><span class='ocrx_word' id='word_1_671' title='bbox 39 5468 146 5543; x_wconf 85' lang='lat' dir='ltr'>nime</span> <span class='ocrx_word' id='word_1_672' title='bbox 160 5468 287 5540; x_wconf 75' lang='lat' dir='ltr'>dubias</span> <span class='ocrx_word' id='word_1_673' title='bbox 315 5490 430 5562; x_wconf 90' lang='lat' dir='ltr'>neque</span> <span class='ocrx_word' id='word_1_674' title='bbox 440 5468 482 5538; x_wconf 89' lang='lat' dir='ltr'>iu</span> <span class='ocrx_word' id='word_1_675' title='bbox 496 5470 788 5562; x_wconf 79' lang='lat' dir='ltr'>praesentiarum</span> <span class='ocrx_word' id='word_1_676' title='bbox 804 5469 877 5542; x_wconf 84' lang='lat' dir='ltr'>illis</span> <span class='ocrx_word' id='word_1_677' title='bbox 890 5471 1045 5560; x_wconf 82' lang='lat' dir='ltr'>rixabor,</span> <span class='ocrx_word' id='word_1_678' title='bbox 1095 5487 1155 5545; x_wconf 85' lang='lat' dir='ltr'>tus</span> <span class='ocrx_word' id='word_1_679' title='bbox 1169 5472 1283 5563; x_wconf 87' lang='lat' dir='ltr'>caligo</span> <span class='ocrx_word' id='word_1_680' title='bbox 1298 5498 1338 5544; x_wconf 88' lang='lat' dir='ltr'>ac</span> <span class='ocrx_word' id='word_1_681' title='bbox 1351 5472 1512 5544; x_wconf 86' lang='lat' dir='ltr'>caecitas.</span> 
     </span>
    </p>
   </div>
   <div class='ocr_carea' id='block_1_5' title="bbox 0 0 2336 6022">
    <p class='ocr_par' dir='ltr' id='par_1_5' title="bbox 0 0 2336 6022">
     <span class='ocr_line' id='line_1_52' title="bbox 0 0 2336 6022; baseline 0 11"><span class='ocrx_word' id='word_1_682' title='bbox 0 0 2336 6022; x_wconf 95' lang='lat' dir='ltr'> </span> 
     </span>
    </p>
   </div>
  </div>
 </body>
</html>
