4664 6022
162 309 242 385 565
867 304 1028 380 DECL.
1079 302 1155 380 DE
1188 298 1515 381 AMBROSIO.
2133 318 2208 395 666

265 478 379 551 Porro
405 474 492 549 haec
513 479 639 550 merita
657 491 750 549 recte
773 480 975 561 docentium
995 496 1029 553 et
1051 481 1165 572 repri·
1214 490 1338 564 tuum,
1362 502 1442 548 cum
1460 476 1598 568 Spiritu
1616 492 1755 550 sancto:
1780 481 1917 575 suscipe
1934 509 1991 557 me
2013 501 2050 560 et
2074 491 2129 561 fac
2150 515 2207 564 me

158 585 337 656 mentium
362 605 519 666 errores,
551 606 624 651 non
647 582 825 652 ducantur
846 607 920 653 esse
945 582 1052 655 levia:
1080 609 1162 653 nam
1211 581 1346 650 socium
1363 581 1629 651 resurrectionis
1644 597 1846 655 sanctorum
1865 600 2028 676 tuorum,
2053 588 2181 669 Arnen.

159 690 211 760 ita
228 710 309 755 vere
327 699 555 757 conservatur
576 684 704 776 pignus
722 685 813 755 vitae
829 700 1009 767 aeternae,
1035 686 1164 757 videli—
1313 680 1410 752 Haec
1427 687 1512 752 dum
1528 683 1620 753 clara
1635 709 1721 754 voce
1736 687 1914 776 clamitat,
1934 691 2077 763 interim
2102 696 2204 765 llam·

158 805 214 862 cet
232 789 395 859 doctrina
422 787 599 872 coelestis,
626 786 798 857 retinetur
822 789 956 876 agnitio
980 812 1064 860 vera
1081 786 1161 869 Dei,
1209 808 1266 855 ma
1280 807 1316 854 se
1330 786 1454 876 pandit
1469 799 1500 855 et
1520 786 1614 855 cedit
1627 789 1779 879 corpori.
1831 789 1910 863 Stat
1932 813 2037 865 senex
2055 796 2202 887 integer,

157 907 313 965 ornatur
337 890 450 981 gloria
472 886 560 974 Dei,
597 903 813 980 propagatur
843 887 1021 976 Ecclesia,
1056 892 1160 961 multi
1208 887 1346 970 alacris,
1372 912 1445 970 uon
1463 888 1619 958 sentiens
1634 889 1805 975 flaxrsmas,
1831 905 1871 964 ut
1886 895 1973 964 olim
1989 897 2026 966 in
2044 895 2203 971 Chaldes

158 1008 336 1067 vocamur
357 996 399 1063 ad
419 991 526 1063 vitam
543 1005 740 1075 aeternam,
766 991 907 1065 liberati
925 1018 944 1063 a
968 996 1159 1087 tyrannide
1207 991 1336 1062 servati
1352 990 1487 1060 suntin
1502 989 1670 1062 incendio
1687 1004 1758 1063 tres
1774 993 1854 1065 viri.
1888 994 2117 1092 Conspicitur
2130 1003 2201 1072 lul-

158 1098 309 1171 diaholi.
362 1093 460 1166 llaec
484 1117 558 1164 non
575 1107 658 1164 sunt
679 1093 818 1164 minora
838 1096 944 1166 rebus
959 1097 1065 1185 gestis
1079 1095 1158 1168 Sci·
1206 1115 1291 1181 gens
1315 1094 1467 1162 candida
1489 1092 1587 1177 luce,
1614 1105 1648 1163 et
1664 1095 1871 1182 exauditur,
1897 1100 2080 1174 celebrans
2104 1099 2199 1176 hunc

155 1202 298 1296 pionis,
325 1213 386 1270 aut
411 1196 581 1267 similium
604 1196 783 1266 honorum
806 1199 949 1271 ducum.
1001 1194 1158 1270 Ornavit
1205 1191 1321 1264 Deum
1346 1209 1481 1286 patrem
1510 1193 1589 1266 lesu
1615 1192 1752 1268 Christi
1786 1200 2010 1272 conditorem
2036 1206 2199 1278 omnium

155 1306 219 1376 ille
253 1303 376 1372 urbem
403 1296 556 1370 Romam
586 1298 784 1368 accessione
814 1299 974 1390 imperii,
1007 1300 1157 1390 legibus,
1203 1320 1334 1367 terum.
1619 1364 1624 1370 .

154 1409 288 1500 opibus
303 1401 483 1473 consului,
498 1400 644 1471 „gumi
657 1400 802 1474 civium,
836 1399 965 1473 Fateor
980 1398 1066 1473 hm
1081 1427 1154 1473 ρης
1306 1397 1420 1467 Valde
1434 1421 1599 1488 cuperem
1617 1399 1662 1468 de
1684 1399 1757 1489 ipsa
1774 1403 1987 1494 precationis
2007 1408 2120 1481 forma
2137 1435 2197 1482 co·

153 1532 285 1600 magna
302 1520 335 1577 et
352 1504 491 1574 divina:
518 1503 654 1582 sedes,
681 1526 771 1596 quae
789 1503 826 1571 in
844 1500 1002 1575 Ecclesia
1023 1529 1151 1596 gerun·
1202 1500 1336 1592 piosius
1352 1500 1478 1570 dicere.
1530 1499 1598 1571 Sed
1620 1500 1765 1593 vosipsi
1787 1507 1991 1596 expendite,
2018 1535 2081 1582 cur
2104 1513 2196 1583 refe-

151 1627 214 1684 tur
229 1610 364 1679 maiora
380 1620 475 1691 sunt,
493 1601 654 1676 etaDeo
669 1606 772 1677 aliter
786 1608 1042 1695 gubernantur.
1069 1604 1154 1676 Bel·
1202 1618 1258 1675 rat
1272 1603 1322 1673 sic
1336 1602 1489 1673 describi
1503 1600 1636 1689 Deum,
1660 1618 1795 1696 patrem
1817 1604 1894 1678 lesu
1907 1603 2051 1682 Christi.
2094 1615 2196 1687 Sicut

150 1717 329 1806 ligeratur
360 1706 455 1778 filius
487 1706 555 1779 Dei
588 1708 756 1778 adversus
784 1708 968 1780 diabolum
995 1709 1153 1780 mirabili
1200 1706 1410 1799 plerumque
1433 1718 1467 1775 et
1488 1702 1619 1775 Paulus
1641 1704 1819 1800 loquitur,
1843 1723 1885 1780 ut
1908 1713 2020 1784 multa
2042 1731 2196 1805 moneat,

150 1817 264 1889 modo
290 1835 352 1905 per
374 1810 533 1880 membra
556 1833 638 1895 sua,
662 1834 751 1903 quae
770 1810 962 1883 admodum
984 1813 1154 1882 videntur
1201 1809 1366 1878 videlicet
1388 1807 1548 1877 exaudiri
1571 1832 1636 1878 nos
1659 1822 1805 1900 propter
1825 1811 1950 1899 filium,
1975 1815 2059 1887 item
2081 1834 2195 1891 caete-

148 1916 348 1992 3mbecffl,
1200 1934 1257 1980 ras
1277 1925 1397 2001 gentes
1420 1908 1609 1980 maledicas
1631 1911 1669 1978 in
1686 1905 1892 2005 Christum,
1928 1940 2003 1986 non
2027 1919 2193 1993 invocare

258 2017 455 2110 Reliquum
472 2027 542 2098 est,
563 2026 603 2083 ut
616 2013 659 2082 de
674 2027 787 2085 morte
802 2013 931 2084 dicam.
973 2011 1065 2086 Cum
1080 2014 1151 2086 iam
1198 2008 1334 2098 Deum,
1364 2011 1502 2082 tametsi
1526 2013 1761 2103 profiteantur
1784 2038 1820 2084 se
1845 2016 2009 2088 invocare
2031 2024 2193 2095 condito·

147 2127 227 2198 fere
245 2116 513 2210 nonagesimum
530 2127 649 2205 ageret
664 2138 822 2202 annum,
848 2130 881 2186 et
897 2113 1072 2188 Ecclesiae
1087 2118 1151 2188 diu
1198 2139 1273 2185 rem
1291 2139 1422 2200 rerum,
1442 2128 1483 2185 ut
1498 2139 1595 2184 nunc
1612 2111 1734 2185 ludaei
1752 2101 2088 2196 etMahometistae
2119 2124 2191 2199 sed

149 2249 282 2318 magno
296 2225 418 2293 labore
433 2217 599 2303 rexisset,
627 2220 769 2287 tandem
792 2219 929 2310 rapitur
943 2220 987 2288 ad
1013 2221 1148 2313 suppli·
1197 2212 1284 2288 haec
1306 2217 1403 2290 alias.

152 2330 262 2430 cium,
314 2323 452 2396 Multae
470 2333 553 2390 sunt
568 2318 662 2387 enim
680 2343 819 2406 causae,
846 2346 954 2414 quare
969 2318 1066 2392 Deus
1079 2319 1151 2392 Ec·
1298 2316 1402 2389 Nunc
1425 2320 1469 2389 de
1489 2315 1705 2413 Polycarpo:
1739 2322 1879 2393 stabant
1904 2320 2136 2414 Magistratus
2157 2344 2192 2401 et

147 2432 297 2504 clesiam
330 2424 426 2496 cruci
453 2422 653 2495 subiecerit.
709 2421 780 2493 Sed
804 2425 899 2514 quod
935 2425 972 2492 in
999 2425 1150 2514 publicis
1196 2422 1375 2491 carnifices
1392 2422 1575 2513 stupefacti
1593 2446 1631 2490 re
1648 2422 1837 2509 inusitata,
1861 2449 1942 2494 cum
1959 2426 2191 2500 riderentse-

145 2530 361 2628 spectaculis
378 2541 448 2598 tam
466 2526 568 2594 foede
584 2546 697 2593 suosa
716 2526 875 2619 tyrannis
891 2526 1038 2596 lacerari
1052 2527 1150 2612 sinit,
1196 2548 1278 2593 nem
1308 2524 1470 2593 illaesum
1507 2525 1636 2593 vivere.
1689 2521 1853 2596 Tandem
1888 2527 1985 2600 iubet
2019 2543 2191 2624 tyrannus
2280 2556 2286 2563 ·

144 2640 343 2717 duaqsunt
359 2628 567 2723 praecipuae
585 2649 719 2699 causae.
1195 2650 1276 2696 eum
1295 2626 1412 2716 gladio
1428 2627 1614 2697 transfodi.
1664 2623 1742 2696 llac
1760 2652 1845 2698 nece
1860 2629 1979 2700 minus
1995 2655 2095 2702 saeva
2109 2659 2191 2727 per·

255 2732 391 2816 Altera,
418 2731 512 2823 quod
531 2730 609 2799 vult
622 2729 778 2821 conspici
796 2728 998 2801 testimonia
1014 2730 1149 2811 «locut,
1195 2728 1291 2798 misit
1306 2724 1402 2797 Deus
1423 2751 1540 2797 senem
1567 2728 1743 2819 extingui,
1769 2745 1849 2821 post
1870 2732 2027 2803 auditam
2045 2734 2084 2803 in
2103 2761 2190 2827 rogo
2292 2728 2303 2747 ⁸

143 2864 231 2915 nae.
283 2836 343 2909 Sic
377 2836 522 2924 adparet
549 2856 630 2901 vere
657 2855 723 2902 nos
754 2833 885 2902 sentire
910 2829 1146 2920 Evangelium
1193 2830 1372 2920 publicam
1390 2831 1660 2903 consessionem.

141 2940 327 3017 divinitus
341 2961 413 3009 esse
431 2933 620 3018 traditum,
645 2957 725 3002 cum
740 2934 833 3004 vitae
847 2934 1085 3006 anteierimus.
1297 2931 1476 3002 Recensui
1492 2933 1635 3002 brevem
1650 2934 1693 3003 de
1712 2930 1908 3028 Polycarpo
1925 2929 2123 3024 historiam,
2148 2940 2187 3009 in

256 3040 377 3113 Altera
394 3050 456 3120 est,
476 3038 571 3129 quod
588 3036 665 3105 vult
680 3029 746 3103 hos
760 3059 916 3125 summos
932 3037 1027 3105 viros
1043 3049 1147 3105 testes
1192 3059 1260 3129 qua
1277 3028 1345 3104 hoc
1362 3034 1548 3125 praecipue
1563 3035 1850 3121 meminerimus,
1878 3032 1974 3108 hunc
1989 3026 2188 3111 auditorem

142 3172 224 3225 esse
241 3147 287 3216 de
301 3139 580 3212 immortalitate.
621 3135 716 3225 Quia
732 3137 825 3206 enim
841 3137 1001 3206 scelerati
1019 3151 1052 3206 et
1068 3138 1146 3228 pol·
1194 3131 1376 3219 iohannis,
1400 3149 1523 3205 testem
1539 3160 1605 3205 nos
1623 3132 1753 3206 habere
1772 3139 1969 3226 doctrinae,
1994 3167 2100 3236 quam
2119 3139 2188 3214 Ec-

142 3251 217 3325 luti
245 3246 347 3319 omni
373 3239 595 3332 turpitudine
622 3263 719 3308 nunc
743 3239 905 3309 saeviunt
931 3239 967 3306 in
995 3253 1146 3324 sanctos,
1192 3237 1317 3309 clesiae
1342 3250 1482 3306 nostrae
1516 3214 1738 3328 prolitenlur.
1790 3236 1932 3310 Deinde
1963 3256 1997 3314 ct
2029 3245 2187 3335 exempla

145 3353 283 3451 quihus
304 3362 406 3419 antea
430 3343 586 3412 vidimus
614 3343 734 3410 adesse
758 3338 896 3425 Deum,
930 3364 1068 3410 necesse
1095 3353 1147 3411 est
1191 3343 1424 3421 admoneant,
1449 3363 1516 3409 nos
1539 3340 1584 3409 ad
1610 3340 1800 3409 certamina
1826 3355 1860 3411 et
1878 3342 2036 3433 pericula
2057 3347 2188 3431 vocari,

149 3453 321 3536 iudicari,
354 3449 459 3520 aliam
487 3457 618 3515 restare
645 3443 775 3529 vitam,
807 3445 844 3511 in
871 3467 939 3535 qua
969 3442 1063 3513 Deus
1091 3442 1146 3528 iis,
1191 3469 1230 3512 ac
1256 3442 1372 3514 Deum
1401 3442 1505 3511 nobis
1531 3441 1637 3513 etiam
1669 3440 1764 3511 inter
1789 3443 1948 3513 flammas
1974 3445 2182 3517 adiuturum

147 3579 243 3653 quos
257 3555 372 3648 palam
390 3547 592 3639 complexus
609 3559 672 3631 est,
693 3545 849 3638 praemia
864 3547 1069 3615 redditurus
1084 3559 1147 3629 est,
1192 3570 1277 3615 esse.
1328 3542 1424 3616 Dixi.

143 3672 182 3733 et
203 3657 323 3751 impiis
346 3675 488 3748 poenas.
540 3646 631 3719 Cum
654 3649 752 3717 vides
768 3646 938 3727 Paulum,
966 3648 1027 3740 qui
1049 3672 1145 3717 mor-

141 3774 232 3836 tuos
248 3759 475 3838 excitaverat,
501 3750 650 3821 interfici
672 3775 692 3820 a
711 3764 862 3845 tyranno
888 3750 1049 3820 omniurn
1075 3749 1139 3818 im·

140 3862 364 3959 purissimo,
397 3879 472 3925 non
496 3854 625 3924 senties
646 3851 797 3923 Paulum
828 3849 946 3923 aDeo
968 3852 1143 3921 abiectum
1191 3867 1257 3938 No,
1272 3863 1335 3938 71,
1448 3916 1453 3927 ,
2014 3868 2185 3939 &1542

142 3991 241 4038 esse:
269 3971 328 4033 sed
351 3974 481 4031 restare
499 3955 596 4025 aliud
621 3954 794 4025 iudicium
816 3968 895 4047 post
915 3949 1007 4023 hanc
1024 3953 1144 4024 vitam.
1194 3967 1326 3994 W·
2005 3958 2179 3988 *Ν

139 4064 247 4159 Ergo
264 4061 350 4135 haec
367 4058 525 4152 exempla
540 4058 578 4126 in
595 4054 752 4127 Ecclesia
768 4070 852 4127 sunt
868 4056 1008 4127 usitata:
1040 4079 1144 4148 prae·
1317 4064 1320 4071 '
1505 4025 1583 4110 DC
1608 4021 1867 4110 AmlWOSlO·

140 4171 253 4264 cipue
268 4167 403 4238 lumina
423 4162 501 4234 vult
518 4160 631 4243 Deus,
655 4160 694 4228 in
713 4154 770 4228 his
787 4159 1012 4251 spectaculis,
1040 4171 1144 4229 testes
1260 4186 1521 4247 1,1)„1.„„r,tt.
1539 4202 1566 4256 p.
1581 4183 1719 4256 ssssqq,
1743 4184 1858 4245 servat.
1875 4187 1908 4243 Τ.
1918 4187 1951 4243 ιι.
1965 4209 1991 4262 p.
1999 4191 2058 4247 stt.
2073 4201 2099 4247 a
2112 4192 2185 4264 ‚pua

139 4272 225 4344 fieri
242 4269 433 4341 doctrinae.
1296 4258 1423 4312 Richard.
1441 4256 1473 4313 Τ.
1489 4255 1536 4310 lll.
1555 4271 1582 4323 p.
1595 4255 1657 4308 665.
1676 4285 1708 4294 -
1744 4253 1909 4341 Adscriptus
1918 4269 1957 4331 est
1970 4261 2081 4331 quidem
2096 4280 2184 4315 annus

256 4371 394 4464 Raptus
419 4365 586 4458 aeneae
607 4357 1053 4455 superaestuans
1076 4359 1144 4429 im·
1293 4322 2185 4466 tata?,a‘aaa,transtretantestit:

141 4475 298 4573 ponitur
327 4495 412 4564 rogo
437 4466 593 4552 ardenti,
626 4479 666 4535 ut
697 4488 825 4555 corpus
847 4463 1038 4532 ustulatum
1068 4460 1144 4550 igni
1296 4463 1466 4521 referendam
1484 4480 1552 4519 e⁸⁸0·

141 4593 347 4696 torreatur,
386 4587 421 4644 et
454 4573 560 4660 longo
594 4566 752 4686 cruciatu
785 4577 1024 4683 consumatur.
1075 4561 1145 4682 llic
1193 4614 1321 4686 omno
1341 4609 1388 4682 de
1406 4608 1491 4680 awo
1514 4604 1754 4679 Ambrosio
1804 4603 1936 4678 ,awa
1957 4629 1981 4677 a
1999 4611 2068 4680 Ma
2098 4614 2185 4685 ,m

142 4705 230 4754 cum
245 4693 313 4751 stat
331 4691 424 4748 rnter
439 4676 599 4743 flammas
618 4686 742 4761 rncrprt
764 4662 820 4736 hrs
837 4668 954 4735 verbis
972 4681 1144 4756 precatro·
1357 4711 1601 4785 Mamm·
1625 4712 1678 4780 M·
1688 4709 1737 4780 D·
1746 4657 1848 4780 :m
1875 4707 2020 4802 (lm)
2065 4633 2124 4707 9⁸⁸

141 4807 251 4867 nem,
277 4806 367 4875 quae
389 4778 439 4848 sic
455 4774 632 4857 recitabo,
656 4784 695 4842 ut
712 4783 829 4840 extant
854 4769 891 4837 in
910 4763 1079 4847 historia,
1106 4781 1146 4836 ut

142 4886 308 4977 cogitetis
324 4880 502 4977 quomodo
519 4892 665 4958 veteres,
691 4888 724 4942 et
740 4871 932 4941 direxerint
948 4869 1144 4939 orationem
1194 4850 1348 4954 Quoties
1371 4853 1438 4926 hos
1469 4855 1631 4947 publicos
1654 4851 1952 4926 Scholasticorum
1980 4882 2186 4951 congressus

143 4992 192 5063 sd
219 4986 353 5071 Deum,
382 4995 417 5054 et
445 4981 484 5050 in
509 4979 583 5071 ipsa
608 4989 722 5047 morte
750 4973 1005 5044 contessionem
1028 4970 1147 5041 decla-
1193 4968 1354 5045 intueor,
1389 4958 1485 5030 subit
1518 4956 1676 5026 animum
1709 4956 1893 5043 cogitatio,
1929 4983 2009 5028 curn
2036 4962 2080 5033 de
2106 4967 2186 5036 aliis

141 5092 317 5165 merim,
1193 5069 1287 5137 vitae
1303 5061 1482 5155 partibus,
1507 5072 1583 5128 turn
1604 5080 1688 5127 vero
1705 5058 1854 5127 maxime
1871 5059 1915 5128 de
1929 5055 2103 5151 Ecclesia,
2128 5068 2186 5138 cui

252 5190 349 5264 Deus
372 5202 472 5281 pater
493 5182 614 5255 dilecti
640 5180 704 5249 lilii
726 5177 780 5249 tui
803 5172 882 5247 lesu
905 5170 1058 5254 Christi,
1083 5195 1147 5266 per
1194 5165 1310 5239 studia
1323 5176 1443 5233 nostra
1457 5159 1647 5254 praecipue
1661 5157 1831 5249 serviunt.
1872 5157 2033 5257 Cumque
2047 5191 2185 5238 mecum

141 5320 256 5394 quern
271 5294 489 5383 agnitionem
506 5287 559 5357 tui
573 5283 788 5375 accepimus,
815 5279 980 5348 conditor
1001 5276 1148 5346 univer·
1193 5271 1321 5341 tacitns
1338 5280 1457 5356 repeto
1466 5318 1483 5382 ,ι
1501 5261 1643 5356 quantis
1664 5261 1749 5328 inde
1765 5283 1877 5379 usque
1893 5263 1938 5332 ab
1954 5264 2058 5335 initio
2079 5270 2186 5340 moti·

142 5424 206 5473 sae
230 5409 429 5479 creaturae,
450 5405 484 5462 te
509 5390 654 5468 invoco,
675 5399 710 5455 te
733 5381 904 5453 conhteor
923 5402 1046 5449 verum
1074 5400 1148 5448 esse
1195 5377 1261 5442 hus
1278 5382 1439 5464 qxrassata
1454 5379 1512 5448 stt,
1538 5375 1683 5455 propter
1697 5363 1879 5433 doctrmae
1895 5368 2123 5458 corruptelas,
2146 5394 2186 5442 ac

143 5500 345 5585 Deum‚'te
362 5495 520 5588 glorifico
539 5514 601 5583 per
614 5485 822 5558 Pontificem
839 5484 1007 5553 dilectum
1032 5481 1145 5553 lilium
1196 5471 1370 5569 pericula,
1401 5465 1734 5639 quaeffiirppendrut
1768 5466 1964 5557 posteritati
2000 5473 2188 5566 prospicio,
