4664 6022
543 312 706 397 unct.
737 314 811 394 DE
844 318 1071 400 STUDIO
1103 324 1472 405 LINGUARUM.
1969 332 2046 405 288

130 499 204 572 snt,
227 485 344 556 valere
359 484 396 555 in
412 487 525 558 causis
537 484 839 583 Philosophorum
856 516 895 562 ac
910 491 1001 563 Poe-

142 589 387 673 autoritatem,
412 590 496 683 quia
521 592 695 662 maiorum
716 594 897 680 instituta,
922 618 1000 664 mo-

129 724 133 757 ε
147 706 184 764 et
203 691 425 781 gravissimas
441 693 595 763 rationes
617 689 848 766 honestorum
865 696 1001 766 officio-

129 793 286 887 denique
301 794 373 861 vim
389 817 530 864 omnem
556 796 645 865 iuris
668 797 840 866 naturalis
859 799 1002 890 sapien-

128 896 372 966 sdescribunt.
424 893 526 984 Quae
542 900 684 968 tandem
702 900 922 991 impudentia
938 916 1001 987 est,

128 1020 200 1069 aras
213 1012 453 1082 contemnere,
479 1002 668 1096 dequibus
691 1001 759 1093 ipsi
776 1003 894 1094 legum
913 1027 999 1072 con-

128 1122 140 1171 t
156 1095 514 1171 honorificentissime
528 1102 710 1173 sentiunt?

128 1235 264 1307 'roinde
287 1234 443 1305 modesta
468 1248 502 1303 et
527 1237 620 1305 bona
649 1235 789 1327 ingenia
816 1230 998 1327 adhortor,

127 1362 148 1409 n
178 1336 406 1429 professionis
431 1337 731 1427 magnitudinem,
762 1339 806 1407 ad
833 1363 937 1430 qnam
963 1362 999 1409 se

127 1452 253 1524 erunt,
280 1439 572 1519 considerabunt,
599 1440 757 1533 exemplo
774 1463 918 1509 satorum
934 1466 997 1511 au-

139 1542 295 1632 cogitent
311 1540 446 1633 aliquid
464 1541 572 1612 studii
588 1536 645 1610 his
661 1542 793 1613 nostris
808 1544 943 1613 artibus
959 1567 998 1612 ac

137 1643 414 1735 impertiendum
430 1665 515 1712 esse.
563 1638 654 1713 Cum
670 1645 813 1714 caeteris
832 1644 915 1714 nolo
933 1670 998 1736 pu-

126 1804 131 1829 ,
161 1746 318 1841 quinon
341 1745 455 1813 solum
479 1758 599 1814 nostra
622 1747 772 1831 iudicia,
806 1749 866 1815 sed
891 1749 997 1816 etiam

126 1872 151 1919 n
162 1861 331 1918 autorum
347 1847 503 1939 exempla
520 1860 763 1938 aspernantur.
803 1846 886 1919 Alia
900 1850 997 1918 enim

126 1974 181 2020 rua
200 1950 355 2034 ducunt,
382 1963 422 2018 ut
436 1973 516 2018 vere
530 1949 648 2042 inquit
666 1948 746 2019 ille:
779 1943 999 2046 Ἀνάχαρσις

127 2046 326 2146 ἆθηναίοις
356 2046 566 2139 σολοικίζει,
611 2048 790 2145 deerant
820 2046 862 2123 ds*
895 2050 997 2149 παρὰ

125 2178 176 2237 tae.
230 2148 331 2224 Nihil
360 2153 419 2222 isti
443 2153 646 2223 alliciuntur
673 2153 845 2224 suavitate
875 2178 995 2223 earum

125 2285 145 2345 ι,
170 2279 258 2351 quas
273 2278 337 2325 uos
353 2254 537 2339 miramur,
560 2279 624 2324 nec
639 2278 706 2325 nos
720 2255 765 2324 ab
782 2256 996 2348 optimarum

136 2359 265 2432 studiis
282 2359 430 2426 istorum
447 2356 576 2427 iudicia
594 2352 813 2432 abstrahent.

124 2510 224 2591 ttque
243 2495 292 2565 ita
308 2493 457 2582 cogitate
474 2490 742 2575 Adulescentes,
766 2517 847 2562 cum
866 2496 904 2561 in
921 2507 996 2563 stu-

124 2597 296 2683 utemini,
321 2597 554 2667 constantiam
575 2620 614 2665 ac
633 2596 880 2667 fortitudinem
896 2596 997 2665 vobis

124 2694 365 2777 adhibendam
385 2723 469 2769 esse.
511 2697 634 2790 Neque
650 2699 746 2767 euim
760 2699 837 2767 sine
852 2698 995 2771 fortitu-

123 2802 179 2877 soli
200 2816 262 2872 aut
283 2801 431 2871 retineri
453 2800 564 2870 virtus
585 2800 658 2871 ulla
685 2814 812 2893 potest.
874 2798 994 2888 Quare

123 2902 285 2979 ariamini
309 2903 410 2973 vobis
433 2898 560 2972 harum
585 2917 786 2973 nostrarum
805 2909 936 2971 artium
959 2915 995 2972 et

123 3030 206 3079 mm
222 3005 337 3075 studia
352 3010 585 3096 praeposteris
600 3005 698 3093 vulgi
715 3018 819 3097 atque
832 3005 995 3075 indocto-

122 3108 247 3181 ttdiciis
270 3108 401 3177 excuti:
428 3111 553 3178 durate
576 3121 612 3176 et
636 3119 770 3178 vosmet
793 3108 899 3175 rebus
921 3131 995 3175 ser-

122 3210 285 3296 scundi53
319 3233 382 3279 cur
404 3211 499 3279 enim
525 3233 599 3279 non
624 3226 703 3280 utar
722 3209 909 3278 fortissimi
927 3209 995 3277 viri

137 3317 235 3405 apud
261 3310 427 3396 Poiitam,
460 3308 663 3402 praesertim
690 3312 728 3378 in
753 3333 855 3379 cansa
880 3312 993 3380 multo

122 3414 159 3505 ri
196 3412 289 3485 Nam
310 3413 372 3483 ille
391 3417 489 3483 sedes
512 3413 581 3482 sihi
603 3436 643 3479 ac
667 3411 771 3482 sociis
793 3413 993 3504 quaerebat.

121 3516 277 3601 [studia
312 3519 355 3584 ad
399 3517 602 3587 universam
636 3508 831 3585 Ecclesiam
879 3530 913 3583 et
948 3516 992 3583 ad

121 3644 143 3691 n
159 3617 398 3711 posteritatem
415 3619 606 3708 pertinent.
640 3614 742 3705 Quae
759 3630 875 3685 autem
889 3640 992 3685 causa

121 3744 146 3793 e
175 3721 290 3791 maior
319 3720 391 3789 ulla
421 3734 552 3813 potest,
588 3742 694 3814 quam
725 3742 816 3811 quae
843 3721 992 3788 salutem

121 3824 177 3895 iae
196 3822 380 3892 continet?

120 3980 199 4049 repe
213 3953 576 4046 audiviCapnionem,
598 3981 677 4026 cum
687 3952 841 4027 Romam
856 3954 992 4025 aPrin·

120 4060 251 4129 slatino
274 4059 360 4127 certi
382 4059 518 4147 negocii
539 4084 642 4129 causa
659 4060 786 4128 missus
801 4074 904 4141 esset,
930 4084 991 4127 ve-

120 4162 152 4231 in
170 4156 386 4255 Argyropyli
408 4160 644 4246 auditorium,
668 4161 732 4255 qni
748 4173 834 4230 tuuc
852 4158 991 4231 Romae

119 4290 126 4334 ι
140 4287 222 4335 cum
240 4260 487 4333 landeGraece
501 4264 661 4339 docebat.
694 4259 991 4355 CnnqueGapnio

118 4379 200 4435 nter
213 4365 364 4435 salutato
379 4364 604 4460 Argyropylo
620 4368 658 4435 in
677 4387 841 4435 consessu
858 4366 989 4434 multo·

119 4467 387 4537 loctissimorum
417 4462 604 4536 hominum
631 4466 846 4557 exposuisset
870 4467 921 4550 ei,
954 4490 990 4535 se

119 4593 179 4639 tem
195 4567 415 4639 Germanum
433 4569 616 4641 incensum
637 4571 756 4640 studio
773 4566 988 4637 Graecarum

118 4693 200 4754 um,
225 4671 394 4759 gratulari
412 4672 480 4739 sibi
497 4696 574 4740 eam
591 4673 788 4752 loctunam,
816 4675 910 4762 quod
928 4696 989 4740 oc·

118 4774 278 4843 audiendi
298 4774 408 4863 ipsius
424 4775 642 4863 contigisset,
668 4798 739 4868 quo
756 4772 827 4841 illis
843 4774 988 4866 quidem

118 4876 216 4947 ribus
234 4899 340 4944 nemo
363 4876 402 4943 in
419 4871 650 4968 Philosophia
664 4890 698 4947 et
716 4874 852 4947 Graeca
867 4877 988 4964 lingua

117 4978 422 5070 rpmedicaretur,
448 4993 661 5072 orassetque,
681 4991 722 5048 ut
734 4978 804 5047 sibi
818 4978 989 5046 audiendi

117 5093 202 5150 rtem
234 5080 381 5148 laceret:
420 5080 612 5151 delectatus
637 5078 883 5174 Argyropylus
907 5104 988 5148 ora·

117 5180 321 5272 llspnionis,
348 5204 427 5251 cum
443 5206 587 5273 operam
610 5205 710 5252 snam
734 5183 887 5272 henigne
909 5182 988 5274 pol·

124 5297 233 5367 esset,
253 5283 459 5373 interrogat,
485 5307 530 5352 an
547 5285 701 5374 attigerit
717 5298 818 5354 antea
834 5284 988 5355 Graecas

116 5432 126 5457 .
173 5384 313 5477 Capnio
328 5385 396 5468 ait,
421 5410 457 5456 se
474 5384 634 5457 Basileae
656 5387 696 5458 in
708 5386 901 5460 Germania
924 5413 990 5458 au-

116 5488 252 5579 linguae
282 5489 469 5560 elementa.
526 5486 730 5563 Enarrahat
752 5503 870 5563 antem
898 5494 989 5565 forte

1051 493 1297 596 Argyropylus
1313 499 1581 597 Thucydidem,
1609 496 1707 573 hunc
1731 496 1874 581 exhibet
1895 504 1971 590 illi,
2003 528 2045 577 ae

1050 604 1148 674 iubet
1166 605 1297 694 legere,
1321 606 1451 674 deinde
1465 605 1569 676 etiam
1585 604 1821 696 interpretari.
1871 604 1962 678 Cum
1978 630 2043 677 au-

1049 718 1119 775 tem
1140 720 1175 777 et
1193 709 1348 775 suaviter
1365 708 1618 799 pronunciaret
1635 703 1773 799 Capnio
1798 705 1923 804 (audio
1947 709 2041 778 enirn

1050 809 1311 900 perstudiosum
1329 809 1435 881 luisse
1449 823 1542 880 recte
1558 805 1887 906 pronunciationis)
1908 825 1943 880 et
1961 833 2042 881 sen-

1050 911 1196 980 tentiam
1221 911 1269 980 sic
1293 911 1376 981 satis
1398 910 1527 982 Latine
1551 914 1733 993 redderet,
1760 914 1812 981 ibi
1827 937 1911 983 vero
1927 911 2042 983 Grae-

1050 1037 1110 1083 cus
1134 1013 1196 1081 ille
1218 1014 1417 1093 admirans,
1451 1015 1626 1084 convertit
1648 1035 1683 1084 se
1704 1015 1748 1082 ad
1774 1017 1973 1101 auditores,
2007 1028 2042 1086 et

1050 1116 1265 1184 exclamans:
1301 1113 1414 1201 Ecce,
1447 1117 1585 1210 inquit,
1613 1113 1762 1186 Graecia
1788 1132 1910 1188 nostro
1936 1117 2041 1186 exilio

1049 1217 1282 1287 transvolavit
1308 1216 1425 1308 Alpes.
1488 1219 1595 1307 Quod
1630 1243 1833 1313 quanquam
1868 1220 1930 1287 ille
1958 1243 2041 1291 vere

1049 1320 1156 1404 dixit,
1180 1343 1263 1389 nam
1285 1322 1403 1390 exules
1420 1319 1549 1391 Graeci
1571 1323 1805 1390 accenderunt
1823 1315 1909 1390 haec
1925 1321 2040 1391 studia

1049 1423 1142 1510 apud
1165 1420 1329 1506 Latinos,
1363 1436 1481 1492 tamen
1510 1447 1571 1492 vos
1602 1424 1649 1492 ita
1674 1424 1874 1492 existimare
1896 1423 2042 1509 debetis,

1048 1523 1221 1592 divinitus
1239 1525 1415 1609 accidisse,
1442 1550 1487 1594 ne
1501 1525 1625 1595 inlusis
1643 1527 1681 1593 in
1696 1522 1882 1595 Graeciam
1901 1524 2040 1606 Turcis,

1048 1649 1087 1695 ac
1104 1625 1217 1696 deleta
1240 1627 1384 1695 natione
1398 1622 1635 1711 Graecorum,
1660 1628 1780 1717 lingua
1799 1627 1903 1696 etiam
1928 1628 2038 1697 inter·

1048 1728 1180 1798 cideret
1203 1723 1380 1797 Ecclesiae
1405 1729 1580 1820 imprimis
1611 1730 1822 1815 necessaria3
1856 1729 1976 1823 itaque
2002 1730 2040 1798 in

1048 1825 1111 1898 has
1127 1828 1289 1900 nationes
1311 1830 1480 1920 singulari
1494 1829 1562 1901 Dei
1582 1830 1753 1901 beneficio
1772 1845 1962 1924 propagata
1978 1845 2041 1906 est.

1049 1931 1171 2025 Neque
1193 1956 1279 2002 vero
1310 1934 1431 2023 negari
1460 1946 1597 2026 potest,
1631 1934 1826 2025 plurimum
1851 1934 1939 2003 lucis
1961 1955 2039 2004 eam

1048 2033 1224 2119 attulisse,
1252 2058 1332 2104 cum
1358 2036 1437 2105 aliis
1459 2036 1595 2105 artibus
1616 2037 1802 2114 omnibus,
1835 2051 1910 2105 tum
1932 2035 2039 2106 etiam

1046 2136 1153 2205 sacris
1169 2136 1290 2207 literis.
1339 2134 1575 2231 Eloquentiae
1590 2139 1705 2208 studia
1722 2137 1869 2208 mirifice
1884 2138 2040 2225 adiuvit3

1047 2263 1129 2307 nam
1144 2238 1221 2306 sine
1231 2237 1375 2309 Graecis
1389 2240 1575 2311 autoribus
1591 2240 1741 2328 intelligi
1752 2238 1873 2310 Latini
1889 2241 2040 2332 scripto-

1047 2364 1102 2408 res
1128 2364 1202 2409 non
1234 2355 1408 2432 poterant·
1460 2341 1610 2412 Aditum
1640 2342 1722 2411 lecit
1748 2343 1791 2410 ad
1820 2339 2038 2412 Germanam

1047 2437 1327 2535 Philosophiam.
1379 2443 1501 2536 Neque
1522 2459 1660 2515 tantum
1684 2445 1729 2513 ad
1753 2440 1982 2515 Aristotelem
2004 2457 2039 2515 et

1047 2541 1203 2615 Graecos
1229 2544 1408 2630 Medicus,
1442 2547 1627 2616 sedetiam
1653 2548 1698 2615 ad
1719 2546 1870 2636 optimos
1897 2559 2039 2618 autores

1046 2641 1326 2721 Mathematices.
1386 2646 1569 2736 Quantum
1595 2648 1690 2718 enim
1714 2649 1882 2718 dehemus
1903 2643 1960 2718 his
1974 2649 2038 2742 qui

1046 2744 1221 2818 Eucliden
1243 2764 1277 2819 et
1298 2748 1519 2820 Ptolemeum
1537 2748 1664 2821 Latine
1683 2750 1887 2820 verterunt?
1917 2747 1960 2820 ln
1981 2745 2039 2820 his

1045 2851 1275 2942 expoliendis,
1300 2865 1334 2921 et
1349 2847 1416 2922 hoc
1432 2865 1506 2924 toto
1521 2875 1647 2941 genere
1663 2852 1794 2923 artium
1811 2852 2037 2933 illustrando,

1046 2953 1206 3024 videmus
1235 2967 1354 3044 postea
1377 2952 1548 3024 Ioannem
1572 2952 1899 3045 Regiomontanum
1924 2955 2038 3024 civem

1045 3078 1180 3139 meum,
1215 3052 1363 3125 Graecis
1391 3058 1504 3128 literis
1528 3056 1631 3125 valde
1663 3057 1824 3147 adiutum
1857 3079 1940 3126 esse.
1989 3052 2038 3127 Et

1046 3157 1213 3225 nonnulli
1242 3182 1338 3228 nunc
1361 3184 1501 3252 quoqne
1527 3158 1564 3226 in
1591 3157 1805 3238 Germania,
1839 3158 1901 3251 qui
1925 3159 2039 3228 excel-

1044 3260 1122 3328 lunt
1144 3256 1301 3329 Graecae
1321 3260 1464 3350 linguae
1486 3261 1705 3350 cognitione,
1735 3260 1893 3330 studium
1917 3261 2038 3330 confe-

1044 3373 1129 3430 runt
1145 3361 1187 3428 ad
1204 3364 1386 3431 ornandos
1402 3352 1476 3431 eins
1500 3362 1637 3451 generis
1652 3376 1803 3433 autores.
1855 3358 1949 3430 Boni
1968 3362 2036 3430 viri

1044 3483 1157 3529 sacras
1182 3461 1301 3530 literas
1328 3475 1360 3531 et
1387 3488 1504 3530 amare
1525 3464 1637 3552 magis
1667 3478 1702 3534 et
1730 3476 1881 3535 tractare
1911 3463 2035 3555 purius

1044 3579 1254 3655 coeperunt,
1283 3565 1463 3654 patefactis
1478 3565 1649 3635 lontibus.

1145 3662 1219 3733 Has
1235 3680 1345 3752 artes,
1377 3692 1463 3760 quas
1487 3666 1665 3752 recensui,
1691 3667 1841 3737 obruere
1862 3690 1901 3735 ac
1918 3667 2035 3736 delere

1043 3766 1176 3836 tristius
1190 3769 1317 3850 luerit,
1343 3792 1449 3861 quam
1464 3771 1573 3839 solem
1590 3793 1609 3838 e
1625 3770 1760 3838 mundo
1774 3768 1911 3843 tollere.
1963 3767 2035 3839 Ne·

1043 3892 1111 3963 que
1127 3893 1209 3940 vero
1232 3870 1309 3940 sine
1325 3872 1526 3960 cognitione
1541 3871 1807 3964 peregrinarum
1830 3870 2034 3960 linguanrm

1043 3972 1187 4040 retineri
1209 3996 1329 4043 earnm
1355 3975 1524 4065 possessio
1544 3986 1673 4066 potest.
1725 3971 1806 4062 Qua
1822 3996 1917 4042 exre
1932 3972 2034 4042 facile

1043 4074 1192 4143 indicari
1214 4088 1343 4167 potest,
1370 4076 1571 4165 linguarum
1593 4074 1761 4146 noticiam
1777 4098 1851 4144 non
1867 4097 1940 4144 esse
1957 4075 2034 4145 leve

1042 4188 1103 4245 aut
1125 4176 1270 4265 vulgare
1292 4177 1358 4249 Dei
1383 4179 1530 4248 doraum.
1592 4174 1695 4266 Quae
1717 4190 1835 4247 autem
1860 4177 2034 4269 impietas,

1042 4279 1139 4371 quod
1157 4278 1269 4348 scelus
1287 4292 1355 4363 est,
1380 4280 1450 4350 tale
1467 4282 1623 4360 donum,
1649 4278 1751 4350 cuius
1765 4302 1851 4349 usus
1874 4291 1943 4350 tarn
1963 4279 2034 4349 late

1043 4393 1148 4469 patet,
1174 4381 1366 4468 aspernari,
1391 4395 1426 4452 et
1441 4381 1613 4452 divinitus
1630 4382 1768 4452 illatum
1784 4382 1823 4449 in
1838 4374 1902 4450 has
1917 4381 2033 4448 natio-

1042 4505 1104 4549 nes
1120 4506 1242 4552 rursns
1259 4484 1445 4573 explodere
1463 4496 1569 4577 atque
1587 4483 1735 4553 eiicere?
1767 4481 1876 4571 Leges
1891 4480 2033 4573 publice

1041 4584 1206 4654 atrociter
1227 4586 1384 4674 puniunt
1400 4586 1599 4677 sacrilegia3
1625 4598 1661 4657 at
1675 4586 1790 4655 maius
1810 4582 2032 4673 sacrilegium

1041 4697 1112 4770 est,
1150 4681 1344 4755 Ecclesiam
1386 4690 1538 4779 spoliare
1581 4689 1780 4777 linguarum
1819 4684 2033 4775 cognitione,

1040 4812 1146 4881 quam
1163 4810 1268 4856 aurea
1283 4802 1343 4859 ant
1362 4804 1522 4879 argentea
1543 4789 1770 4883 supellectile.
1823 4784 1920 4856 llaec
1936 4786 2033 4856 enim

1041 4890 1202 4959 coelestia
1219 4894 1311 4959 dona
1329 4887 1524 4981 Evaugelio
1541 4892 1654 4962 lucem
1671 4891 1841 4972 afferunt,
1864 4902 1898 4959 et
1913 4888 2032 4960 verina

1040 5004 1122 5061 sunt
1139 4988 1317 5061 Ecclesiae
1333 4995 1508 5085 supellex,
1529 5018 1636 5087 quam
1652 4991 1725 5061 nlla
1743 5003 1949 5061 ornamenta
1966 5016 2030 5061 an-

1039 5116 1110 5166 rea.
1160 5090 1286 5186 Neque
1302 5096 1397 5164 enim
1419 5096 1570 5166 dubium
1586 5108 1655 5173 est,
1681 5092 1769 5184 quin
1791 5093 1834 5161 ad
1851 5087 1944 5163 hanc
1958 5092 2031 5162 uti-

1039 5193 1173 5264 litatem
1196 5195 1291 5266 Deus
1316 5192 1511 5287 Evangelio
1536 5196 1713 5266 addiderit
1731 5196 1866 5265 donum
1890 5196 2030 5284 lingua-

1039 5319 1138 5380 rum,
1164 5310 1204 5366 ut
1225 5312 1370 5382 vocant,
1395 5314 1434 5370 ut
1459 5300 1503 5369 ad
1527 5321 1641 5368 sacras
1663 5296 1782 5366 literas
1808 5297 2031 5391 explicandas

1038 5400 1250 5471 conducant.
1289 5396 1411 5493 ltaque
1426 5401 1614 5492 sacrilegos
1627 5400 1712 5470 istos
1725 5399 1928 5488 linguarum
1943 5420 2030 5468 con-

1037 5512 1230 5593 temptores
1252 5515 1373 5595 putate
1395 5503 1434 5573 in
1456 5502 1549 5595 ipsas
1565 5524 1643 5573 aras
1659 5524 1699 5573 ac
1712 5501 1843 5593 templa
1858 5500 2030 5593 impetum
