4664 6022
141 276 218 356 soa
834 267 997 346 ouen
1042 267 1119 344 ou
1154 263 1486 345 annaosro.
1917 370 1921 389 Ι
2103 273 2170 351 ιιι
2212 244 2214 249 ’

94 452 269 534 Deum,
294 449 339 520 ad
355 446 567 537 mitigandas
584 443 797 514 calamitates
812 442 981 534 publicas.
1036 440 1135 513 ldem
1188 455 1364 513 eramenta
1383 442 1557 515 divinitus
1580 442 1726 515 tradita:
1754 456 1789 514 et
1804 456 1844 517 ut
1867 444 2042 516 barbarae
2063 457 2171 536 gentes

142 555 352 647 precabatur
367 550 489 642 etipse
504 547 710 618 ardentibus
724 544 833 630 votis,
855 545 997 636 publice
1013 559 1046 615 et
1060 547 1137 637 pri·
1187 546 1436 637 superstitione
1457 547 1569 637 magis
1589 546 1855 634 devinciamur,
1880 548 2127 640 albngentur
2117 571 2171 619 no-

145 656 276 739 vatim,
320 653 551 723 confirmabat
582 674 681 734 suos,
714 672 759 717 ne
783 648 884 717 fracti
912 644 1136 718 ethnicorum
1188 673 1252 719 vae
1269 649 1466 740 opiniones.
1518 647 1567 720 Ut
1583 647 1771 719 Persarum
1786 647 1932 740 Reges
1921 675 2041 743 agnem
2065 648 2172 720 colue-

145 771 206 830 aut
228 753 487 826 baereticorum
518 753 746 837 crudelitate,
788 775 906 820 veram
937 752 1136 821 doctrinam
1188 764 1294 835 runt,
1326 775 1367 820 ac
1396 751 1536 821 adorari
1569 752 1779 838 voluerunt,
1819 777 1925 846 quem
1953 748 2171 824 Orimasdan

147 860 349 931 obiicerent.
399 854 468 929 F
433 870 555 949 urtque
589 854 621 925 ci
648 867 800 923 extrema
826 854 1027 924 lucubratio
1056 865 1138 923 ante
1190 853 1427 945 appellabant.
1479 851 1532 924 lta
1548 854 1756 945 spectacula,
1781 867 1858 925 tum
1873 868 2083 939 statuarum,
2108 866 2170 923 tun

147 976 317 1040 mortem,
356 959 531 1030 enarratio
566 956 696 1027 Psalmi
723 955 981 1049 quadragesimi
1009 957 1138 1049 quarti,
1190 956 1338 1027 aliarum
1364 979 1482 1026 rerum
1506 953 1597 1026 inter
1623 957 1794 1026 barbaros
1823 959 1958 1048 posteri
1984 958 2170 1028 instituent.

149 1066 249 1136 cuius
263 1062 407 1132 initium
421 1074 488 1132 est:
507 1055 604 1130 Deus
620 1059 765 1128 auribus
780 1059 911 1129 nostris
925 1058 1139 1132 audivimus.
1190 1056 1286 1128 Toto
1310 1059 1417 1146 igitur
1438 1059 1525 1128 orbe
1547 1072 1741 1145 terrarum,
1775 1073 1836 1130 aut
1861 1061 2029 1134 iacebunt
2050 1059 2170 1131 deleas

149 1164 203 1237 Ac
223 1168 343 1237 ferunt
368 1164 407 1233 in
430 1159 496 1232 hac
524 1162 599 1252 ipsa
628 1161 875 1232 lucubratione
901 1185 1008 1254 supra
1035 1173 1141 1254 caput
1189 1156 1387 1245 Ecclesiae,
1426 1175 1488 1230 aut
1529 1162 1673 1232 stabunt
1711 1162 1913 1256 squalentes
1952 1179 1990 1238 et
2031 1160 2170 1256 pollutae

26 1312 29 1317 ·
149 1266 332 1340 Ambrosii
356 1267 534 1335 flammam
557 1277 779 1356 conspectam
795 1287 868 1333 esse
890 1264 999 1353 figura
1015 1256 1144 1359 clypeit
1192 1263 1329 1353 magnis
1345 1277 1380 1335 et
1394 1263 1568 1354 pestiferis
1583 1264 1775 1335 erroribus.

151 1395 240 1464 quae
264 1383 384 1461 postea
399 1368 566 1438 delabens
583 1366 756 1484 fulgorem
774 1366 982 1438 inusitatum
999 1367 1037 1435 in
1052 1364 1140 1436 facie
1294 1363 1440 1438 Interim
1471 1363 1641 1458 Episcopi
1669 1367 1857 1462 tyrannico
1891 1388 1991 1436 more
2020 1366 2170 1438 domina-

150 1473 335 1566 sparserit,
362 1484 397 1540 et
411 1494 472 1538 ore
489 1465 612 1537 bansta
626 1467 683 1538 sit.
1192 1469 1349 1552 buntur,
1390 1467 1535 1537 abiectis
1569 1467 1698 1538 studiis
1733 1469 1915 1539 doctrinae
1949 1464 2171 1555 Christianae,

249 1571 341 1644 Cum
358 1587 473 1643 autem
489 1595 531 1639 co
552 1571 629 1662 ipso
647 1583 805 1661 tempore
828 1549 901 1639 non
920 1569 1036 1641 solum
1060 1593 1142 1659 per·
1193 1570 1361 1659 neglectis
1375 1566 1542 1640 Ecclesiis
1559 1584 1753 1663 sequentur
1766 1569 1905 1662 Regum
1919 1571 2042 1656 aulas,
2067 1586 2170 1661 regent

150 1689 282 1749 texeret
304 1675 584 1753 enarrationem,
621 1673 681 1741 sed
711 1673 815 1742 etiam
849 1693 992 1760 gemens
1016 1696 1055 1743 ac
1088 1671 1141 1740 la·
1194 1673 1346 1742 mundi
1336 1673 1494 1791 imperia,
1511 1667 1696 1743 habebunt
1710 1674 1892 1744 devinctos
1906 1672 1976 1742 srbr
1992 1670 2171 1766 Principes,

150 1772 340 1872 chrymans
362 1789 444 1846 vota
465 1776 596 1845 taceret
617 1771 881 1865 proEcclesia,
918 1775 1032 1867 deque
1053 1798 1141 1843 ven·
1194 1798 1346 1869 quorum
1362 1774 1491 1845 muniti
1512 1774 1716 1868 praesidiis,
1740 1798 1823 1847 suos
1843 1798 1981 1847 errores
1996 1776 2172 1849 defendent

150 1879 241 1952 turis
258 1877 517 1949 calamitatibus
534 1876 805 1961 vaticinaretur,
829 1899 903 1944 non
921 1877 1071 1947 dubium
1091 1890 1142 1948 est
1194 1899 1319 1967 magna
1335 1877 1491 1951 saevitia.
1543 1874 1661 1949 Erunt
1676 1878 1805 1973 reliqui
1821 1877 1936 1971 pauci,
1963 1877 2018 1969 pii
2033 1891 2069 1950 et
2083 1877 2172 1967 docti

150 1994 272 2074 pectus
287 1981 362 2051 eius
376 1981 500 2050 divino
522 1978 651 2070 spiritu
672 1978 856 2049 incensum
879 1977 1000 2060 tuisse,
1027 1979 1087 2073 qui
1105 2001 1141 2048 se
1195 1977 1255 2072 qui
1273 1974 1366 2049 hanc
1382 1979 1704 2074 querelamPsalmi
1720 1983 1916 2052 sonabunt:
1942 1978 2052 2052 Nunc
2069 1995 2169 2053 auten

151 2084 190 2154 in
206 2108 246 2153 ea
261 2083 402 2152 flamma
418 2083 583 2168 ostendit,
607 2094 645 2151 ut
663 2104 744 2152 cum
758 2080 1012 2172 Apostolorum
1027 2079 1141 2152 coetui
1195 2082 1355 2174 repulisti
1372 2096 1406 2151 et
1422 2082 1613 2153 confudisti
1630 2107 1705 2156 nos.

60 2238 66 2250 .
151 2184 293 2278 publice
310 2181 487 2257 exhibitus
501 2197 564 2259 est.
604 2179 693 2254 Erat
706 2196 822 2255 autem
837 2183 1041 2255 admonitus
1057 2206 1143 2253 voce
1295 2181 1418 2277 Neque
1434 2196 1551 2254 tamen
1566 2184 1729 2255 funditus
1745 2179 2170 2272 interibitEcclesiavera3

148 2278 303 2370 Psalmi,
328 2300 369 2358 ut
392 2288 435 2358 de
460 2300 611 2357 ventura
625 2285 821 2356 mutatione
835 2280 1014 2356 Ecclesiae
1030 2286 1143 2356 multa
1194 2309 1277 2356 nam
1302 2280 1362 2355 bic
1385 2287 1459 2379 ipse
1480 2284 1642 2358 Psalmus
1664 2286 1799 2380 inquit:
1823 2284 1920 2358 Haec
1942 2286 2070 2376 omnia
2084 2311 2170 2358 vene·
2202 2312 2205 2317 ·

151 2389 379 2484 praediceret.
428 2386 587 2459 Psalmus
613 2401 736 2458 narrat
756 2384 949 2457 Ecclesiam
972 2413 1045 2457 non
1072 2384 1142 2459 hu·
1196 2401 1282 2459 runt
1304 2412 1511 2482 supernos,
1536 2389 1719 2460 necobliti
1741 2400 1923 2464 sumuste.
1974 2383 2064 2463 Erit
2083 2389 2170 2481 igitur

150 2495 267 2562 manis
292 2494 445 2574 viribus,
478 2493 538 2560 sed
572 2489 743 2560 mirandis
767 2487 834 2560 Dei
860 2487 962 2561 factis
991 2489 1142 2581 gloriose
1195 2490 1341 2581 exiguus
1366 2506 1502 2577 coetus,
1536 2491 1599 2586 qui
1621 2486 1855 2583 Evangelium
1885 2489 1952 2561 filii
1970 2487 2046 2562 Dei
2073 2490 2172 2577 disce,

151 2594 377 2667 constitutam
395 2608 428 2665 et
445 2606 605 2663 ornatam
621 2615 704 2664 esse.
754 2587 931 2661 Extremis
947 2618 1031 2662 vero
1053 2607 1137 2663 tem·
1195 2592 1339 2678 amabit,
1361 2607 1536 2686 proponet
1550 2593 1707 2674 caeteris,
1733 2593 1943 2687 propagabit
1957 2594 2006 2663 ad
2023 2607 2172 2687 posteros,

150 2697 297 2792 poribus
312 2721 386 2765 non
399 2695 475 2765 fore
490 2695 641 2764 similem
658 2693 826 2784 gloriam,
851 2695 1033 2789 magisque
1047 2716 1143 2784 gras-
1196 2694 1333 2765 etiamsi
1348 2697 1533 2766 subeunda
1549 2708 1654 2765 erunt
1670 2696 1767 2765 varia
1784 2695 1978 2766 certamina
2002 2709 2039 2768 et
2058 2694 2172 2790 suppli·

151 2814 304 2871 saturam
321 2823 394 2868 esse
408 2813 640 2892 tyrannorum
657 2819 864 2877 saeviciam
890 2820 996 2912 quam
1014 2810 1127 2867 antea.
1196 2797 1261 2868 cia.
1311 2796 1381 2869 Sed
1397 2797 1496 2866 duris
1509 2810 1550 2867 ut
1564 2797 1633 2866 rlex
1649 2809 1750 2868 tonsa
1766 2797 1998 2891 bipennibus
2021 2799 2071 2871 rta
2087 2794 2172 2870 etbrt

252 2897 351 2970 Haec
363 2894 761 2969 enarravrtAmbrosrus
775 2920 963 2988 copiosius
989 2898 1142 2968 extincto
1196 2913 1332 2979 coetus,
1358 2923 1421 2989 per
1436 2901 1575 2985 damna
1600 2922 1663 2989 por
1676 2923 1791 2982 neces
1817 2899 1956 2994 abipso
1972 2901 2086 2972 clucet
2098 2922 2172 2995 opst.

153 2997 391 3073 Theodosio
380 3001 515 3121 inquit,
540 3012 621 3070 ruet
640 2994 726 3070 baec
741 2995 904 3071 Romana
920 2997 1142 3071 Monarcbra.
1196 3024 1424 3095 animumque
1440 3002 1545 3076 ferro
1581 2998 1705 3070 Haec
1694 3002 1824 3096 rnqort,
1840 3002 2167 3095 praemonuitlleus

150 3103 291 3174 Vrdetrs
305 3129 400 3173 emm
423 3103 492 3172 iam
516 3103 684 3173 barbaras
697 3101 858 3170 nationes
872 3102 1041 3197 utrmque
1054 3128 1143 3196 pene
1195 3128 1241 3173 ne
1268 3127 1349 3173 cum
1371 3104 1571 3174 videbimus
1593 3103 1751 3197 quassari
1773 3106 1897 3175 orbem
1925 3110 2169 3227 terrarumqtl
2212 3172 2214 3181 .

150 3205 382 3276 obsidione
352 3229 500 3276 cinxisse
515 3201 665 3277 ltaliam.
708 3201 846 3272 Harum
867 3205 1069 3278 ormiscum
1086 3205 1143 3275 di·
1194 3206 1270 3275 lieri
1294 3206 1559 3298 dissipationes,
1593 3229 1744 3299 quarum
1766 3207 1897 3276 exitum
1914 3230 1993 3276 non
2018 3202 2173 3300 prospici·

151 3308 364 3378 lacerabitur
386 3307 594 3399 imperium,
624 3307 754 3399 passim
776 3312 850 3376 toto
867 3308 953 3376 orbe
967 3322 1142 3379 terrarum
1194 3330 1295 3393 mus,
1321 3308 1559 3380 existimemus
1577 3309 1720 3399 penitus
1737 3308 1961 3379 interituram
1979 3306 2174 3380 esseEccle·

150 3407 328 3480 Ecclesiae
369 3411 506 3480 duriter
544 3410 815 3504 quassabantur.
875 3405 974 3480 Alibi
1010 3434 1141 3479 nomen
1194 3412 1294 3480 siam.
1347 3409 1416 3482 Sed
1442 3424 1635 3483 statuamus
1656 3433 1739 3479 vere
1759 3406 1955 3481 Ecclesiam
1980 3434 2078 3496 esse,
2102 3429 2174 3504 quat

150 3507 286 3583 Christi
321 3511 515 3596 delebitur,
551 3511 638 3581 alibi
671 3511 896 3580 confusiones
929 3513 1140 3602 religionum
1194 3513 1323 3583 retinet
1346 3536 1469 3604 puram
1487 3509 1672 3601 Evangelii
1695 3512 1916 3601 doctrinam,
1941 3524 1976 3582 et
2002 3506 2091 3584 huic
2112 3534 2175 3583 cos·

150 3629 265 3684 erunt.
315 3611 426 3685 Utin
449 3611 589 3694 Alrica,
623 3611 776 3682 Vandali
803 3626 900 3682 tanta
924 3614 1142 3684 immanitate
1195 3615 1258 3698 tui,
1273 3610 1328 3684 his
1343 3612 1594 3687 studiisDeum
1610 3613 1765 3706 aliquam
1781 3613 1820 3683 in
1834 3615 1938 3685 terris
1952 3615 2078 3686 sedem
2091 3612 2214 3703 attai-

149 3716 392 3835 propagabant
408 3711 634 3785 Arianum
600 3739 716 3794 varus,
741 3728 781 3785 ut
791 3715 945 3785 nudatas
961 3731 1142 3786 matronas
1193 3717 1364 3789 buturum
1386 3741 1469 3788 esse.
1518 3715 1738 3788 Retinenda
1746 3730 1799 3788 est
1819 3715 1929 3807 igitur
1947 3718 2133 3802 doctrina,
2151 3727 2176 3784 et
2211 3716 2214 3811 1

149 3840 190 3888 ac
204 3840 358 3909 virgines
374 3818 413 3886 in
429 3832 617 3910 conspectu
633 3816 756 3908 populi
772 3830 927 3888 urerent.
976 3816 1046 3888 Hic
1062 3840 1142 3887 vere
1194 3820 1370 3890 constanti
1401 3818 1522 3888 animo
1556 3819 1801 3909 propaganda,
1835 3833 1876 3890 ut
1903 3819 1979 3891 sint
2006 3820 2074 3916 qui
2099 3832 2176 3892 recte

150 3921 299 3990 sonabat
313 3944 381 3989 vox
404 3919 464 3989 illa
487 3914 595 3989 huius
612 3915 761 3988 Psalmi:
787 3917 940 4011 Propter
959 3933 994 3992 te
1014 3921 1142 3990 morti·
1192 3917 1336 3991 Deum
1325 3933 1503 3991 invocent

149 4022 296 4093 beamur
309 4034 382 4092 tota
395 4023 473 4107 dre
495 4020 667 4091 aestimati
689 4043 811 4092 sumus
832 4020 923 4093 sicut
940 4046 1025 4094 oves
1047 4022 1140 4092 occi·
1295 4020 1460 4092 Vicissim
1475 4018 1572 4091 Deus
1587 4020 1723 4140 aliquas
1737 4020 1879 4113 politiae
1897 4023 2076 4109 servabit,
2102 4040 2177 4117 quat

150 4122 271 4193 sionis.
1192 4126 1387 4216 praebeant
1419 4119 1658 4215 hospitium
1647 4148 1686 4192 ιιι
1720 4125 1841 4204 terris,
1884 4117 1969 4195 huic
1999 4121 2178 4197 Ecclesiae.

251 4221 390 4294 Deinde
413 4224 462 4295 ait
484 4221 695 4296 Ambrosius
719 4221 844 4294 banc'
833 4224 974 4316 imperii
998 4227 1138 4297 ruinam
1192 4224 1289 4296 llaec
1322 4225 1390 4295 suit
1422 4223 1603 4294 Ambrosii
1639 4240 1812 4316 postrema
1846 4227 1992 4310 concio,
2030 4227 2178 4348 exposito

150 4325 264 4395 maior
285 4326 353 4396 alia
375 4327 490 4395 clades
517 4339 678 4396 secutura
704 4341 766 4398 est.
823 4324 953 4396 Daniel
978 4329 1138 4400 futurum
1192 4327 1324 4400 Psalmi
1347 4326 1444 4397 illius
1467 4340 1695 4416 argumento,
1721 4350 1827 4421 quam
1850 4351 1891 4398 eo
1914 4327 2087 4416 recitavi,
2109 4327 2180 4422 quit

150 4442 312 4514 testatur,
338 4443 378 4499 ut
396 4424 745 4522 quartaMonarcbia
763 4428 976 4519 dissipata,
964 4455 1002 4499 ιιι
1020 4431 1140 4526 aliqua
1192 4445 1228 4502 et
1243 4430 1346 4500 uobis
1361 4424 1463 4499 boc
1451 4453 1528 4520 apso
1551 4442 1709 4520 tempore
1733 4429 1965 4500 necessariam
1979 4423 2080 4502 hanc
2096 4418 2199 4502 cota·¹

150 4545 248 4619 parte
261 4554 394 4601 novum
410 4553 557 4619 regnum
572 4529 761 4610 exortatur
785 4533 880 4624 quod
896 4532 1030 4602 bellum
1045 4548 1139 4623 geret
1190 4533 1484 4604 monelactionem
1513 4544 1548 4601 et
1567 4525 1849 4602 cohortationem
1864 4554 1939 4602 esse
1955 4533 2066 4615 duco.
2117 4532 2180 4603 Res

150 4656 229 4701 cum
246 4629 385 4716 sanctis,
405 4646 439 4702 et
456 4655 636 4702 sermones
652 4627 875 4722 blasphemos
887 4650 1007 4704 contra
1022 4633 1137 4705 Deum
1191 4635 1345 4704 ostendit
1369 4632 1477 4702 nimis
1492 4655 1610 4702 veram
1633 4656 1706 4701 esse
1727 4633 2027 4724 praedictionem,
2061 4636 2180 4728 deque

150 4748 332 4804 aeternum
354 4734 660 4825 impudentissime
684 4733 853 4809 effundet.
908 4735 1040 4806 Vidit
1030 4738 1139 4828 agitur
1190 4731 1403 4806 Ambrosius
1425 4735 1654 4805 concionatus
1676 4749 1729 4804 est
1752 4735 1946 4826 collapso
1934 4738 2092 4828 ampetio
2113 4732 2181 4809 Eo·

150 4830 347 4905 Mabomcti
376 4860 524 4926 regnum
556 4860 636 4904 mox
665 4848 867 4906 secuturum
896 4862 988 4921 esse,
1020 4864 1040 4907 a
1066 4865 1137 4933 quo
1190 4862 1317 4921 nuzino,
1342 4850 1458 4906 secuta
1476 4851 1524 4905 est
1540 4837 1700 4930 tyrannis
1717 4831 1928 4924 Mabometi,
1954 4862 2049 4932 qnae
2065 4834 2181 4911 Eccle-

103 4941 106 4947 '
148 4950 267 5026 postea
291 4939 330 5006 in
357 4962 484 5028 magna
507 4949 606 5028 parte
636 4937 734 5007 orbis
762 4953 934 5009 terrarum
959 4937 1138 5011 Ecclesiae
1190 4940 1259 5010 sias
1287 4940 1450 5009 funditus
1483 4937 1612 5009 delevit
1643 4938 1681 5007 in
1705 4936 1827 5008 Africa
1860 4953 1895 5012 ct
1925 4963 2058 5031 magna
2086 4940 2182 5012 Asiae

148 5037 308 5108 funditus
339 5039 474 5109 deletae
506 5055 601 5113 sunt.
653 5033 753 5110 Alibi
786 5065 871 5110 vero
905 5043 969 5111 ubi
1004 5067 1137 5113 nomen
1189 5055 1295 5132 atque
1318 5037 1483 5131 Europae
1505 5055 1614 5131 parte.
1667 5036 1716 5111 Et
1737 5064 1834 5112 nuuc
1857 5043 1927 5113 late
1949 5040 2181 5131 grasnturin

146 5135 280 5211 Christi
295 5142 515 5226 retinebitur
541 5142 656 5212 lucem
672 5142 861 5232 Evangelii
875 5144 982 5213 densa
997 5158 1033 5214 et
1046 5157 1135 5215 tetra
1189 5145 1304 5215 vicina
1322 5142 1527 5227 Pannonia,
1553 5157 1586 5212 et
1601 5167 1690 5233 pene
1706 5144 1848 5214 obsidet
1863 5140 2113 5215 Germaniam
2171 5213 2174 5218 .

15 5230 36 5249 ”
145 5243 257 5333 caligo
296 5245 441 5328 obruet,
485 5245 648 5314 colentur
678 5239 821 5315 ctbnico
856 5268 955 5313 more
987 5243 1135 5327 lleroes,
1265 5244 1343 5318 Etsi
1361 5260 1477 5316 autem
1494 5268 1624 5336 paucae
1638 5247 1840 5338 quaedam
1829 5270 1867 5315 ιιι
1879 5243 2033 5317 Graecra
2050 5261 2087 5317 et
2104 5241 2180 5338 ΙΙΙ]-

142 5340 737 5437 Episcopibarbaricisnationibus
752 5346 992 5436 gratificaturi,
1010 5350 1135 5420 statuis
1186 5349 1261 5419 rico
1278 5349 1436 5443 reliquae
1450 5360 1535 5417 sunt
1548 5341 1738 5430 Ecclesiae
1764 5361 1883 5417 tamen
1896 5347 1981 5439 quia
1996 5368 2180 5418 aerumno-

144 5448 274 5539 templa
296 5448 536 5541 complebunt.
586 5444 813 5520 conferent
803 5471 842 5516 ιιι
856 5462 1044 5543 quaestum
1067 5449 1133 5539 Sa·
1185 5451 1323 5522 sissima
1341 5450 1510 5520 servitute
1524 5471 1711 5539 oppressae
1730 5460 1833 5533 sunt,
1864 5447 2040 5539 paulatim
2062 5462 2099 5520 ct
2120 5441 2180 5517 hat
