4664 6022
140 346 215 425 723
809 324 972 406 DECL.
1016 324 1094 402 DE
1124 324 1521 405 maccabaeis.
2121 325 2185 402 724

145 517 352 619 pordiftcutu
377 507 661 591 contendebant,
696 500 880 574 interfecto
903 501 1023 594 priore
1049 524 1142 593 pon-
1195 517 1316 599 mento
1334 502 1403 575 Dei
1423 527 1527 574 suurn
1551 502 1760 595 sangninem
1783 504 1976 588 fuderunt,
2004 513 2043 572 et
2061 499 2102 567 in
2116 522 2208 583 san,

145 614 355 697 tifieefinia.
407 610 548 681 llocum
565 620 742 679 certarnen
758 599 1144 688 attraxitAntiochnm,
1198 608 1306 698 guine
1322 605 1418 698 Agni
1431 607 1537 677 stolas
1552 628 1632 676 suas
1648 607 1823 676 laverunt.
2040 610 2043 615 '

147 724 208 821 qui
237 734 352 794 totum
384 738 533 803 regnum
563 709 766 804 opprimere
796 707 905 776 erariis
936 707 1144 776 conabatur.
1300 706 1392 779 Cum
1416 722 1535 780 autern
1555 707 1697 782 infinita
1718 708 1764 777 sit
1783 707 1897 780 oratio
1914 708 1959 779 de
1975 701 2090 776 huius
2104 705 2189 774 mili-

147 826 219 901 sed
241 846 321 891 curn
343 818 478 889 farnilia
495 812 609 905 regia,
635 808 788 881 Davidis
804 808 1007 900 posteritas,
1033 831 1146 902 usque
1200 810 1269 881 tiae
1300 812 1425 896 laude,
1465 835 1539 880 non
1570 812 1808 896 immorabor,
1850 809 2064 901 praesertim
2096 808 2135 877 in
2161 832 2188 878 re

150 930 194 1001 ad
217 927 251 995 id
274 937 413 1013 tempus
437 921 569 989 ducum
592 913 696 983 titulo
711 909 816 1001 Reip.
841 925 1022 1003 utcunque
1046 934 1148 1003 prae·
1200 913 1369 995 omuibus
1398 913 1503 982 bonis
1530 926 1565 985 et
1585 913 1752 984 virtutem
1775 913 1980 982 amantibus
2002 910 2190 993 notissima,

153 1042 257 1111 esset,
284 1023 477 1115 reprimere
493 1009 714 1089 Antiochum
734 1011 839 1082 initio
861 1013 1007 1081 conatus
1024 1026 1077 1083 est
1093 1012 1149 1081 vic
1201 1014 1349 1089 diutius.
1397 1013 1538 1086 Rursus
1561 1028 1679 1085 autem
1702 1015 1746 1084 de
1769 1009 1825 1085 his
1847 1014 1982 1083 nostris
2003 1012 2190 1083 studiisdi·

153 1129 255 1203 fortis
272 1127 423 1197 loanrtes
440 1120 646 1216 llyrcanus,
672 1112 810 1185 Mariae
831 1126 971 1194 atavus,
998 1115 1061 1205 qui
1078 1117 1150 1184 dux
1202 1140 1301 1200 cam,
1326 1141 1416 1209 quae
1439 1131 1583 1208 propter
1603 1116 1799 1187 discordias
1814 1117 1977 1208 publicas
1993 1115 2097 1206 apud
2112 1117 2190 1186 mul·

155 1256 237 1305 suae
260 1227 373 1319 gentis
398 1252 438 1294 eo
456 1217 708 1311 ternporefuit.
761 1216 841 1286 Hoc
857 1216 1060 1303 interfecto,
1084 1240 1151 1308 po·
1203 1231 1257 1287 tos
1279 1219 1316 1286 in
1340 1219 1424 1288 odio
1448 1233 1542 1293 scrut.
1604 1216 1673 1290 Sed
1698 1235 1841 1311 propter
1862 1213 1926 1288 has
1951 1217 2054 1309 ipsas
2077 1241 2190 1304 causa,

155 1349 227 1407 stea
252 1331 361 1421 liesp.
391 1328 515 1395 orbata
546 1323 635 1390 duce
658 1317 735 1388 sine
757 1318 832 1389 ullo
853 1320 998 1388 custode
1019 1332 1053 1387 et
1075 1318 1153 1388 sine
1203 1320 1287 1413 quia
1313 1334 1397 1391 sunt
1425 1322 1638 1411 opinionum
1664 1320 1828 1406 dissidia,
1858 1332 1894 1390 et
1916 1319 2103 1390 alienatae
2126 1334 2190 1391 sunt

158 1433 332 1530 praesidio
356 1427 440 1512 fuit,
467 1449 507 1495 ac
529 1422 657 1514 passim
674 1418 821 1489 inermis
834 1420 1028 1490 multitudo
1042 1420 1152 1489 truci·
1205 1422 1425 1506 voluntates,
1453 1447 1592 1492 necesse
1613 1437 1665 1493 est
1686 1423 1819 1492 maiore
1840 1446 1924 1493 cura
1946 1441 2049 1492 recta
2065 1420 2191 1507 discere,

159 1539 310 1609 dabatur
339 1544 381 1601 ut
411 1528 572 1619 pecudes.
624 1518 694 1591 ilic
724 1535 855 1614 quanta
879 1523 991 1592 virtus
1025 1523 1151 1614 privati
1205 1525 1371 1617 amplecti
1402 1538 1437 1594 et
1469 1549 1678 1616 propagare:
1721 1526 1821 1594 cuius
1851 1525 1904 1593 rei
1932 1525 2189 1615 exemplumet

159 1635 317 1709 hominis
341 1626 550 1701 Machabaei
571 1624 658 1708 fuit,
691 1624 752 1716 qui
777 1622 995 1694 voluntarios
1018 1625 1155 1716 aliquot
1206 1626 1282 1718 ipsa
1305 1622 1454 1695 historia
1477 1624 1779 1696 Machabaeorum
1801 1625 1981 1709 ostendit,
2006 1626 2058 1695 de
2083 1625 2187 1719 quibu

161 1739 292 1809 milites
313 1731 507 1813 contraxit,
532 1743 567 1798 et
584 1721 677 1796 hanc
692 1727 851 1816 exiguam
869 1752 1011 1796 arcanum
1029 1727 1155 1817 ingen-
1207 1728 1378 1819 scriptum
1409 1742 1476 1798 est:
1509 1729 1611 1799 Docti
1638 1730 1677 1797 in
1701 1729 1843 1820 populo
1854 1728 1994 1800 multos
2017 1727 2192 1803 docebunt

163 1843 258 1914 tibus
273 1833 430 1907 hostiurn
446 1831 557 1923 copiis
570 1852 751 1921 opponere
763 1851 869 1899 ansus
881 1829 955 1899 est?
1006 1827 1154 1899 Necde-
1206 1828 1260 1899 Ne
1281 1843 1356 1901 tum
1380 1831 1525 1923 quidem
1543 1832 1637 1901 iuter
1651 1830 1793 1901 classica
1808 1844 1841 1901 et
1857 1830 1955 1899 inter
1968 1830 2193 1921 civiumsup·

163 1954 264 2014 erant
285 1953 370 2010 tunc
392 1960 553 2028 quoque,
578 1932 641 2025 qui
663 1926 731 2000 hoc
751 1930 941 2001 consilium
961 1926 1156 2021 reprehen-
1208 1932 1312 2023 plicia
1336 1933 1466 2003 eruditi
1490 1928 1672 2017 homines,
1697 1945 1732 2002 et
1745 1932 1859 2017 firmi,
1884 1932 2083 2004 doctrinae
2097 1931 2194 2005 studit

163 2047 313 2125 debant,
339 2038 402 2133 qui
417 2035 720 2118 vociferabantur,
745 2034 923 2126 privatum
938 2060 1013 2104 non
1028 2035 1156 2103 debere
1208 2034 1433 2109 abiiciebant.
1483 2031 1599 2105 Erant
1617 2035 1713 2104 enirn
1728 2034 1906 2106 refutandi
1920 2034 2055 2126 impii,
2081 2035 2194 2129 quire·

163 2170 261 2216 arina
278 2164 418 2233 capere,
445 2136 629 2208 stultitiam
645 2159 735 2220 esse,
759 2160 908 2227 parvum
924 2159 1050 2225 agmen
1064 2135 1157 2205 obii·
1208 2135 1358 2226 ligiones
1382 2139 1476 2207 inter
1498 2160 1572 2207 sese
1595 2137 1881 2222 confundebant,
1906 2161 1994 2207 cum
2017 2137 2123 2207 multi
2135 2136 2193 2209 dis·

164 2270 243 2317 cere
263 2242 468 2333 ingentibus
488 2238 709 2312 exercitibus.
760 2235 833 2309 Sed
847 2240 993 2309 ardebat
1007 2232 1157 2308 Macha·
1209 2252 1376 2330 putarent
1398 2233 1493 2309 nihil
1516 2240 1685 2311 interesse
1706 2238 1801 2308 inter
1818 2236 1980 2310 Graecas
1999 2252 2038 2309 et
2054 2234 2192 2309 ludaicas

163 2348 243 2419 haei
272 2359 392 2439 pectus
418 2344 505 2425 fide,
537 2340 667 2410 sciehat
690 2337 767 2409 Deo
789 2334 858 2409 hoc
880 2340 1036 2410 officium
1061 2341 1158 2409 viros
1209 2340 1396 2432 opiniones
1417 2342 1460 2410 de
1477 2339 1571 2412 Deo:
1597 2367 1709 2413 unum
1726 2364 1860 2411 numen
1875 2365 1895 2410 a
1912 2365 1991 2434 quo
2011 2339 2187 2412 conditasit

163 2453 272 2521 fortes
285 2469 409 2518 omnes
425 2446 572 2527 debere,
597 2455 638 2512 ut
653 2466 754 2511 verae
768 2442 951 2511 doctrinae
966 2442 1158 2534 possessio-
1208 2467 1330 2512 rerum
1354 2456 1500 2529 natura,
1526 2445 1571 2514 ab
1590 2444 1758 2515 omnihus
1771 2443 1937 2533 gentibus
1955 2444 2056 2530 coli,
2076 2441 2191 2514 etiamsi

164 2576 247 2623 nem
263 2562 445 2620 tueantur:
471 2559 512 2616 ut
526 2545 712 2633 coniuges,
735 2543 880 2626 liberos,
905 2545 1068 2634 patriam,
1095 2566 1159 2634 pa-
1209 2546 1369 2614 diversae
1396 2546 1469 2616 sint
1492 2546 1757 2637 appellationes.
1815 2543 1882 2615 His
1907 2546 2115 2637 praestigiis
2132 2557 2190 2615 tom

165 2654 255 2725 triae
275 2649 500 2741 disciplinam
520 2647 628 2716 armis
645 2658 777 2735 tegent.
829 2643 943 2716 Norat
958 2640 1160 2715 hancmili-
1211 2672 1353 2743 quoque
1382 2646 1488 2718 multi
1515 2648 1801 2740 decipiebantur:
1834 2670 1923 2741 quas
1955 2662 2000 2719 ut
2031 2649 2190 2741 perspicus

165 2759 250 2826 tiam
274 2750 352 2821 Deo
381 2749 621 2840 gratissimum
653 2748 789 2816 cultum
817 2769 909 2831 esse,
941 2762 976 2819 et
996 2747 1158 2818 adiuvari
1210 2751 1453 2832 confutarent,
1479 2773 1569 2842 opus
1590 2751 1659 2820 fuit
1680 2751 1817 2820 erudite
1833 2749 1995 2819 discerni
2013 2751 2186 2842 religiones

165 2882 243 2927 earn
266 2853 450 2923 divinitus.
500 2849 561 2919 sic
583 2872 663 2918 cum
680 2848 845 2925 sentiret,
868 2873 933 2917 nec
948 2849 1066 2919 deesse
1080 2849 1159 2918 offr—
1211 2849 1280 2921 Hic
1308 2852 1404 2921 docti
1426 2855 1619 2923 monebant
1639 2854 1801 2923 deerrare
1822 2874 1949 2924 omnes
1970 2877 1993 2922 a
2020 2878 2110 2923 vero
2127 2848 2180 2929 litt

166 2959 221 3027 cio
242 2954 367 3038 vellet,
393 2952 510 3020 videte
532 2973 638 3041 quam
661 2949 793 3021 multae
811 2948 850 3019 in
867 2974 940 3021 una
956 2976 995 3021 re
1011 2952 1160 3022 virtutes
1211 2954 1272 3047 qui
1297 2978 1372 3023 non
1395 2973 1624 3046 agnoscerent
1644 2980 1725 3026 eum
1748 2956 1786 3024 in
1810 2979 1849 3024 ea
1865 2955 2068 3042 doctrina,
2093 2957 2127 3025 in
2140 2974 2188 3047 qus

166 3056 358 3129 extiterint.
408 3051 614 3122 Intellectus
629 3064 664 3121 et
676 3075 777 3121 amor
790 3053 974 3123 doctrinae
989 3053 1161 3139 coelestis,
1211 3080 1247 3127 se
1276 3056 1353 3147 ipse
1381 3060 1485 3129 certis
1509 3071 1544 3130 et
1564 3058 1764 3128 illustribus
1789 3057 2012 3135 testimoniis
2037 3053 2183 3149 parmai:

168 3148 370 3231 obedientia
394 3154 471 3226 Deo
494 3154 632 3237 debita,
656 3153 766 3245 pietas
786 3176 867 3244 erga
890 3155 1060 3244 patriam,
1083 3181 1161 3226 ma-
1211 3182 1277 3228 nec
1290 3160 1374 3229 sciri
1388 3160 1607 3231 voluntatem
1624 3160 1720 3244 eius,
1743 3183 1788 3227 an
1805 3172 1839 3229 et
1852 3181 1917 3228 cur
1932 3150 2188 3244 exaudiendi

166 3260 317 3354 gnitudo
333 3257 443 3327 animi
457 3271 534 3327 orta
549 3279 591 3325 ex
604 3254 733 3325 fiducia
748 3255 967 3348 praesentiae
975 3255 1056 3348 Dei,
1082 3284 1160 3328 mo-
1213 3261 1463 3352 promissiones
1484 3274 1691 3346 teneantur,
1715 3261 1754 3328 in
1779 3255 1844 3330 hac
1865 3283 1939 3330 una
1956 3275 2073 3350 gente
2087 3280 2192 3353 propo·

165 3362 302 3435 decatio
323 3360 449 3449 ingens
469 3346 508 3426 in
531 3357 749 3450 perferendis
764 3359 960 3429 amicorum
978 3376 1013 3432 et
1029 3358 1160 3430 civium
1212 3363 1309 3436 sitae.
1359 3358 1521 3455 Cumque
1536 3385 1612 3432 non
1630 3376 1744 3434 essent
1760 3362 1911 3433 leviores
1927 3386 2081 3455 pugnae
2095 3362 2195 3452 ‹timn-

167 3465 323 3536 iniuriis.
372 3459 440 3530 His
463 3459 655 3531 virtutihus
672 3484 751 3530 cum
767 3461 901 3532 faveret
913 3459 1026 3542 Deus,
1052 3461 1160 3532 foelix
1212 3463 1406 3544 tationem,
1438 3488 1544 3556 quam
1575 3465 1844 3535 dimicationum
1876 3464 1915 3533 in
1938 3465 2044 3548 acie,
2078 3458 2197 3552 magni·

168 3583 201 3639 et
230 3565 393 3636 salutaris
419 3562 489 3633 fnit
514 3563 589 3632 eius
613 3562 742 3631 militia
766 3558 945 3632 Ecclesiae
968 3561 1055 3644 Dei,
1089 3588 1160 3655 quo
1212 3566 1299 3634 tudo
1323 3588 1442 3636 rerum
1466 3568 1649 3647 excitavit,
1677 3565 1809 3636 erudiit
1827 3582 1861 3636 et
1877 3567 1975 3637 acuit
1996 3567 2149 3649 multos,
2166 3573 2199 3633 nt

167 3670 308 3739 nullum
331 3664 444 3735 maius
460 3664 595 3734 donum
611 3664 726 3756 optari
745 3678 868 3755 potest.
921 3662 963 3734 ln
980 3662 1078 3736 hunc
1093 3666 1161 3754 igi·
1212 3666 1402 3757 religiones
1431 3667 1561 3738 rectius
1584 3669 1842 3753 discernerent,
1872 3668 1971 3762 quod
1999 3692 2105 3740 nunc
2125 3688 2199 3760 qoo-

167 3786 227 3841 tur
249 3772 374 3840 ducem
397 3766 597 3851 intuentes,
631 3789 712 3835 cum
739 3781 774 3837 et
795 3767 1015 3839 voluntatem
1038 3767 1161 3859 ipsius,
1213 3793 1283 3864 que
1296 3768 1497 3840 faciendum
1511 3781 1573 3841 est.
1626 3767 1718 3840 Sunt
1732 3769 1828 3839 enim
1841 3769 1958 3854 multi,
1984 3771 2055 3864 qui
2067 3784 2109 3842 ut
2119 3764 2199 3839 idoh

168 3888 203 3944 et
216 3869 283 3941 Dei
301 3867 522 3952 testimonia,
547 3866 609 3961 qni
627 3861 720 3936 hanc
731 3868 895 3939 militiam
911 3864 1162 3962 pulcherrimis
1212 3870 1407 3952 stabiliant,
1424 3870 1610 3942 artificiose
1622 3894 1662 3941 ea
1676 3870 1766 3943 fucis
1779 3871 1941 3964 pingunt.
1970 3868 2104 3958 Multi,
2119 3880 2200 3962 post·

169 3972 329 4044 victoriis
355 3984 476 4054 ornat,
514 3968 838 4052 considerabimus,
876 3971 1025 4041 virtutes
1050 3972 1163 4064 ipsius
1213 3999 1320 4068 quarn
1337 3973 1460 4043 vident
1473 3972 1590 4043 ocium
1605 3995 1711 4043 suurn
1724 3972 1975 4053 interturbari,
2004 3990 2199 4068 quanqum

169 4100 235 4170 pro
256 4089 378 4145 nostro
397 4072 504 4141 modo
523 4071 716 4145 imitemur.
764 4067 844 4141 Etsi
862 4073 958 4141 enim
974 4073 1078 4143 dulce
1093 4097 1163 4141 no·
1214 4089 1315 4145 antea
1344 4073 1411 4143 visi
1439 4089 1524 4146 sunt
1547 4075 1698 4166 probare
1722 4098 1824 4145 veras
1843 4073 2066 4161 sententias,
2097 4087 2200 4146 umen

170 4202 254 4247 men
275 4191 328 4246 est
350 4173 460 4263 pacis,
484 4187 518 4242 et
540 4197 614 4243 non
636 4188 720 4252 sunt
739 4175 949 4242 accersenda
973 4174 1081 4243 bella:
1108 4188 1162 4244 ta·
1214 4199 1310 4251 nunc
1325 4198 1362 4243 se
1378 4190 1559 4262 retexunt,
1585 4176 1755 4247 simulant
1768 4175 1928 4247 studium
1941 4172 2201 4257 moderationis,

168 4304 251 4349 rnen
268 4302 348 4347 cum
370 4275 591 4354 inferuntur,
617 4278 822 4366 praesertim
837 4276 882 4345 ad
896 4274 1085 4346 delendam
1101 4300 1161 4345 ve-
1214 4277 1342 4348 iubent
1370 4278 1466 4369 pacis
1496 4301 1598 4350 causa
1628 4279 1752 4369 largiri
1782 4279 1956 4373 quaedam
1988 4276 2201 4359 adversariis.

170 4407 245 4451 ram
261 4383 305 4451 de
315 4377 392 4449 Deo
407 4376 626 4456 doctrinam,
650 4376 696 4445 ad
712 4376 931 4447 inducendas
947 4376 984 4445 in
1000 4377 1162 4468 patriam,
1214 4381 1353 4469 fingunt
1376 4393 1490 4451 astute
1511 4380 1777 4453 conciliationes
1791 4379 1999 4470 ambiguas,
2022 4404 2119 4475 quae
2135 4392 2202 4451 tan·

168 4485 356 4563 barbaras,
389 4477 536 4570 impias,
567 4477 729 4547 crudeles
749 4492 887 4568 gentes,
920 4482 963 4548 ad
987 4481 1104 4570 legum
1128 4492 1163 4549 et
1206 4506 1321 4577 quam
1336 4476 1517 4565 cothurni,
1538 4484 1681 4578 utrique
1692 4482 1786 4575 parti
1799 4483 1991 4552 videantur
2006 4502 2202 4574 congruere.

170 4585 378 4677 disciplinae
398 4577 635 4650 eversionem:
661 4575 720 4649 hic
741 4605 826 4651 vero
848 4580 1164 4652 exuscitemusnos
1215 4582 1268 4659 Ac
1296 4598 1337 4654 ut
1354 4584 1423 4655 fuit
1443 4582 1618 4679 quispiam
1641 4584 1788 4655 nornine
1810 4582 2011 4670 Ecebolus,
2046 4585 2113 4679 qni
2133 4602 2202 4654 cum

172 4687 313 4759 coelesti
328 4709 430 4766 voce,
453 4695 488 4753 et
501 4678 737 4753 anteferamus
752 4683 844 4753 vitae
859 4697 1000 4752 nostrae
1013 4682 1164 4773 gloriam
1215 4700 1303 4757 esset
1324 4681 1518 4771 Ethnicus,
1550 4699 1646 4757 metu
1668 4683 1870 4757 Constantii
1893 4684 2128 4776 imperatoris
2149 4684 2204 4755 sd·

171 4787 258 4871 Dei,
283 4803 316 4859 et
339 4784 474 4879 patriae
495 4785 659 4854 salutem:
688 4808 824 4878 nosque
845 4809 919 4854 non
934 4787 978 4854 ad
996 4785 1113 4855 ocium
1129 4800 1164 4857 et
1215 4788 1332 4860 iunxit
1351 4812 1389 4859 se
1404 4784 1635 4879 Christianis,
1662 4787 1792 4859 deinde
1808 4784 1939 4856 luliaui
1954 4800 2203 4881 temperetur·

171 4890 369 4982 voluptates
392 4890 429 4956 in
447 4881 513 4957 hac
532 4886 602 4956 vita
620 4886 782 4956 conditos
799 4910 872 4957 esse
887 4887 1164 4974 meminerimus,
1215 4914 1274 4962 sus
1303 4890 1419 4982 palam
1451 4891 1521 4960 fuit
1544 4886 1656 4961 hostis
1677 4885 1985 4964 Christianorum:
2021 4915 2106 4961 cum
2129 4908 2203 4960 vero

171 4994 231 5060 sed
262 5004 302 5061 ut
322 4987 390 5059 Dei
417 5001 520 5060 testes
552 5001 585 5057 et
607 4982 785 5059 Ecclesiae
810 4991 1011 5061 defensores
1033 4990 1161 5061 simos:
1215 5016 1338 5064 rursus
1368 4991 1518 5081 imperio
1542 4993 1676 5082 potitus
1698 5007 1786 5064 esset
1807 4992 1992 5083 princeps,
2025 4987 2204 5066 Christum

170 5118 235 5163 nec
257 5090 411 5183 pericula
431 5106 491 5161 aut
507 5102 656 5161 mortem
675 5087 713 5157 in
731 5112 770 5160 ea
785 5091 912 5161 militia
930 5091 1162 5181 defugiamus,
1215 5116 1407 5184 agnoscens
1416 5090 1703 5177 Valentinianus,
1728 5095 1833 5163 rediit
1851 5108 1885 5165 et
1893 5088 2077 5166 Erebolns
2089 5088 2205 5165 adlic-

169 5194 299 5267 victuri
323 5207 440 5281 postea
462 5192 501 5260 in
525 5191 781 5262 consuetudine
802 5190 889 5273 Dei,
921 5193 984 5262 ubi
1007 5196 1162 5265 aeternis
1214 5196 1373 5266 elesiam:
1400 5193 1488 5265 tales
1507 5190 1799 5268 Chamaeleontes
1819 5219 1916 5264 nunc
1939 5218 2089 5290 quoque
2109 5192 2206 5267 molti

168 5296 334 5388 praemiis
356 5288 441 5363 haec
464 5294 576 5366 virtus
598 5294 799 5366 ornabitur.
852 5292 1037 5383 Quantum
1054 5297 1162 5366 decus
1213 5311 1316 5382 sunt,
1349 5297 1410 5390 qui
1432 5297 1587 5367 colorem
1608 5297 1761 5368 subinde
1779 5308 1931 5371 mutant.
1984 5294 2074 5368 ldeo
2096 5300 2204 5369 bona

168 5402 235 5469 ecit
258 5398 296 5468 in
319 5397 383 5466 illo
404 5409 546 5465 aeterno
570 5409 690 5482 coetu,
724 5397 919 5488 praedicari
940 5390 1007 5466 hoe
1031 5398 1161 5468 triunc-
1213 5406 1357 5470 mentes
1370 5398 1506 5468 maiore
1526 5423 1610 5469 cura
1633 5399 1814 5470 instruant
1835 5423 1872 5470 se
1893 5398 2012 5470 solida
2038 5400 2205 5483 decenne.

136 5516 138 5521 ’
166 5496 265 5593 pbali
287 5495 466 5572 carmine?
517 5494 614 5570 lSTl
638 5499 869 5581 adrumeti,
895 5497 958 5594 qui
970 5523 1036 5592 pro
1052 5510 1159 5571 testa-
1212 5524 1259 5572 ne
1272 5498 1340 5573 Dei
1357 5500 1490 5572 noticia
1505 5498 1544 5569 in
1561 5501 1664 5572 terris
1680 5501 1918 5592 extinguatur.
