4664 6022
146 280 195 359 91
612 324 619 339 .
724 265 889 344 DECL.
920 263 1368 345 uuuntuttulco
1392 264 1600 346 ELECT.
2131 266 2183 347 st

247 453 318 527 Sed
333 464 374 523 ut
387 448 561 538 intelligat
573 444 702 517 rectius
717 438 803 513 haee
817 441 942 527 turba,
963 456 1136 535 quantam
1184 456 1342 528 caretur,
1378 442 1503 527 multi,
1537 440 1579 513 ut
1605 442 1644 512 fit
1673 442 1713 510 in
1742 463 1874 532 regno,
1911 444 2118 519 inviderent
2147 446 2184 518 ei

147 558 294 654 gratiam
307 554 473 624 mau'ibus
487 547 594 620 huius
608 545 785 639 Principis
798 545 942 629 debeat,
965 545 1135 635 attingam
1185 547 1316 632 ocium,
1334 543 1440 615 multi
1452 544 1661 634 instigarent
1672 548 1716 613 ad
1732 548 1907 615 movenda
1923 571 2032 620 anua.
2064 546 2184 622 Crede

147 663 263 735 obiter
277 658 459 752 quasdam
486 650 562 722 eius
584 651 726 728 laudes,
758 662 792 718 et
816 661 987 740 tauquam
1011 646 1136 738 procul
1185 645 1293 734 mihi,
1318 671 1394 717 non
1408 647 1597 717 mediocris
1613 648 1674 717 illa
1691 662 1766 719 tum
1782 651 1971 739 prudentia
1987 666 2079 738 erat,
2104 664 2183 724 tum

147 763 344 836 ostendam.
368 752 374 761 ’
395 753 443 828 Et
464 754 623 848 quamvis
648 774 724 821 non
746 771 848 820 sumo
868 745 959 818 mihi
984 762 1136 834 tantum,
1184 751 1368 836 fortitudo,
1393 749 1554 821 animum
1566 763 1671 844 atque
1683 749 1903 820 iracundiam
1919 754 2073 841 vincere,
2099 778 2185 848 par-

145 881 187 939 ut
214 863 384 935 oratione·
404 880 481 927 mea
509 855 618 925 levari
643 877 841 924 moerorem
867 852 1012 922 illorum
1035 873 1136 942 posse
1186 877 1263 924 cere
1286 852 1411 945 populi
1432 852 1546 937 vitae,
1573 867 1607 923 et
1622 853 1802 945 pecuniis,
1826 856 1985 942 ratione,
2010 858 2185 928 consilio-

146 990 301 1062 sperem,
335 961 397 1056 qui
423 961 577 1028 iacturae
607 955 891 1045 magnitudinem
920 953 1137 1042 intelligunt,
1185 980 1254 1049 que
1269 955 1342 1024 vim
1357 949 1522 1025 hostilem
1537 956 1723 1028 discutere.
1774 954 1948 1027 Periclem
1964 959 2089 1031 lerunt
2104 959 2185 1030 aui-

146 1092 252 1166 quam
276 1061 345 1135 hoe
366 1085 448 1133 casu
470 1058 629 1150 Respub.
654 1059 753 1142 lecit,
784 1073 902 1129 tamen
925 1080 1027 1146 spero
1049 1058 1137 1133 fore,
1188 1083 1280 1128 mam
1298 1059 1368 1126 iam
1385 1079 1474 1149 pene
1489 1071 1667 1146 agentem,
1692 1083 1774 1128 eum
1790 1060 2060 1133 circumstantes
2076 1063 2184 1133 amici

73 1151 78 1167 ⁸
144 1188 184 1245 ut
207 1171 268 1239 illa
292 1167 367 1257 ipsa
389 1162 559 1232 memoria
584 1161 775 1240 victutum,
802 1159 900 1227 illius
914 1159 1025 1227 leniat
1040 1181 1137 1227 acer·
1189 1161 1433 1251 praedicarent
1460 1161 1537 1230 eius
1564 1156 1733 1251 trophaea
1766 1175 1801 1232 et
1830 1163 2013 1249 victorias,
2052 1166 2185 1236 dixisse

145 1276 294 1347 bitatem
317 1268 443 1336 luctus.
495 1260 586 1332 Cum
609 1263 751 1331 divinae
771 1262 893 1332 literae
914 1261 1064 1329 doceant
1080 1260 1138 1328 di·
1189 1265 1287 1333 illam
1309 1262 1452 1331 laudem
1474 1287 1548 1331 non
1571 1277 1643 1333 tam
1666 1285 1765 1332 suam
1783 1287 1875 1346 esse,
1901 1291 2008 1359 quam
2024 1267 2183 1339 militum

144 1373 278 1448 viuitus
292 1367 434 1462 praefici
442 1363 672 1454 Magistratus
680 1362 888 1456 Rebuspub.
903 1376 938 1431 et
951 1364 1022 1431 fato
1030 1360 1139 1432 Priu—
1189 1379 1250 1436 aut
1264 1366 1444 1437 fortunae:
1469 1361 1562 1434 hane
1580 1387 1654 1434 esse
1669 1367 1812 1457 proprie
1824 1390 1935 1452 suam,
1962 1371 2061 1462 qood
2078 1362 2186 1441 nemo

145 1479 239 1570 cipes
261 1472 359 1556 dari,
383 1468 580 1563 plurimum
604 1466 760 1561 profecto
777 1465 915 1556 superis
931 1459 1018 1534 hacc
1035 1466 1139 1534 debet
1189 1467 1274 1538 civis
1295 1491 1358 1537 sua
1381 1489 1484 1536 carisa
1506 1491 1664 1559 unquam
1685 1469 1825 1558 nigram
1845 1483 1976 1541 vestem
1997 1472 2185 1557 induisset,

142 1579 262 1663 nasto,
287 1585 475 1666 postquam
497 1569 578 1638 talis
599 1567 748 1658 contigit
762 1566 953 1659 Princeps,
977 1567 1138 1659 quicum
1188 1570 1330 1640 volebat
1352 1569 1448 1638 enim
1471 1572 1618 1656 docere,
1644 1571 1803 1660 privatae
1826 1573 2009 1659 dignitatis
2031 1576 2185 1645 tuendae

145 1695 234 1754 esset
255 1677 411 1770 primum
434 1686 560 1742 natura
583 1673 694 1741 factus
717 1671 763 1740 ad
788 1693 910 1740 omnes
928 1669 1139 1757 artespacis,
1190 1695 1293 1742 causa
1321 1672 1503 1741 neminem
1532 1696 1691 1765 uuquam
1719 1673 1832 1743 civem
1854 1662 2129 1749 inaenectum'a
2148 1698 2184 1747 se

145 1796 181 1867 et
203 1782 249 1853 ad
271 1772 529 1848 humanitatem
555 1789 587 1845 et
610 1772 940 1855 mansuetudinem,
967 1767 1059 1840 nihil
1074 1795 1140 1840 an·
1190 1798 1274 1844 esse.
1336 1769 1386 1843 A:
1408 1769 1467 1842 hic
1486 1791 1607 1844 noster
1629 1799 1704 1844 non
1726 1778 1833 1845 modo
1856 1779 2011 1867 privatas
2033 1778 2183 1850 iniurias

145 1884 299 1979 tiquius,
323 1893 385 1949 aut
407 1879 506 1970 prius
529 1876 653 1967 populi
675 1875 788 1945 salute
802 1870 940 1946 habuit.
992 1871 1139 1942 Praedi·
1189 1899 1373 1969 nunquam
1399 1899 1478 1943 cum
1501 1876 1658 1967 periculo
1681 1877 1777 1946 ultus
1792 1893 1862 1959 est,
1887 1882 2060 1950 sed-bella
2079 1881 2182 1952 etiam

144 1999 225 2060 cent
256 1982 319 2054 alii
348 1981 523 2051 maiorum
554 1979 724 2069 imagines
747 1991 782 2048 et
804 1990 921 2046 vetera
946 1989 1140 2057 stemmata,
1190 1993 1225 2048 et
1247 1976 1319 2046 vim
1343 1977 1521 2069 publicam
1543 1979 1700 2063 ratione,
1736 1981 1812 2048 sine
1834 1983 1966 2051 civium
1990 1986 2100 2053 caede
2121 1974 2184 2076 op}

144 2113 214 2187 qua
237 2070 344 2155 laude
368 2105 573 2176 quanquam
596 2081 781 2150 abundent
801 2076 977 2150 Saxoniae
998 2076 1140 2147 Princi-
1190 2081 1326 2172 pressit.
1378 2075 1510 2152 Verius
1532 2075 1591 2149 hic
1612 2083 1657 2149 de
1679 2104 1715 2149 se
1736 2085 1939 2173 praedicare
1962 2086 2091 2176 possit:
2116 2084 2182 2157 (le-

143 2213 226 2286 pes,
251 2202 370 2259 tamen
389 2196 489 2255 erant
506 2182 574 2252 alia
594 2183 633 2250 iu
649 2180 831 2253 Friderico
847 2181 999 2265 maiora,
1025 2180 1140 2248 scien·
1190 2186 1276 2252 dant
1292 2206 1388 2251 arma
1405 2196 1517 2271 togae,
1540 2206 1646 2275 quam
1661 2183 1799 2266 Cicero,
1821 2188 1884 2278 qui
1901 2200 2039 2258 motum
2053 2189 2096 2259 i'n
2108 2184 2183 2261 Re-

144 2295 193 2365 tia
217 2287 364 2381 gerendi
384 2286 543 2377 imperii,
569 2298 603 2355 et
624 2284 736 2353 animi
759 2283 968 2372 magnitudo
991 2305 1138 2352 summa.
1190 2287 1274 2378 pub.
1298 2284 1438 2354 civilem
1462 2285 1570 2353 armis
1592 2286 1774 2356 crudelius
1795 2290 1901 2359 etiam
1926 2314 2033 2383 quam
2050 2312 2181 2383 respo-¹

144 2395 298 2467 Fallitur
321 2402 458 2472 autem,
491 2386 604 2482 siquis
626 2399 728 2477 putat
752 2386 861 2454 armis
884 2396 1025 2452 tantum
1047 2397 1083 2453 et
1105 2382 1138 2450 vi
1189 2389 1325 2469 scebat,
1359 2387 1565 2457 vindicavit.
1619 2385 1732 2458 Porro
1760 2394 2062 2483 quemadmodum
2093 2395 2182 2488 perl-

143 2495 256 2569 teneri
271 2491 431 2581 Respub.
448 2489 528 2579 plus
545 2491 589 2556 ad
605 2510 681 2556 eam
695 2511 770 2556 rem
788 2487 959 2555 momenti
975 2487 1140 2554 adferunt
1191 2491 1320 2559 culosis
1334 2489 1601 2580 tempestatibus
1615 2490 1692 2559 siue
1706 2516 1844 2562 summa
1858 2496 2063 2585 vigilantia,
2090 2508 2182 2567 sum·

144 2600 239 2692 pacis
263 2607 373 2676 artes,
406 2590 564 2673 iusticia,
596 2589 793 2658 moderatio
818 2588 947 2671 animi,
974 2601 1140 2656 constan·
1191 2616 1320 2685 meque
1343 2592 1464 2661 labore
1478 2613 1605 2661 navem
1620 2616 1759 2664 servare
1775 2596 1991 2667 incolumem
2005 2603 2182 2690 guberne·

143 2703 214 2786 tia,
234 2696 333 2786 tangi
354 2717 439 2765 cura
464 2692 628 2783 publicae
649 2690 796 2773 salutis,
823 2688 1007 2779 diligentia
1028 2690 1065 2757 in
1084 2688 1140 2759 di·
1190 2708 1247 2764 tor
1274 2717 1349 2763 non
1380 2705 1511 2785 potest,
1546 2694 1594 2764 ita
1624 2708 1695 2765 tam
1727 2700 1818 2766 dum
1842 2713 2004 2791 tempore
2026 2716 2183 2795 pacatam

145 2803 257 2875 ceudo
280 2800 377 2877 iure,
404 2796 444 2863 in
466 2792 678 2863 dirimendis
700 2793 834 2862 civium
848 2791 1141 2876 dissensionibus,
1191 2811 1310 2893 tenere
1333 2796 1553 2887 provinciam
1569 2811 1623 2867 tot
1637 2821 1769 2881 annos,
1796 2825 1869 2869 non
1887 2816 1937 2873 est
1954 2805 2116 2895 vulgaris
2130 2805 2184 2874 in·

146 2902 336 2979 tolerantia
372 2900 411 2966 in
441 2894 679 2988 perpetiendis
708 2895 808 2984 vulgi
831 2895 976 2978 erratis,
1009 2894 1141 2962 severi·
1191 2899 1284 2988 genii
1306 2920 1409 2989 opus.
1459 2893 1507 2969 Et
1528 2899 1558 2966 si
1580 2899 1748 2970 victoriae
1771 2907 1941 2994 sanguiue
1964 2921 2090 2998 partae
2113 2921 2184 2979 tro·

143 3026 197 3081 tas
213 3007 254 3074 in
269 2996 502 3073 cohercendis
518 2997 710 3087 improbis,
736 2996 924 3066 clementia
941 2997 979 3064 in
997 3019 1141 3065 servan·
1192 2997 1313 3091 phaeis
1332 3024 1371 3070 ae
1394 2995 1586 3092 triumphis
1606 3017 1799 3086 ornantur,
1827 3031 1933 3102 quam
1956 3022 2056 3099 grata
2082 3009 2182 3083 nobis

145 3111 201 3182 dis
224 3103 280 3175 bis
298 3104 361 3196 qui
378 3101 508 3190 corrigi
525 3112 683 3192 possunt.
735 3095 794 3169 Ad
807 3099 935 3188 vulgus
950 3099 990 3166 in
1008 3100 1141 3167 maiore
1191 3124 1264 3172 csse
1284 3103 1389 3172 debet
1411 3096 1539 3172 harum
1562 3104 1793 3176 victoriarum
1816 3112 2007 3198 memoria,
2041 3114 2108 3184 uhi
2128 3134 2179 3184 to-

147 3206 383 3283 admiratione
411 3217 514 3287 suut,
549 3202 749 3295 clariusque
771 3215 969 3272 cernuntur
993 3201 1142 3270 bellicae
1190 3206 1260 3274 lius
1269 3202 1446 3295 Principis
1460 3205 1608 3274 consilio
1625 3207 1879 3304 diligentiaque
1893 3214 1985 3302 bella
2000 3216 2182 3307 profligate

148 3316 318 3396 virtutes,
344 3322 378 3379 et
400 3306 513 3399 pluris
531 3305 570 3373 ht
588 3304 690 3373 miles
707 3304 838 3396 aliquis
851 3299 1017 3373 athletico
1033 3305 1142 3371 robo-
1191 3322 1284 3380 suut.
1337 3305 1444 3396 Quod
1466 3307 1496 3375 si
1513 3307 1727 3398 intelligeret
1743 3315 1891 3404 vulgus,
1916 3332 2090 3410 quantam
2107 3340 2183 3409 per·

144 3443 202 3498 re,
236 3436 342 3508 quam
364 3412 569 3480 moderatus
591 3420 626 3475 et
648 3407 808 3497 placidus
829 3406 927 3478 civis.
986 3402 1142 3495 Togatae
1191 3411 1320 3479 uiciem
1344 3434 1384 3478 ae
1408 3411 1604 3481 vastitatem
1627 3413 1892 3486 foelicissimum
1916 3420 2024 3489 etiam
2050 3420 2183 3491 bellum

144 3523 292 3589 virtutes
308 3527 344 3584 et
358 3514 536 3591 urbanae,
565 3524 605 3579 ut
619 3509 709 3577 aliae
726 3532 780 3577 res
793 3509 909 3578 bonae
922 3509 1051 3591 latent,
1077 3532 1142 3576 nee
1193 3512 1343 3596 adferat,
1371 3525 1405 3580 et
1425 3511 1562 3582 videret
1583 3515 1729 3604 propius
1752 3519 1848 3608 pacis
1866 3523 2075 3608 commoda,
2103 3546 2184 3616 pro-

147 3620 230 3691 satis
255 3629 360 3686 notae
380 3611 667 3700 suntimperitis.
724 3609 846 3702 ltaque
862 3610 988 3677 leviter
1003 3610 1141 3677 laudari
1191 3614 1281 3681 lecto
1307 3626 1475 3683 statueret
1497 3610 1591 3682 nihil
1614 3640 1633 3684 a
1658 3616 1734 3685 Deo
1758 3621 1905 3708 melius,
1932 3619 2026 3692 nihil
2049 3626 2183 3709 utilius,

146 3745 205 3792 cos
225 3715 529 3812 putant‚1quibus
545 3712 641 3802 pacis
660 3712 776 3779 studia
794 3724 957 3802 artesque
975 3712 1142 3780 tribuuu-
1193 3711 1284 3784 nihil
1307 3714 1464 3783 divinius
1487 3711 1543 3784 his
1559 3718 1766 3807 regionibus
1783 3724 1860 3791 dari
1877 3727 2050 3817 potuisse,
2078 3732 2183 3823 quam

146 3841 216 3896 tur.
277 3815 354 3907 Ego
384 3840 470 3885 vero
498 3815 547 3882 ita
573 3813 687 3882 sentio
709 3812 814 3900 longe
839 3826 1033 3902 praestare,
1069 3812 1142 3880 sive
1192 3815 1506 3907 talemPrincipem
1522 3831 1592 3887 tam
1610 3822 1838 3912 pertinaciter
1851 3828 2061 3917 fugitantem
2079 3831 2182 3901 belle.

146 3926 227 4021 quis
258 3922 448 3992 utilitatem
480 3929 629 4006 spectet,
671 3914 744 3982 sive
778 3907 935 3982 hominis
966 3927 1144 3998 naturam,
1193 3917 1304 3988 Porro
1336 3943 1411 3988 nou
1443 3937 1631 3991 caruerunt
1662 3918 1800 3995 honore
1831 3924 1897 3998 hae
1924 3928 2075 4003 virtutes
2100 3933 2184 4012 eius,

63 4018 66 4022 ’
147 4023 315 4099 castrensi
347 4020 430 4091 usui
460 4017 556 4109 pacis
578 4017 712 4099 studia,
749 4039 814 4084 nec
835 4015 950 4107 patiar
971 4017 1142 4107 praeponi
1193 4022 1278 4089 dum
1310 4023 1405 4089 enim
1436 4021 1559 4093 vident
1589 4025 1741 4116 publicis
1773 4033 1968 4103 commodis
1994 4048 2093 4105 tanta
2118 4035 2185 4105 fide

147 4128 309 4218 Augusto
333 4120 493 4211 Principi
517 4117 648 4210 quietis
671 4117 814 4211 ociique
837 4118 990 4202 amanti,
1027 4114 1144 4188 Anto-
1192 4146 1272 4191 eum
1291 4123 1423 4193 servire
1438 4127 1637 4216 populares,
1664 4141 1832 4224 tanquam
1848 4148 1982 4224 patrem
1999 4137 2186 4207 fereama-

152 4232 253 4300 nium
280 4225 535 4317 imperatorem
566 4242 732 4308 maguum
758 4221 862 4289 illum
883 4221 1048 4313 quidem,
1083 4223 1142 4289 sed
1192 4239 1296 4305 rrint,
1323 4225 1421 4294 nulla
1446 4228 1664 4302 crudelitatis
1685 4246 1745 4302 aut
1763 4235 1916 4306 iniuriae
1932 4237 2088 4330 suspirio
2103 4234 2185 4310 hae·

148 4329 391 4426 perniciosum
413 4322 569 4414 Reipuh.
621 4320 693 4391 Nec
718 4319 865 4392 Graecis
888 4323 969 4413 plus
992 4324 1143 4393 contulit
1193 4328 1238 4397 sit
1261 4329 1299 4395 in
1324 4328 1432 4398 ullius
1449 4330 1580 4400 animo.
1632 4330 1791 4428 Eratque
1807 4338 1843 4406 id
1862 4358 2071 4413 consecutus
2090 4345 2184 4438 quod

147 4432 373 4514 Alcibiades,
407 4450 513 4519 quam
541 4424 670 4494 Solon:
708 4422 871 4513 Quorum
896 4427 985 4494 alter
1009 4427 1142 4494 bellum
1193 4431 1316 4500 scribit
1344 4425 1564 4522 Xenophon:
1607 4432 1694 4507 Esse
1735 4439 1985 4513 difficillimum
2014 4458 2048 4516 et
2081 4451 2184 4541 plane

147 4563 188 4609 ex
212 4535 306 4606 bello
331 4552 451 4601 serens
468 4526 596 4596 evertit
613 4526 781 4616 patriam,
806 4528 896 4598 alter
912 4527 1049 4616 legibus
1064 4528 1143 4598 latis
1193 4533 1375 4613 divinum,
1406 4546 1444 4601 ut
1470 4534 1671 4608 volentibus
1698 4541 1898 4633 imperaret.
1953 4545 2077 4641 Neque
2101 4572 2184 4623 vero

150 4654 184 4710 et
204 4638 345 4707 civitate
369 4634 447 4702 iure
470 4628 661 4698 constituta
686 4652 760 4697 non
786 4629 895 4698 semel
916 4643 1055 4699 tantum
1069 4655 1145 4701 ser·
1193 4633 1352 4725 Principi
1377 4635 1572 4729 quidquam
1590 4642 1795 4735 contingere
1812 4661 1927 4736 potest
1945 4642 2185 4725 honorificen-

151 4739 259 4809 vavit.
313 4735 483 4806 Finxerat
506 4731 626 4821 itaque
648 4726 746 4799 Deus
770 4733 813 4799 ad
837 4727 899 4800 has
925 4732 1087 4801 utiliores
1111 4748 1145 4802 et
1194 4738 1281 4817 tius,
1308 4762 1411 4830 quam
1436 4751 1472 4807 ut
1498 4745 1705 4830 prudentiae
1727 4763 1759 4817 et
1782 4748 1938 4822 iustitiae
1963 4753 2104 4827 laudem
2131 4754 2185 4829 illi

147 4841 313 4912 meliores
346 4839 496 4907 virtutes
518 4828 755 4902 Fridericum.
810 4831 1038 4925 Quapropter
1070 4837 1143 4927 pri-
1194 4841 1287 4908 ultro
1307 4843 1500 4908 concedant
1521 4845 1674 4926 subditi,
1701 4852 2017 4925 utsalutemsuam
2036 4852 2185 4931 tutoilli

149 4964 248 5013 mum
271 4937 491 5010 turbulentis
510 4931 731 5004 'Germaniae
752 4937 988 5026 temporibus,
1024 4953 1142 5007 tamen
1167 4980 1171 5033 p
1193 4940 1414 5010 commissam
1441 4956 1574 5032 putent.
1626 4945 1686 5018 Sic
1708 4951 1768 5024 ille
1785 4957 1959 5049 acquitate
1982 4960 2185 5053 diligentia·

151 5064 296 5134 semper·
319 5039 444 5119 cavit,
464 5060 510 5105 ne
545 5059 616 5128 quo
651 5036 744 5104 bello
776 5059 859 5106 suae
890 5053 1010 5127 gentes
1039 5065 1144 5109 vexa·
1194 5067 1262 5134 qam
1287 5045 1383 5111 donli
1408 5045 1565 5139 forisque
1588 5046 1766 5144 Rempub.
1789 5071 1947 5147 pacatam
1970 5085 2085 5134 annos
2105 5066 2183 5158 plus¹

151 5159 287 5241 pentus,
1195 5145 1338 5234 triginta
1359 5148 1491 5230 tenuit,
1523 5150 1677 5238 legibus,
1710 5159 1889 5245 muribus,
1916 5164 2102 5249 aedificiis,
2128 5166 2183 5240 di·

250 5245 369 5334 Quam
392 5234 484 5308 mihi
507 5238 690 5307 victoriam
715 5240 822 5310 audet
844 5242 974 5334 aliquis
997 5246 1041 5312 ad
1059 5238 1144 5313 haec
1192 5247 1326 5316 tionem
1349 5249 1508 5342 undique
1531 5258 1725 5341 exornavit,
1776 5262 1817 5331 ld
1841 5265 1950 5353 magis
1974 5270 2113 5358 putavit
2129 5294 2183 5341 re·

148 5338 328 5428 conferre,
353 5366 433 5413 cum
453 5355 523 5409 tam
540 5340 629 5409 varii
644 5355 761 5411 motus
778 5344 882 5412 annis
897 5344 967 5411 iam
983 5346 1064 5434 plus
1077 5345 1143 5414 tri·
1192 5348 1289 5436 gium
1321 5372 1414 5430 esse,
1461 5355 1636 5437 excolere,
1686 5384 1884 5456 ornateque
1914 5369 2009 5439 bono
2038 5374 2181 5465 publico

150 5452 249 5542 ginta
263 5450 301 5517 in
317 5459 390 5516 tota
407 5441 603 5514 Germania
616 5443 772 5529 fuerint,
799 5469 879 5514 eum
888 5445 997 5516 'toties
1011 5445 1065 5514 vis
1079 5470 1144 5538 pa·
1192 5451 1433 5544 provinciam,
1474 5481 1581 5549 quam
1613 5461 1765 5534 maiores
1792 5469 2040 5559 tradidissent,
2077 5498 2181 5570 quam
