4664 6022
63 285 109 360 os
561 278 726 361 nucu.
753 275 831 357 un
861 277 1138 360 nncoouo
1170 273 1615 373 unuourorrar.
1717 356 1721 365 ,
2057 289 2120 399 se

57 477 153 552 quse
173 452 353 528 veteribus
375 454 548 548 docendi,
574 446 806 552 discendique
828 455 919 527 ratio
939 457 1058 544 fuerit,
1108 455 1260 526 lioribus
1285 454 1494 546 ingratiam
1519 451 1666 526 rediere.
1715 451 1789 528 Nec
1811 457 1916 530 video
1935 485 1999 554 ego
2017 487 2104 535 cou-

59 581 131 653 qua
144 557 360 651 disciplinae
373 582 496 630 omues
514 583 589 629 uun
604 572 743 630 tantum
758 559 971 645 illustratae,
995 562 1058 630 sed
1109 557 1241 629 servari
1263 580 1364 651 posse
1387 558 1557 652 quicquid
1583 559 1674 630 illud
1695 572 1745 629 est
1769 560 1980 653 elegantiae,
2005 567 2103 660 quod

59 661 170 733 etiam
183 674 309 732 auctae
323 674 419 736 suut.
451 659 562 732 Pauci
578 660 728 732 inludis
744 662 909 733 litorariis
928 656 1059 732 anthu-
1108 655 1177 731 hoc
1199 661 1315 731 seculo
1337 660 1517 747 refloruit,
1543 662 1613 732 nisi
1638 664 1833 732 exercendo
1849 666 1942 759 stylo
1959 689 2103 739 carmen

58 786 132 848 res,
157 764 221 833 sed
242 757 283 833 hi
306 761 432 855 optimi
454 765 766 856 proponebantur,
788 786 877 857 quos
897 764 1057 858 imitare-
1108 763 1274 834 iuventus
1297 761 1497 837 meditetur.
1557 763 1677 835 Sensit
1700 779 1735 835 et
1759 765 1812 836 M.
1829 764 1954 838 Cicero
1976 768 2102 841 facun-

58 881 118 938 tur
150 866 332 941 inventus.
389 862 437 937 Et
466 868 766 960 quemadmodum
789 867 833 936 de
861 891 901 936 re
927 867 1057 937 rustica
1108 866 1204 935 diam
1228 865 1387 935 versibus
1411 865 1607 935 scribendis
1625 867 1691 949 ali,
1723 891 1871 961 eamque
1891 871 1938 940 ob
1960 896 2103 943 causam

59 980 288 1063 pracceptum
311 980 384 1053 est,
414 992 461 1037 ne
482 969 598 1039 maior
619 970 754 1038 fundus
775 968 839 1054 sit,
870 993 977 1063 quam
994 969 1054 1064 qui
1108 981 1142 1038 et
1157 990 1259 1059 saepe
1273 967 1450 1058 scripsisse
1464 991 1619 1053 carmen,
1645 983 1679 1039 et
1694 967 1882 1040 Poetarum
1900 974 2101 1062 perstudio-

59 1070 128 1142 coli
141 1070 258 1164 probe
274 1070 406 1162 possit,
427 1070 478 1142 ait
491 1071 585 1140 euim
603 1070 800 1160 Vergilius:
1107 1094 1185 1140 sum
1203 1070 1310 1139 fuisse
1325 1083 1472 1140 constat.
1520 1068 1621 1142 Vidit
1638 1072 1824 1162 posteritas
1843 1073 2009 1172 pleraque
2024 1075 2100 1147 cius

1107 1172 1377 1263 epigrammata,
1410 1185 1599 1266 extantque
1624 1167 1732 1242 hodie
1756 1175 1825 1243 loci
1849 1176 1986 1270 aliquot
2015 1177 2100 1249 illu-

1106 1275 1231 1344 striom
1251 1273 1440 1345 Poetarum
1455 1277 1500 1345 ab
1524 1276 1601 1366 ipso
1618 1275 1738 1345 latinis
1760 1277 1919 1346 versibus
1937 1279 2099 1348 luculen-

1108 1377 1238 1447 tissime
1275 1376 1434 1468 expositi.
1503 1376 1641 1446 Plinius
1675 1372 1810 1447 Orator
1847 1381 1951 1451 editis
1992 1383 2098 1451 etiam

60 1478 115 1553 sie
136 1477 199 1549 illi
224 1500 306 1548 cum
331 1474 495 1547 viderent
516 1498 581 1544 nec
611 1474 781 1566 perdisci,
817 1499 882 1546 nec
904 1476 1054 1567 exprimi
1107 1477 1277 1570 poematis
1301 1491 1449 1549 testatur
1473 1474 1541 1548 hoc
1563 1479 1701 1563 studio,
1735 1479 1876 1550 dicendi
1901 1483 1971 1550 vim
1995 1483 2099 1553 adiu-

58 1605 161 1674 posse
173 1578 307 1651 multos
322 1578 514 1663 foeliciter,
540 1578 714 1671 turbaque
737 1577 950 1668 scriptorum
967 1603 1054 1649 con·
1107 1580 1194 1650 vari.
1232 1579 1388 1650 Proinde
1403 1581 1465 1673 qui
1481 1581 1650 1650 discendo
1665 1580 1777 1650 bonas
1795 1576 1900 1652 horas
1917 1585 2007 1654 bene
2024 1585 2098 1655 col-

57 1683 163 1756 fnndi
178 1680 312 1775 petius,
336 1703 442 1775 quam
455 1679 589 1750 erudiri
604 1679 774 1748 iuvenilia
792 1678 945 1768 ingenia,
965 1705 1053 1772 pau·
1105 1682 1222 1752 locare
1238 1683 1378 1768 volent,
1397 1695 1556 1752 veterum
1577 1683 1777 1777 exemplum
1796 1684 1999 1771 imitentur,
2026 1703 2098 1781 sty-

57 1787 171 1859 eiures
186 1780 440 1866 admittebant,
466 1803 555 1874 quos
568 1780 635 1850 sibi
659 1781 808 1852 studiosi
825 1806 931 1875 quam
950 1783 1055 1851 fami·
1105 1785 1230 1877 loque,
1263 1799 1303 1854 ut
1329 1783 1578 1874 Quintilianus
1604 1785 1672 1869 ait,
1705 1784 1800 1854 fideli
1830 1799 1864 1855 et
1894 1788 2097 1859 facundiam

57 1885 449 1959 liarissimosfacereut.
499 1880 772 1954 Declamabatur
789 1884 873 1953 item
891 1885 1053 1974 adsiduo,
1105 1899 1247 1977 parent,
1281 1901 1315 1958 et
1336 1886 1509 1956 iudicium
1539 1900 1679 1962 acuant.
1737 1881 1975 1960 Vehementer
2002 1889 2099 1959 euim

56 1989 263 2062 scribebant
277 1985 338 2056 alii
356 2008 496 2064 versus,
522 1984 585 2053 alii
599 1986 751 2054 solutam
767 1985 975 2059 orationem.
1004 1983 1053 2056 Et
1104 1988 1296 2074 falluntur,
1321 1986 1453 2081 siquid
1470 1987 1546 2056 sine
1563 1983 1629 2058 hac
1644 1989 1892 2060 exercitatione
1913 2005 2098 2082 promotu·

57 2090 255 2188 quiaiuter
273 2110 311 2157 se
334 2086 583 2158 benedicendi
605 2088 722 2157 studio
745 2088 943 2172 certabant,
969 2112 1052 2157 cura
1106 2112 1163 2159 ros
1180 2113 1217 2158 se
1234 2089 1273 2157 in
1290 2089 1402 2159 literis
1425 2104 1577 2181 sperant.
1631 2090 1734 2160 Mare
1750 2090 1858 2163 vitem
1877 2094 1980 2164 citius
1997 2093 2099 2179 ferat,

56 2192 321 2284 solicitudoque
349 2188 523 2259 iudicium
551 2189 709 2262 acuebat.
770 2187 853 2277 Quo
877 2188 1053 2273 instituto,
1105 2214 1211 2284 quam
1227 2191 1486 2277 eruditionem,
1507 2204 1570 2261 aut
1586 2193 1728 2262 dicendi
1750 2193 1951 2263 facultatem
1974 2218 2099 2266 conse·

57 2320 136 2370 cum
153 2293 298 2364 nullum
313 2290 506 2362 iucundius
519 2303 591 2361 erat
608 2291 856 2381 spectaculum,
871 2304 945 2361 tum
959 2286 1053 2360 nihil
1105 2306 1234 2385 quatur
1248 2293 1289 2377 is,
1315 2293 1378 2385 qui
1396 2305 1562 2385 tanquam
1579 2292 1819 2383 Mandragura
1834 2297 1980 2387 sopitus,
2001 2320 2099 2366 nun-

57 2396 227 2492 privatim
243 2405 306 2465 aut
320 2388 467 2485 ¹publice
481 2392 607 2462 utilius
623 2393 698 2462 lieri
722 2393 852 2483 potuit.
903 2391 994 2462 Nam
1011 2417 1053 2462 ex
1105 2418 1210 2488 quam
1229 2395 1410 2464 incalescit
1424 2407 1464 2463 ut
1478 2395 1659 2484 ingenium
1677 2398 1950 2468 commentando
1973 2421 2097 2490 exper-

56 2497 266 2572 hoinsmodi
291 2495 388 2567 ludis
412 2494 577 2586 prodiere
600 2493 786 2564 clarissimi
809 2495 1052 2586 superioribus
1104 2497 1260 2586 gefaciat.
1292 2493 1469 2588 Exposui
1484 2521 1572 2590 quae
1588 2521 1643 2565 me
1658 2499 1814 2568 rationes
1830 2501 1874 2568 ad
1891 2500 2021 2569 artium
2038 2498 2097 2568 di-

57 2600 186 2675 seculis
199 2593 385 2689 homines,
412 2597 544 2668 Graeci
560 2621 599 2667 ac
611 2595 746 2682 Latini,
770 2597 931 2691 plerique
946 2598 1051 2666 etiam
1104 2598 1208 2668 cendi
1224 2598 1380 2669 studium
1394 2597 1568 2683 invitent,
1593 2623 1738 2691 nempe,
1764 2602 1860 2693 qarod
1878 2612 1913 2669 et
1929 2613 2021 2670 certa
2040 2599 2099 2669 di·
2210 2642 2213 2648 -

286 1304 296 1311 ᾖ
307 1311 310 1316 ἡ
322 1224 461 1292 Laudato
476 1233 609 1313 iugentia
623 1252 703 1310 rura,

159 1327 322 1414 Exiguum
337 1334 442 1399 colito.

56 2700 271 2777 Christiani:
299 2699 435 2794 quossi
452 2698 583 2768 imitari
601 2701 783 2769 studerent
800 2699 932 2783 nostri,
958 2701 1051 2769 bone
1105 2700 1207 2770 cendi
1233 2701 1324 2770 ratio
1346 2701 1568 2770 observanda
1591 2701 1656 2785 sit,
1683 2715 1718 2771 ct
1740 2695 1869 2770 harum
1886 2703 2016 2773 artium
2029 2726 2099 2772 usu

56 2804 172 2891 Deus,
205 2815 340 2897 quanto
371 2825 426 2871 res
454 2795 630 2871 humanae
657 2800 767 2890 magis
798 2801 986 2882 florerent,
1018 2816 1051 2871 et
1103 2803 1271 2872 studiosis
1286 2797 1454 2872 nonnihil
1469 2802 1594 2871 iudicii
1610 2803 1760 2873 accedat.
1794 2800 1894 2891 Quae
1911 2802 2034 2897 siquis
2050 2805 2095 2874 ad

58 2931 175 2979 uerae
196 2906 321 2976 literae
342 2902 505 2975 foelicius
534 2916 779 2973 tractarentur.
831 2900 945 2973 Porro
970 2927 1051 2973 cum
1103 2928 1140 2974 se
1160 2901 1252 2974 nihil
1276 2904 1454 2996 pertinere
1476 2905 1601 2988 sentit,
1632 2904 1663 2973 is
1683 2900 1778 2975 haud
1802 2905 1910 2976 dubie
1928 2907 1974 2974 ab
1996 2905 2097 2975 omni

61 3023 191 3081 ueteres
214 3019 355 3079 tautum
373 3028 500 3096 operae
530 3004 569 3073 in
590 3007 784 3075 exercendo
809 3005 900 3099 stylo
924 3029 1052 3096 posue·
1102 3002 1325 3077 humanitate
1348 3006 1553 3096 longissime
1577 3007 1687 3080 abest.
1737 3005 1872 3077 Contra
1893 3007 2000 3093 boui,
2033 3005 2096 3077 ubi

59 3112 151 3193 rint.
176 3132 262 3182 cum
275 3131 342 3178 nec
362 3106 537 3192 eruditio,
561 3130 627 3176 nec
649 3106 850 3200 eloquentia
863 3107 1052 3178 mediocris
1104 3110 1374 3179 commodorum
1397 3109 1489 3192 vim,
1528 3131 1618 3202 quae
1648 3110 1692 3181 ad
1721 3133 1788 3178 nos
1811 3134 1830 3179 a
1855 3133 2016 3178 sermone
2039 3110 2098 3178 re-

56 3215 144 3287 citra
158 3206 232 3282 hoc
247 3209 404 3282 studium
422 3208 540 3299 parari
558 3221 679 3302 queat,
704 3234 785 3293 cum
807 3208 958 3298 intelligi
976 3233 1050 3278 uon
1103 3213 1231 3295 dsunt,
1270 3209 1499 3303 contemplati
1522 3208 1674 3295 fuerint,
1708 3211 2095 3304 animadverterintque

57 3313 209 3410 possint,
231 3336 323 3407 quae
339 3312 386 3382 ah
401 3310 481 3380 aliis
498 3311 690 3402 prudenter
706 3311 834 3401 scripta
852 3324 955 3394 sunt,
981 3311 1050 3380 nisi
1103 3327 1135 3383 et
1159 3326 1252 3382 certa
1271 3314 1409 3383 ratione
1433 3312 1574 3381 dicendi
1598 3333 1688 3401 opus
1711 3333 1802 3395 esse,
1828 3307 1934 3382 ethis
1957 3312 2094 3382 artibus

57 3419 125 3512 ipsi
153 3415 239 3511 styli
267 3437 337 3486 usu
366 3412 509 3504 ingenia
537 3411 744 3484 excitemus:
786 3412 891 3481 sinite
922 3435 1050 3504 quaeso
1103 3414 1244 3502 ingenia
1268 3414 1417 3483 cultiora
1442 3413 1562 3497 reddi,
1586 3412 1694 3496 velis,
1717 3425 1758 3481 ut
1775 3412 1897 3498 aiunt,
1922 3437 1961 3482 ac
1987 3411 2095 3482 remis
2173 3425 2184 3434 ·

58 3518 205 3593 avobis
223 3515 425 3609 impetrari,
456 3530 495 3586 ut
519 3515 611 3608 stylo
634 3537 894 3606 nonuunquam
919 3526 1051 3583 vestras
1102 3518 1145 3583 ad
1163 3511 1249 3583 haec
1264 3514 1381 3584 studia
1398 3515 1651 3606 properabunt.
1693 3511 1826 3583 Verum
1842 3528 1924 3585 sunt
1939 3537 2014 3583 uon
2032 3537 2095 3605 pa-

58 3625 152 3695 vires
168 3617 414 3714 experiamini.
464 3614 556 3690 Rem
574 3616 713 3708 postulo
729 3641 802 3686 uon
820 3615 966 3707 perinde
980 3616 1051 3684 dii·
1102 3641 1184 3688 rum
1199 3617 1303 3687 multi
1316 3616 1521 3708 praesertim
1541 3610 1609 3685 hoc
1631 3630 1810 3708 tempore,
1835 3617 1897 3710 qui
1916 3617 2094 3686 bonorum

58 3725 199 3809 brilem,
221 3733 329 3816 atque
343 3720 542 3805 salutarem,
567 3719 795 3812 nequeenim
813 3719 958 3789 aliunde
973 3733 1050 3790 stu·
1102 3743 1243 3790 cursum
1261 3734 1457 3799 morantur,
1484 3713 1523 3787 hi
1538 3720 1581 3788 ad
1599 3717 1897 3809 Theologicarum
1910 3719 2094 3788 literarum

58 3827 129 3898 diis
144 3822 272 3897 restris
287 3822 441 3915 amplior
455 3822 605 3890 accessio
620 3823 692 3891 fiet.
742 3819 859 3892 Cudes
877 3837 994 3892 autem
1016 3833 1051 3890 et
1101 3821 1344 3892 tractationem
1364 3835 1493 3909 negant
1510 3820 1651 3890 dicendi
1664 3820 1794 3892 artium
1809 3820 1991 3891 scientiam
2006 3842 2094 3889 con·

60 3926 254 4001 versiculos
279 3936 315 3995 et
332 3924 484 3994 solutam
507 3922 720 3992 orationem:
749 3922 851 3991 video
870 3923 964 3992 enim
983 3947 1051 4014 pu·
1101 3926 1246 3994 ducere:
1273 3923 1458 4016 coepitque
1475 3918 1533 3992 hic
1552 3945 1668 4009 error,
1693 3946 1757 3993 ceu
1780 3922 1989 4013 contagione
2005 3942 2095 4015 qua-

60 4027 248 4102 tidiuscule
269 4026 406 4112 dicere,
437 4037 613 4119 quotquot
639 4024 802 4117 poeticen
827 4048 902 4094 non
926 4025 1051 4113 attige-
1101 4028 1182 4094 dam
1211 4025 1282 4096 late
1306 4040 1469 4117 vagatus,
1503 4025 1694 4115 plurimos,
1727 4024 1790 4117 qui
1818 4048 1864 4095 ne
1893 4048 1967 4094 non
1990 4021 2093 4092 valde

61 4145 157 4219 runt,
184 4131 363 4223 planeque
382 4122 485 4197 humi
505 4150 647 4219 repere,
673 4150 738 4196 nec
752 4126 941 4196 verborum
960 4150 1050 4218 pon·
1101 4124 1332 4218 theologicari
1370 4129 1582 4211 videantur,
1619 4121 1848 4197 humaniores
1887 4124 2094 4215 disciplinas

61 4236 142 4320 dus,
166 4248 230 4305 aut
248 4231 362 4303 ullam
384 4229 576 4320 figurarum
593 4229 665 4298 vim
690 4243 823 4299 tenere.
876 4226 950 4299 lam
969 4252 1049 4298 cum
1102 4253 1225 4299 omncs
1240 4244 1485 4302 contemnunt.
1537 4223 1615 4317 Ego
1629 4250 1714 4297 vero
1736 4229 1828 4299 serio
1848 4227 1931 4298 illos
1952 4222 2094 4298 theolo-

62 4358 200 4429 asperas
213 4334 508 4426 confragosasquc
522 4331 795 4424 compositiones
808 4331 921 4402 multo
936 4330 981 4399 sit
996 4329 1051 4401 sa-
1101 4330 1210 4422 gicari
1233 4331 1405 4422 optarim,
1439 4354 1551 4424 eaque
1572 4343 1768 4421 praestare,
1801 4352 1891 4424 quae
1917 4325 2093 4400 Christia-

10 4460 13 4525 ,
64 4438 219 4509 cilimum
234 4433 449 4505 incessibus
463 4427 738 4527 deprehendere,
762 4434 813 4516 iit,
839 4446 880 4504 ut
895 4435 956 4526 qui
972 4457 1049 4502 car·
1102 4458 1184 4502 narn
1213 4447 1368 4504 mentem
1392 4435 1528 4504 decent.
1585 4429 1692 4502 Nunc
1719 4431 1825 4504 video
1854 4426 2093 4520 theologicum

10 4530 17 4657 l,
65 4563 139 4611 meu
150 4537 332 4621 condunt,
352 4538 398 4606 de
411 4536 546 4606 solutae
558 4535 731 4607 orationis
745 4535 905 4604 numeris
921 4536 1049 4606 rectius
1101 4559 1232 4605 nomen
1257 4534 1417 4625 ignaviae
1440 4549 1577 4606 tantum
1602 4533 1776 4625 praetexi,
1801 4545 1975 4603 caeterum
1999 4525 2093 4598 nibil

11 4688 17 4721 2
66 4640 230 4715 iudicent.
280 4634 329 4710 Et
364 4633 459 4707 haud
492 4637 566 4707 scio
599 4662 645 4706 an
671 4640 715 4708 de
740 4637 853 4708 literis
883 4638 1050 4707 omnibus
1102 4638 1221 4708 minus
1242 4661 1336 4723 esse,
1364 4661 1474 4732 quam
1495 4638 1592 4730 quod
1616 4636 1836 4726 profitentur.
1887 4630 1978 4702 Nam
2004 4633 2092 4701 dum

14 4774 22 4839 ¹.
67 4759 174 4817 sctum
189 4743 255 4826 sit,
281 4740 344 4813 ubi
362 4738 498 4832 poetice
510 4738 662 4809 fastidiri
679 4740 846 4831 coeperit.
881 4736 1049 4809 Fitenim
1101 4740 1196 4832 piget
1208 4739 1418 4831 elegantiam
1431 4739 1575 4821 discere,
1602 4760 1707 4830 seque
1722 4733 1928 4805 difficilimis
1943 4732 2095 4823 scripto-

16 4844 21 4907 ἰ
67 4861 98 4919 ut
112 4857 262 4919 ornatus
277 4844 515 4937 splendorque
534 4843 722 4914 verborum
745 4842 848 4912 nullo
869 4840 908 4910 iu
933 4843 1049 4934 precio
1101 4844 1201 4913 ribus
1230 4841 1455 4922 evolvendis,
1489 4841 1754 4932 exercendoque
1783 4836 1874 4931 stylo
1904 4857 2094 4918 macerare,

68 4948 120 5031 sit,
152 4948 296 5018 minore
318 4970 403 5017 cura
426 4945 620 5029 scribatur,
653 4944 861 5015 oscitantius
890 4944 1051 5033 legantur
1101 4969 1216 5038 neque
1239 4944 1334 5014 enim
1356 4944 1512 5014 ullarum
1535 4941 1719 5011 literarum
1741 4939 1895 5029 cognitio
1917 4938 1994 5007 sine
2017 4934 2093 5007 acri

20 5102 24 5135 ς
68 5051 198 5136 omnia,
240 5070 359 5119 rerum
394 5047 688 5141 inquirendarum
722 5045 879 5118 studium
912 5046 1048 5136 frigeat.
1100 5046 1218 5116 studio
1234 5045 1425 5136 contingit,
1450 5044 1481 5114 si
1501 5044 1646 5138 wando
1667 5044 1812 5115 domum
1832 5043 1923 5111 bene
1944 5039 2019 5131 poti
2037 5061 2094 5108 re-

20 5158 25 5211 ἲ
69 5148 176 5242 Quare
198 5164 235 5223 ct
256 5146 433 5223 Romanis
458 5149 677 5241 temporibus
705 5149 863 5239 poeticae
889 5163 1050 5219 contem·
1101 5149 1208 5233 diere,
1233 5147 1504 5220 conciunculam
1520 5145 1676 5238 aliquam
1692 5145 1826 5233 legunt,
1850 5142 1934 5212 iude
1950 5140 2014 5212 ubi
2031 5141 2094 5210 de-

69 5267 156 5340 ptum
175 5253 399 5326 incredibilis
423 5251 560 5321 inscitia
585 5275 704 5321 rerum
726 5251 904 5336 omnium,
931 5252 1051 5322 insan-
1101 5251 1313 5342 cerpserint,
1336 5273 1426 5343 quae
1442 5250 1484 5318 ad
1502 5240 1722 5317 stomachum
1737 5244 1884 5331 faciunt,
1909 5241 2037 5333 passim
2055 5240 2094 5309 in

70 5356 174 5453 lisque
188 5369 308 5428 secuta
322 5368 385 5426 est.
436 5348 616 5446 llituuper
636 5355 724 5423 adeo
742 5378 822 5423 cum
844 5354 958 5424 nostri
983 5349 1050 5423 ho-
1100 5352 1292 5437 conviviis,
1334 5376 1417 5421 nam
1450 5349 1500 5421 ibi
1529 5346 1751 5441 potissimum
1780 5345 1942 5437 sapiunt,
1976 5340 2094 5411 decla-

71 5458 170 5533 nines
180 5456 376 5533 versiculos
391 5457 505 5529 facere
520 5456 729 5549 coepissent,
751 5478 833 5524 cum
847 5456 961 5526 literis
976 5480 1060 5561 me·-
1101 5469 1212 5526 mant:
1235 5468 1269 5525 et
1283 5452 1365 5548 quia
1384 5453 1510 5542 vulgus
1523 5448 1719 5542 adplaudit,
1745 5449 1814 5518 iam
1832 5470 1916 5517 vero
1930 5442 2001 5515 sibi
2014 5457 2093 5514 tan-
