4664 6022
142 268 217 343 ω
719 255 879 336 nucu
931 254 1005 351 nu
1036 251 1264 337 roauuu
1293 258 1449 339 nucu
1481 260 1605 343 sax.
2089 278 2182 367 aaa

248 436 382 512 Extant
399 441 436 509 in
451 436 645 533 praeceptis
657 434 812 529 politicis
827 434 960 507 multae
972 435 1138 525 gravissi-
1187 435 1397 528 amplissimi
1420 439 1559 511 ordinis
1586 443 1747 514 oratione
1776 445 1909 540 levem,
1942 449 2006 542 qui
2026 451 2184 525 acerbis·

145 568 225 617 mae
248 544 461 628 sententiae,
488 565 577 636 qnae
599 534 793 632 prohibent
814 561 889 607 non
907 537 1136 607 necessariam
1186 539 1274 609 sime
1290 540 1410 628 lugent
1424 540 1608 613 interitum
1621 542 1812 640 Principis,
1836 565 1868 620 et
1888 565 2034 644 propter
2047 568 2184 644 gratam

145 649 264 736 legum
279 647 524 717 mutationem.
565 640 636 715 Sed
650 641 795 713 recitare
816 640 918 731 plura
935 639 1136 710 testimonia
1186 643 1394 712 memoriam
1417 644 1559 715 virtutis
1588 658 1621 715 et
1652 649 1822 721 bonitatis
1847 653 1939 741 eius,
1972 669 2008 726 et
2036 671 2183 751 propter

146 751 297 840 longum
313 763 418 832 esset,
440 760 576 817 tantum
594 742 877 814 commemorabo
890 766 1003 811 nuum
1020 744 1137 836 quod·
1185 740 1341 834 Reipub.
1360 745 1536 835 pericula,
1561 773 1650 840 quae
1674 746 1743 821 hoc
1762 755 1932 842 extincto,
1958 757 2022 852 qui
2042 780 2184 853 semper

146 854 229 923 dam
254 853 468 942 exemplum,
497 846 592 941 quod
617 858 711 915 extat
729 846 823 936 apud
847 839 1135 915 Demosthenem.
1187 846 1282 937 pacis
1297 848 1500 935 autoriuit,
1526 849 1731 942 impendent
1755 856 1927 945 plurima3
1960 859 2063 932 nulla
2089 862 2184 935 enixo

146 953 272 1025 Locris
293 954 342 1023 ait
370 952 479 1040 legem
507 950 632 1034 fuisse,
667 972 713 1016 ne
733 959 793 1016 aut
818 960 1019 1038 praesentes
1043 948 1137 1036 leges
1186 947 1299 1017 oratio
1326 948 1481 1017 inveniri
1504 965 1566 1021 aut
1588 976 1651 1043 par
1673 959 1910 1047 magnitudini
1927 963 2066 1033 doloris
2083 963 2185 1037 istius

147 1058 420 1145 abrogarentur,
454 1067 514 1121 aut
546 1075 660 1120 novae
687 1053 881 1135 ferrentur3
913 1051 973 1117 sed
998 1049 1028 1116 si
1058 1050 1136 1141 quis
1187 1063 1317 1141 potest,
1342 1067 1403 1121 aut
1418 1076 1508 1145 quae
1523 1055 1661 1125 animos
1678 1082 1698 1124 a
1714 1073 1808 1130 tauta
1825 1065 2000 1135 moestitia
2020 1066 2184 1139 videatur

147 1172 236 1227 essu
254 1172 314 1227 aut
330 1158 561 1243 abrogaturus
577 1154 743 1244 aliquam,
767 1167 828 1221 aut
845 1176 974 1220 novam
991 1152 1138 1236 laturus,
1186 1165 1414 1238 revocatura,
1447 1178 1516 1247 qua
1532 1157 1675 1248 quidem
1701 1183 1764 1249 ego
1788 1188 1930 1257 quoque
1952 1191 2045 1257 pene
2061 1168 2182 1239 exani·

144 1273 360 1350 proponeret
381 1281 480 1327 suain
503 1257 714 1325 sententiam
738 1253 896 1344 publice,
929 1268 1025 1353 stans
1044 1254 1136 1322 collo
1186 1278 1276 1327 mor.
1327 1252 1398 1325 Sed
1422 1257 1592 1348 quoniam
1614 1262 1657 1329 ad
1683 1265 1855 1354 populum
1880 1268 1994 1339 oratio
2015 1262 2181 1363 habetur,

145 1363 278 1431 inserto
303 1361 341 1428 iu
369 1362 557 1452 laqueum,
586 1372 626 1427 ut
646 1356 677 1425 si
705 1355 760 1423 lex
784 1356 969 1445 placuisset
992 1356 1137 1446 populo,
1186 1357 1532 1427 commonefacienda
1556 1361 1662 1430 nobis
1682 1378 1734 1435 est
1754 1367 1964 1455 multitudo,
1989 1386 2031 1443 nt
2047 1394 2179 1445 memn-

143 1464 385 1535 dimitterctur
408 1474 511 1529 autor
531 1461 648 1528 laxato
666 1459 808 1549 laqueo:
844 1457 1038 1525 sinautem
1062 1457 1137 1526 dis·
1185 1460 1275 1526 riam
1304 1459 1444 1530 virtutis
1477 1484 1517 1529 ac
1550 1463 1806 1537 beneficiorum
1832 1472 1976 1542 extincti
2003 1470 2178 1567 Principis

144 1566 342 1655 plicuisset,
384 1565 509 1654 laqueo
538 1561 728 1632 constricto
754 1584 835 1628 mox
858 1560 1138 1647 strangularetur
1187 1573 1386 1645 conservet,
1419 1585 1529 1654 eaque
1554 1564 1591 1633 in
1615 1589 1652 1635 re
1674 1567 1840 1659 pietatem
1862 1587 1896 1645 et
1917 1575 2176 1663 gratitudinem,

143 1680 258 1739 autor.
322 1660 422 1735 Nilxil
446 1677 496 1731 est
521 1661 691 1734 incertius
711 1662 836 1752 populi
864 1661 1026 1740 iudiciis,
1055 1661 1135 1729 ideo
1186 1685 1293 1754 quam
1314 1659 1409 1731 Deus
1431 1666 1615 1756 praecipue
1642 1669 1740 1742 iubet
1770 1674 1917 1744 reddere
1942 1668 2176 1773 Principibus,

144 1770 249 1841 atritis
262 1767 443 1850 ducentis,
470 1789 574 1834 nemo
591 1788 696 1833 ausus
710 1777 762 1831 est
782 1762 900 1833 subire
915 1758 1022 1831 huius
1041 1762 1136 1831 iudi·
1187 1778 1346 1855 praestet.
1399 1762 1501 1852 Quae
1524 1768 1619 1836 enim
1643 1771 1880 1861 ingratitudo,
1906 1802 1998 1871 quae
2022 1780 2175 1872 impietas

97 1862 100 1873 '
144 1873 190 1941 cii
219 1869 437 1960 periculum,
472 1892 539 1936 xxcc
564 1867 638 1935 nlla
663 1890 755 1933 nova
782 1866 838 1933 lex
864 1865 1044 1955 proposita
1072 1878 1134 1942 est,
1185 1865 1257 1933 dici
1276 1865 1389 1935 maior
1402 1869 1531 1957 possit,
1557 1894 1661 1961 quam
1679 1875 1760 1943 talis
1777 1878 1845 1945 viri
1862 1880 2013 1951 interitu
2029 1906 2107 1953 nnn
2120 1885 2174 1955 ad·
2211 1910 2214 1943 ε

142 1986 414 2065 praeterunam:
442 1968 491 2040 Ut
504 1971 608 2038 ambo
625 1968 718 2037 oculi
734 1966 973 2037 effoderentur
988 1968 1058 2052 isti,
1075 1967 1136 2059 qui
1186 1966 1270 2035 fici?
1303 1966 1402 2037 cuius
1424 1983 1543 2042 extant
1563 1973 1601 2039 in
1622 1975 1826 2046 universam
1841 1977 2106 2075 Remp.multa
2124 1986 2173 2055 in-
2207 1952 2214 2063 i

142 2074 299 2144 unoculo
329 2071 506 2142 effodisset
537 2095 652 2141 uuum
675 2068 778 2137 illurn
800 2069 957 2142 oculum.
1010 2068 1136 2138 Videte
1186 2069 1303 2157 gentio
1327 2070 1514 2158 beneficia,
1550 2098 1620 2168 quo
1648 2079 1796 2164 amisso,
1828 2107 1917 2174 quae
1948 2099 2174 2177 tempestates,

144 2189 279 2271 quauta
318 2175 503 2244 severitate
544 2186 678 2241 veteres
724 2171 972 2259 legumlatores
1013 2196 1135 2241 cavere
1187 2195 1276 2264 quae
1297 2172 1512 2242 mutationes
1533 2199 1653 2244 rerum
1674 2179 1922 2271 impendeant,
1954 2180 2083 2261 horret
2104 2190 2172 2261 ani·

143 2278 346 2349 tcmerarias
363 2277 480 2365 legum
496 2275 710 2345 mutationes
726 2274 928 2346 voluerunt.
972 2272 1136 2343 Providit
1186 2296 1265 2342 mus
1303 2272 1432 2342 dicere.
1503 2273 1625 2370 ltaque
1674 2294 1714 2351 ut
1757 2287 1964 2358 memoriam
2007 2291 2170 2365 virtutem

142 2377 597 2472 idemcallideLycurgus,
624 2377 684 2469 qui
700 2400 779 2445 cum
795 2392 985 2466 exponeret
999 2378 1136 2446 civibus
1186 2399 1226 2444 ac
1267 2376 1476 2445 meritorum
1511 2378 1586 2447 eius
1619 2375 1884 2474 conservemus,
1927 2395 2100 2484 quaedam
2133 2418 2171 2465 cx

142 2507 181 2554 ,e
203 2482 446 2553 consulturum
473 2480 656 2551 oraculum
675 2478 718 2546 de
738 2478 875 2567 legibus
892 2479 1135 2570 promulgatis,
1187 2476 1297 2568 ipsius
1320 2470 1470 2548 historia
1493 2494 1648 2572 repetam
1672 2485 1846 2573 breviter,
1879 2494 2062 2584 impedior
2083 2496 2168 2567 enim

142 2610 183 2657 ac
200 2597 332 2676 peteret
348 2596 389 2652 ut
403 2582 651 2650 iusiurandum
668 2581 811 2664 darent,
837 2603 873 2650 se
890 2582 1031 2651 interim
1050 2584 1134 2650 dum
1185 2579 1309 2647 dolore
1344 2593 1378 2649 et
1410 2575 1619 2675 lachrymis,
1653 2612 1724 2679 quo
1752 2591 1871 2661 minus
1903 2598 2039 2682 possim
2071 2598 2171 2669 mdtc

142 2689 296 2770 abesset,
334 2709 408 2753 rxon
425 2685 672 2755 immutaturus
694 2705 766 2752 esse
789 2683 891 2770 leges.
942 2681 1136 2753 Discedens
1186 2683 1313 2755 dicere.
1371 2677 1473 2751 Nihil
1505 2680 1565 2753 hic
1598 2687 1642 2754 de
1668 2693 1805 2777 generis
1831 2696 2021 2770 nobilitate
2048 2700 2171 2781 dium,

143 2791 273 2880 igitur,
305 2811 380 2856 non
405 2801 457 2855 est
482 2808 662 2865 reversus,
695 2797 738 2854 nt
766 2798 935 2876 perpetuo
961 2786 1135 2872 obligatos
1186 2806 1256 2875 qua
1289 2781 1463 2857 Saxoniae
1496 2783 1616 2858 Duces
1647 2791 1848 2865 abundant:
1888 2794 1982 2869 nihil
2017 2802 2063 2873 de
2095 2804 2172 2873 adn·

142 2891 315 2980 religione
329 2889 520 2959 iuramenti
537 2900 680 2956 teneret.
734 2885 785 2956 lta
801 2889 1020 2957 duraverunt
1043 2888 1136 2975 leges
1186 2885 1371 2955 lescentiae
1403 2888 1548 2973 studiis,
1584 2914 1788 2986 quanquam
1827 2893 1912 2969 haec
1945 2901 1985 2971 in
2016 2903 2088 2977 isto
2117 2898 2169 2975 lu·

142 2995 228 3063 illac
259 3012 372 3061 auxios
395 2991 619 3083 quingentos.
669 2986 766 3057 Ilaec
795 3002 899 3081 atque
924 2990 992 3058 alia
1023 2991 1134 3059 multa
1185 2987 1271 3056 beut
1297 2988 1458 3057 eximiam
1483 2991 1624 3060 laudem
1650 2998 1844 3069 modestiae
1863 3015 1970 3096 atque
1990 3006 2168 3079 continen-

143 3121 165 3166 a
189 3095 303 3165 doctis
324 3107 593 3185 proponuntur,
627 3114 674 3159 ne
696 3092 774 3159 iura
798 3115 882 3160 vero
907 3092 1056 3161 consilio
1079 3115 1135 3158 re-
1186 3089 1273 3172 tiae,
1299 3086 1392 3157 nihil
1414 3091 1530 3161 dicam
1553 3093 1597 3162 de
1622 3097 1760 3192 reliquo
1781 3101 1872 3172 vitae
1888 3128 2014 3192 cursu,
2042 3122 2170 3183 tamt

144 3212 263 3288 cepta,
296 3210 425 3266 tentare
449 3208 642 3264 mutentur.
702 3189 895 3284 Praecipue
918 3218 1004 3262 vero
1028 3190 1135 3263 Chri-
1185 3190 1275 3259 illud
1297 3204 1433 3281 tempus
1456 3194 1644 3283 attingam,
1670 3225 1742 3293 quo
1767 3203 1855 3276 rexit
1879 3201 2170 3295 huncDocatom

143 3300 277 3369 stianos
299 3299 398 3367 decet
422 3319 564 3375 cavere,
593 3318 667 3362 nou
693 3295 904 3366 necessarias
925 3296 1134 3385 disputatio·
1184 3294 1292 3381 [ratre
1313 3291 1496 3364 Friderico
1522 3295 1728 3371 Clarissimo
1751 3300 1917 3399 Principe
1947 3325 2111 3401 mortum
2140 3314 2169 3385 id

142 3424 224 3486 nes,
247 3424 327 3469 curn
343 3412 486 3490 propter
499 3396 614 3468 Deum
632 3397 769 3485 legibus
785 3410 820 3467 et
831 3399 1017 3468 universae
1041 3396 1134 3487 poli·
1185 3394 1281 3462 enirn
1299 3396 1512 3487 multiplices
1532 3394 1657 3471 habuit
1674 3428 1792 3490 casus,
1815 3408 2005 3502 inquibus
2027 3416 2168 3511 perspici

132 3490 214 3574 =tiae
235 3501 469 3573 reverentiam
490 3501 654 3570 debeant.
706 3497 778 3568 Nec
800 3501 972 3580 dubium,
998 3500 1085 3592 quin
1105 3499 1134 3567 si
1183 3493 1294 3566 Ducis
1309 3494 1454 3566 loannis
1469 3501 1580 3589 pietas
1601 3526 1680 3592 erga
1697 3500 2077 3605 Deum,'constantia,
2102 3542 2168 3589 rnn-

145 3606 365 3676 mmmm,
391 3597 477 3670 haec
508 3601 645 3670 erudita
672 3600 761 3670 iuris
784 3601 967 3685 doctrina,
1006 3623 1133 3689 magua
1183 3598 1333 3682 deratio,
1360 3600 1516 3669 studium
1533 3604 1640 3693 pacis,
1668 3620 1703 3676 et
1717 3623 1873 3681 caeterae
1887 3613 2167 3713 virtutcsdignae

144 3705 305 3777 conlusio
333 3720 367 3773 et
390 3704 567 3772 barbaries
587 3703 624 3768 in
650 3701 792 3770 iudiciis
813 3714 848 3770 et
864 3703 1023 3773 moribus
1037 3728 1134 3771 secu·
1184 3702 1280 3769 bono
1297 3698 1464 3792 Principe
1488 3720 1646 3793 possunt.
1697 3706 1750 3776 Ac
1770 3714 1925 3802 primum
1950 3719 2065 3807 illud,
2089 3744 2167 3817 quae

144 3822 224 3879 tura
240 3820 347 3889 esset,
370 3830 476 3897 quam
493 3818 532 3873 ut
549 3799 862 3895 prohibeatDeus,
888 3805 951 3898 qui
966 3821 1017 3875 cst
1033 3818 1136 3874 autor
1184 3797 1371 3891 trophaea,
1398 3826 1485 3896 quas
1507 3806 1760 3894 gratulationes
1780 3833 1953 3904 meretur,
1980 3826 2081 3916 quod
2104 3837 2167 3897 tuc-

144 3911 233 3981 boni
249 3921 360 3979 smus
375 3905 530 3997 politici,
555 3918 651 3997 opto,
703 3900 798 3975 Dixi,
1185 3904 1430 3974 bulentissimo
1457 3918 1614 3996 tempore
1635 3914 1827 4001 praestitit,
1861 3933 1899 3990 ut
1922 3915 1989 3993 hae
2016 3926 2167 4018 regiones

1185 4020 1300 4077 essent
1313 4007 1526 4099 tranquillae
1542 4025 1575 4079 et
1598 4028 1759 4101 pacatae,
1785 4043 1865 4088 curn
1882 4023 2029 4116 quidem
2051 4052 2166 4123 perps-

1183 4122 1246 4180 tuo
1274 4109 1486 4178 molirentur
1513 4134 1587 4180 non
1613 4116 1716 4205 pauci
1738 4118 1874 4191 bellum
1894 4127 2085 4201 adversum
2102 4152 2166 4215 nos,

161 4272 196 4344 N
245 4270 294 4341 29
977 4309 980 4315 ὁ
1042 4278 1123 4341 1539
1186 4207 1314 4281 horum
1338 4224 1485 4281 conatus
1516 4215 1672 4303 prosectu
1694 4218 1868 4293 divinitus
1899 4231 2053 4320 repressi
2082 4246 2164 4306 sunt.

137 4298 323 4399 .2m
956 4320 1135 4396 Μ·
1184 4313 1255 4383 sed
1268 4326 1386 4383 tamen
1403 4312 1438 4379 id
1455 4338 1597 4407 quoque
1611 4315 1789 4412 Principis
1803 4326 1958 4397 officium
1974 4346 2045 4416 est,
2070 4358 2165 4431 quent

1185 4412 1281 4483 Deus
1301 4414 1476 4504 propitius
1500 4416 1596 4492 texit.
1646 4417 1786 4494 Deinde
1808 4429 1919 4499 multa
1943 4430 1981 4500 in
2012 4429 2073 4507 his
2094 4438 2166 4531 ipsit

344 4472 420 4558 De
450 4468 624 4554 Ioanne
656 4469 785 4555 Duce
815 4470 934 4559 δίεπ’.
1184 4517 1289 4585 rebus
1313 4515 1500 4586 valuerunt
1522 4518 1597 4588 eius
1619 4526 1807 4612 autoritas,
1839 4535 2061 4621 moderatio,
2093 4539 2165 4611 dili-

215 4650 296 4720 Apud
315 4648 392 4700 cm,
411 4642 483 4712 Myr,
500 4662 527 4713 p.
539 4644 591 4696 455
603 4663 682 4716 sqq„
704 4644 733 4698 3„
750 4645 900 4706 omnm,
920 4647 952 4700 p,
968 4648 1003 4701 η,
1018 4668 1045 4717 Ρ,
1057 4649 1134 4719 599„
1183 4619 1318 4707 gentia,
1350 4641 1439 4708 quae
1463 4634 1684 4694 extorserunt
1706 4629 1893 4722 aliquoties
1914 4659 2013 4709 arma
2035 4646 2084 4713 de
2102 4664 2165 4711 tna-

249 4720 278 4772 in
293 4719 410 4771 serven.
422 4712 456 4767 T·
471 4712 506 4766 ¹¹·
519 4733 545 4784 Ρ·
555 4714 613 4767 ⁵⁸9·
626 4724 653 4768 ²²
665 4717 735 4787 apud
748 4716 875 4772 dietant.
889 4716 922 4772 T·
932 4717 966 4771 ¹¹·
979 4734 1006 4786 P·
1019 4719 1081 4771 674.
1184 4720 1289 4788 uibus
1303 4724 1529 4810 quorundam
1544 4725 1774 4815 cupidorum,
1802 4728 1894 4802 nihil
1910 4737 2007 4809 euim
2021 4743 2165 4815 atrocius

171 4883 297 4952 Oratio
323 4871 499 4969 funebris
522 4877 564 4944 in
585 4884 744 4949 mortem
768 4880 791 4947 1
797 4881 965 4947 oannis
985 4879 1108 4947 Ducis
1184 4823 1310 4941 dimin·
1332 4921 1341 4938 .
1362 4816 1531 4940 Eiquam
1556 4826 2165 4947 1³¹⁰·pateath0cbeneficium,s,.

419 4980 628 5067 Saxonwe,
661 4976 757 5051 Phil·
775 4980 868 5050 Mel·
1182 4924 1248 4992 cale
1265 4925 1413 4991 iudicari
1431 4940 1562 5014 potest,
1586 4954 1669 5020 qum
1692 4955 1730 5000 ea
1749 4959 1850 5005 causa
1869 4963 1975 5030 quam
1999 4948 2165 5032 tuebatur,

1184 5050 1257 5094 non
1277 5027 1320 5094 ad
1346 5050 1451 5093 saaraim
1469 5027 1624 5119 aliquam
1648 5047 1806 5119 gentem,
1832 5044 1891 5108 sed
1909 5045 1953 5111 acl
1970 5047 2163 5120 universam

143 5111 348 5223 Postquam
376 5126 534 5219 Principi
562 5130 694 5219 optime
723 5131 767 5197 de
798 5129 964 5198 universa
989 5123 1130 5219 Repub.
1183 5125 1412 5197 Germaniam
1440 5130 1601 5213 pertinet.
1653 5132 1692 5202 Si
1708 5141 1803 5227 quod
1826 5144 2008 5218 exarsisset
2029 5152 2165 5233 bellum,

142 5234 271 5304 merito
285 5228 352 5301 hoc
368 5246 582 5323 postremum
600 5256 640 5300 ac
653 5230 812 5299 debitum
827 5229 981 5298 officium
998 5231 1133 5320 persol-
1183 5225 1276 5296 haud
1300 5228 1408 5295 dubie
1430 5229 1590 5299 futurum
1616 5249 1710 5320 erat,
1736 5253 1777 5308 ut
1797 5239 2083 5322 inflammaretur
2099 5265 2161 5325 tuta

141 5339 297 5407 rendum
329 5334 414 5418 fuit,
446 5347 486 5403 ut
514 5332 620 5422 Reip.
647 5345 930 5422 parentarcmus,
965 5356 1040 5400 non
1066 5328 1132 5401 hoc
1184 5329 1390 5400 Germania.
1453 5328 1573 5423 ltaque
1604 5336 1690 5403 dum
1725 5365 1844 5429 parent
1879 5348 1979 5417 domi
2010 5354 2160 5431 retinuit,

142 5436 229 5507 uxilxi
248 5463 368 5526 sutrio,
394 5450 434 5506 ut
451 5458 624 5504 summam
642 5433 859 5504 moesticiam
876 5454 1075 5525 procerum,
1098 5446 1134 5503 et
1181 5433 1374 5524 praestitit,
1406 5446 1444 5501 ut
1470 5433 1643 5523 plurimae
1664 5440 1753 5511 aliae
1776 5446 1939 5518 nationes
1958 5455 2157 5549 tranquillae
2206 5538 2211 5553 Ι
