<?xml version="1.0" encoding="UTF-8"?>
<!DOCTYPE html PUBLIC "-//W3C//DTD XHTML 1.0 Transitional//EN"
    "http://www.w3.org/TR/xhtml1/DTD/xhtml1-transitional.dtd">
<html xmlns="http://www.w3.org/1999/xhtml" xml:lang="en" lang="en">
 <head>
  <title>
</title>
<meta http-equiv="Content-Type" content="text/html;charset=utf-8" />
  <meta name='ocr-system' content='tesseract 3.04.00' />
  <meta name='ocr-capabilities' content='ocr_page ocr_carea ocr_par ocr_line ocrx_word'/>
</head>
<body>
  <div class='ocr_page' id='page_1' title='image "./philippimelanth00bretgoog_0226.png"; bbox 0 0 4664 6022; ppageno 0'>
   <div class='ocr_carea' id='block_1_1' title="bbox 145 256 2195 390">
    <p class='ocr_par' dir='ltr' id='par_1_1' title="bbox 145 256 2195 390">
     <span class='ocr_line' id='line_1_1' title="bbox 145 256 2195 390; baseline 0.006 -17"><span class='ocrx_word' id='word_1_1' title='bbox 145 305 219 383; x_wconf 77' lang='lat' dir='ltr'>m</span> <span class='ocrx_word' id='word_1_2' title='bbox 409 383 413 390; x_wconf 63' lang='grc'>,</span> <span class='ocrx_word' id='word_1_3' title='bbox 657 268 661 273; x_wconf 80' lang='grc'><strong>’</strong></span> <span class='ocrx_word' id='word_1_4' title='bbox 870 295 1473 379; x_wconf 79' lang='lat' dir='ltr'>nacnnnrmronn.</span> <span class='ocrx_word' id='word_1_5' title='bbox 1774 256 1778 261; x_wconf 65' lang='grc'><strong>’</strong></span> <span class='ocrx_word' id='word_1_6' title='bbox 2118 313 2195 390; x_wconf 73' lang='lat' dir='ltr'>aaa</span> 
     </span>
    </p>
   </div>
   <div class='ocr_carea' id='block_1_2' title="bbox 139 471 2191 1920">
    <p class='ocr_par' dir='ltr' id='par_1_2' title="bbox 139 471 2191 1590">
     <span class='ocr_line' id='line_1_2' title="bbox 139 471 2191 570; baseline 0.004 -21"><span class='ocrx_word' id='word_1_7' title='bbox 139 477 346 551; x_wconf 75' lang='lat' dir='ltr'>auditorem</span> <span class='ocrx_word' id='word_1_8' title='bbox 371 476 497 560; x_wconf 84' lang='lat' dir='ltr'>luisse,</span> <span class='ocrx_word' id='word_1_9' title='bbox 522 476 566 546; x_wconf 90' lang='lat' dir='ltr'>de</span> <span class='ocrx_word' id='word_1_10' title='bbox 582 474 682 548; x_wconf 90' lang='lat' dir='ltr'>cuius</span> <span class='ocrx_word' id='word_1_11' title='bbox 696 471 929 570; x_wconf 89' lang='lat' dir='ltr'>Philosophia</span> <span class='ocrx_word' id='word_1_12' title='bbox 954 476 1006 547; x_wconf 90' lang='lat' dir='ltr'>sic</span> <span class='ocrx_word' id='word_1_13' title='bbox 1022 476 1146 546; x_wconf 83' lang='lat' dir='ltr'>scribit</span> <span class='ocrx_word' id='word_1_14' title='bbox 1199 471 1420 567; x_wconf 86' lang='lat' dir='ltr'>propositum</span> <span class='ocrx_word' id='word_1_15' title='bbox 1452 496 1544 560; x_wconf 87' lang='lat' dir='ltr'>esse,</span> <span class='ocrx_word' id='word_1_16' title='bbox 1579 488 1620 546; x_wconf 90' lang='lat' dir='ltr'>ut</span> <span class='ocrx_word' id='word_1_17' title='bbox 1645 475 1806 547; x_wconf 88' lang='lat' dir='ltr'>oratione</span> <span class='ocrx_word' id='word_1_18' title='bbox 1834 479 1984 569; x_wconf 75' lang='lat' dir='ltr'><strong>gloriam</strong></span> <span class='ocrx_word' id='word_1_19' title='bbox 2010 479 2078 554; x_wconf 90' lang='lat' dir='ltr'>Dei</span> <span class='ocrx_word' id='word_1_20' title='bbox 2105 487 2191 558; x_wconf 89' lang='lat' dir='ltr'>illu-</span> 
     </span>
     <span class='ocr_line' id='line_1_3' title="bbox 141 577 2189 674; baseline 0.003 -21"><span class='ocrx_word' id='word_1_21' title='bbox 141 579 361 653; x_wconf 76' lang='lat' dir='ltr'>sdamicum</span> <span class='ocrx_word' id='word_1_22' title='bbox 378 580 572 671; x_wconf 79' lang='lat' dir='ltr'><strong>quendam:</strong></span> <span class='ocrx_word' id='word_1_23' title='bbox 596 577 711 651; x_wconf 87' lang='lat' dir='ltr'>Video</span> <span class='ocrx_word' id='word_1_24' title='bbox 729 594 762 650; x_wconf 90' lang='lat' dir='ltr'>te</span> <span class='ocrx_word' id='word_1_25' title='bbox 776 581 1002 671; x_wconf 88' lang='lat' dir='ltr'>disciplinam</span> <span class='ocrx_word' id='word_1_26' title='bbox 1018 579 1144 663; x_wconf 90' lang='lat' dir='ltr'>colere,</span> <span class='ocrx_word' id='word_1_27' title='bbox 1196 590 1327 662; x_wconf 87' lang='lat' dir='ltr'>strent,</span> <span class='ocrx_word' id='word_1_28' title='bbox 1358 577 1471 647; x_wconf 88' lang='lat' dir='ltr'>multo</span> <span class='ocrx_word' id='word_1_29' title='bbox 1497 577 1703 668; x_wconf 87' lang='lat' dir='ltr'>diligentius</span> <span class='ocrx_word' id='word_1_30' title='bbox 1732 602 1768 649; x_wconf 87' lang='lat' dir='ltr'>se</span> <span class='ocrx_word' id='word_1_31' title='bbox 1796 584 1839 650; x_wconf 89' lang='lat' dir='ltr'>ad</span> <span class='ocrx_word' id='word_1_32' title='bbox 1870 597 1941 652; x_wconf 88' lang='lat' dir='ltr'>tam</span> <span class='ocrx_word' id='word_1_33' title='bbox 1969 589 2189 674; x_wconf 90' lang='lat' dir='ltr'>praeclarum</span> 
     </span>
     <span class='ocr_line' id='line_1_4' title="bbox 144 680 2189 784; baseline 0.003 -35"><span class='ocrx_word' id='word_1_34' title='bbox 144 697 182 757; x_wconf 77' lang='lat' dir='ltr'>et</span> <span class='ocrx_word' id='word_1_35' title='bbox 208 682 352 776; x_wconf 88' lang='lat' dir='ltr'>quidem</span> <span class='ocrx_word' id='word_1_36' title='bbox 379 680 560 768; x_wconf 81' lang='lat' dir='ltr'><strong>Platonis,</strong></span> <span class='ocrx_word' id='word_1_37' title='bbox 597 706 686 776; x_wconf 89' lang='lat' dir='ltr'>quae</span> <span class='ocrx_word' id='word_1_38' title='bbox 706 707 789 752; x_wconf 86' lang='lat' dir='ltr'>vere</span> <span class='ocrx_word' id='word_1_39' title='bbox 809 685 1002 754; x_wconf 86' lang='lat' dir='ltr'>detestatur</span> <span class='ocrx_word' id='word_1_40' title='bbox 1025 684 1144 773; x_wconf 87' lang='lat' dir='ltr'>turpia</span> <span class='ocrx_word' id='word_1_41' title='bbox 1196 703 1285 771; x_wconf 90' lang='lat' dir='ltr'>opus</span> <span class='ocrx_word' id='word_1_42' title='bbox 1314 694 1545 771; x_wconf 81' lang='lat' dir='ltr'>praeparent,</span> <span class='ocrx_word' id='word_1_43' title='bbox 1585 681 1715 750; x_wconf 88' lang='lat' dir='ltr'>deinde</span> <span class='ocrx_word' id='word_1_44' title='bbox 1749 683 1893 754; x_wconf 90' lang='lat' dir='ltr'>videant</span> <span class='ocrx_word' id='word_1_45' title='bbox 1922 686 2049 774; x_wconf 88' lang='lat' dir='ltr'>etiam,</span> <span class='ocrx_word' id='word_1_46' title='bbox 2082 716 2189 784; x_wconf 76' lang='lat' dir='ltr'>quam</span> 
     </span>
     <span class='ocr_line' id='line_1_5' title="bbox 143 781 2188 878; baseline 0.004 -23"><span class='ocrx_word' id='word_1_47' title='bbox 143 784 248 869; x_wconf 81' lang='lat' dir='ltr'>lucra</span> <span class='ocrx_word' id='word_1_48' title='bbox 265 798 307 854; x_wconf 81' lang='lat' dir='ltr'>st</span> <span class='ocrx_word' id='word_1_49' title='bbox 323 783 548 874; x_wconf 87' lang='lat' dir='ltr'>imposturas,</span> <span class='ocrx_word' id='word_1_50' title='bbox 571 798 605 855; x_wconf 90' lang='lat' dir='ltr'>et</span> <span class='ocrx_word' id='word_1_51' title='bbox 621 786 721 857; x_wconf 86' lang='lat' dir='ltr'>iubet</span> <span class='ocrx_word' id='word_1_52' title='bbox 735 786 841 855; x_wconf 86' lang='lat' dir='ltr'>linem</span> <span class='ocrx_word' id='word_1_53' title='bbox 855 786 1017 854; x_wconf 91' lang='lat' dir='ltr'>omnium</span> <span class='ocrx_word' id='word_1_54' title='bbox 1033 784 1143 854; x_wconf 90' lang='lat' dir='ltr'>actio-</span> <span class='ocrx_word' id='word_1_55' title='bbox 1195 795 1298 872; x_wconf 90' lang='lat' dir='ltr'>turpe</span> <span class='ocrx_word' id='word_1_56' title='bbox 1314 781 1360 852; x_wconf 91' lang='lat' dir='ltr'>sit</span> <span class='ocrx_word' id='word_1_57' title='bbox 1380 783 1540 852; x_wconf 82' lang='lat' dir='ltr'>conferre</span> <span class='ocrx_word' id='word_1_58' title='bbox 1556 784 1793 876; x_wconf 90' lang='lat' dir='ltr'>eloquentiam</span> <span class='ocrx_word' id='word_1_59' title='bbox 1809 788 1853 855; x_wconf 95' lang='lat' dir='ltr'>ad</span> <span class='ocrx_word' id='word_1_60' title='bbox 1877 790 2117 878; x_wconf 88' lang='lat' dir='ltr'>parasiticam‚</span> <span class='ocrx_word' id='word_1_61' title='bbox 2143 797 2188 863; x_wconf 92' lang='lat' dir='ltr'>ad</span> 
     </span>
     <span class='ocr_line' id='line_1_6' title="bbox 144 885 2189 980; baseline 0.004 -23"><span class='ocrx_word' id='word_1_62' title='bbox 144 912 235 957; x_wconf 88' lang='lat' dir='ltr'>num</span> <span class='ocrx_word' id='word_1_63' title='bbox 252 886 477 971; x_wconf 88' lang='lat' dir='ltr'>constituere,</span> <span class='ocrx_word' id='word_1_64' title='bbox 492 886 659 957; x_wconf 90' lang='lat' dir='ltr'>virtutem</span> <span class='ocrx_word' id='word_1_65' title='bbox 677 888 788 980; x_wconf 87' lang='lat' dir='ltr'>ipsam</span> <span class='ocrx_word' id='word_1_66' title='bbox 805 912 845 957; x_wconf 89' lang='lat' dir='ltr'>ac</span> <span class='ocrx_word' id='word_1_67' title='bbox 861 888 1052 958; x_wconf 91' lang='lat' dir='ltr'>iusticiam:</span> <span class='ocrx_word' id='word_1_68' title='bbox 1074 910 1142 979; x_wconf 92' lang='lat' dir='ltr'>qua</span> <span class='ocrx_word' id='word_1_69' title='bbox 1194 885 1379 954; x_wconf 77' lang='lat' dir='ltr'>scurrilem</span> <span class='ocrx_word' id='word_1_70' title='bbox 1396 885 1699 971; x_wconf 77' lang='lat' dir='ltr'>maledicentiam,</span> <span class='ocrx_word' id='word_1_71' title='bbox 1724 888 1769 955; x_wconf 93' lang='lat' dir='ltr'>ad</span> <span class='ocrx_word' id='word_1_72' title='bbox 1786 888 2054 962; x_wconf 77' lang='lat' dir='ltr'>calumniandae</span> <span class='ocrx_word' id='word_1_73' title='bbox 2077 890 2189 966; x_wconf 90' lang='lat' dir='ltr'>hone-</span> 
     </span>
     <span class='ocr_line' id='line_1_7' title="bbox 144 987 2188 1072; baseline 0.003 -12"><span class='ocrx_word' id='word_1_74' title='bbox 144 989 312 1060; x_wconf 90' lang='lat' dir='ltr'>doctriua</span> <span class='ocrx_word' id='word_1_75' title='bbox 327 987 527 1072; x_wconf 88' lang='lat' dir='ltr'>institutos,</span> <span class='ocrx_word' id='word_1_76' title='bbox 552 990 650 1059; x_wconf 83' lang='lat' dir='ltr'>nefas</span> <span class='ocrx_word' id='word_1_77' title='bbox 665 1003 716 1060; x_wconf 87' lang='lat' dir='ltr'>est</span> <span class='ocrx_word' id='word_1_78' title='bbox 729 991 872 1061; x_wconf 85' lang='lat' dir='ltr'>fraudes</span> <span class='ocrx_word' id='word_1_79' title='bbox 893 1003 1028 1061; x_wconf 89' lang='lat' dir='ltr'>struere</span> <span class='ocrx_word' id='word_1_80' title='bbox 1051 988 1142 1068; x_wconf 90' lang='lat' dir='ltr'>aliis,</span> <span class='ocrx_word' id='word_1_81' title='bbox 1194 1001 1265 1057; x_wconf 90' lang='lat' dir='ltr'>stas</span> <span class='ocrx_word' id='word_1_82' title='bbox 1286 999 1396 1070; x_wconf 88' lang='lat' dir='ltr'>artes,</span> <span class='ocrx_word' id='word_1_83' title='bbox 1428 989 1473 1057; x_wconf 91' lang='lat' dir='ltr'>ad</span> <span class='ocrx_word' id='word_1_84' title='bbox 1501 988 1754 1057; x_wconf 84' lang='lat' dir='ltr'>inflammanda</span> <span class='ocrx_word' id='word_1_85' title='bbox 1778 992 1859 1059; x_wconf 91' lang='lat' dir='ltr'>odia</span> <span class='ocrx_word' id='word_1_86' title='bbox 1889 994 2056 1064; x_wconf 87' lang='lat' dir='ltr'>adversus</span> <span class='ocrx_word' id='word_1_87' title='bbox 2079 994 2188 1067; x_wconf 88' lang='lat' dir='ltr'>Chri·</span> 
     </span>
     <span class='ocr_line' id='line_1_8' title="bbox 143 1086 2186 1184; baseline 0.003 -21"><span class='ocrx_word' id='word_1_88' title='bbox 143 1105 182 1163; x_wconf 80' lang='lat' dir='ltr'>st</span> <span class='ocrx_word' id='word_1_89' title='bbox 208 1115 283 1160; x_wconf 92' lang='lat' dir='ltr'>non</span> <span class='ocrx_word' id='word_1_90' title='bbox 304 1113 385 1179; x_wconf 89' lang='lat' dir='ltr'>erga</span> <span class='ocrx_word' id='word_1_91' title='bbox 408 1114 531 1160; x_wconf 90' lang='lat' dir='ltr'>omnes</span> <span class='ocrx_word' id='word_1_92' title='bbox 556 1115 629 1161; x_wconf 88' lang='lat' dir='ltr'>esse</span> <span class='ocrx_word' id='word_1_93' title='bbox 659 1093 783 1163; x_wconf 86' lang='lat' dir='ltr'>iustos.</span> <span class='ocrx_word' id='word_1_94' title='bbox 841 1091 938 1163; x_wconf 87' lang='lat' dir='ltr'>Haec</span> <span class='ocrx_word' id='word_1_95' title='bbox 961 1106 1045 1164; x_wconf 89' lang='lat' dir='ltr'>sunt</span> <span class='ocrx_word' id='word_1_96' title='bbox 1068 1088 1142 1160; x_wconf 87' lang='lat' dir='ltr'>De·</span> <span class='ocrx_word' id='word_1_97' title='bbox 1194 1102 1299 1161; x_wconf 88' lang='lat' dir='ltr'>stum.</span> <span class='ocrx_word' id='word_1_98' title='bbox 1351 1086 1447 1158; x_wconf 91' lang='lat' dir='ltr'>Haec</span> <span class='ocrx_word' id='word_1_99' title='bbox 1462 1090 1523 1182; x_wconf 91' lang='lat' dir='ltr'>qui</span> <span class='ocrx_word' id='word_1_100' title='bbox 1541 1091 1685 1175; x_wconf 84' lang='lat' dir='ltr'>iaciunt,</span> <span class='ocrx_word' id='word_1_101' title='bbox 1710 1103 1751 1162; x_wconf 90' lang='lat' dir='ltr'>ut</span> <span class='ocrx_word' id='word_1_102' title='bbox 1767 1116 1804 1160; x_wconf 90' lang='lat' dir='ltr'>re</span> <span class='ocrx_word' id='word_1_103' title='bbox 1821 1093 1895 1184; x_wconf 89' lang='lat' dir='ltr'>ipsa</span> <span class='ocrx_word' id='word_1_104' title='bbox 1909 1119 2043 1167; x_wconf 90' lang='lat' dir='ltr'>morem</span> <span class='ocrx_word' id='word_1_105' title='bbox 2061 1099 2186 1169; x_wconf 91' lang='lat' dir='ltr'>diabo-</span> 
     </span>
     <span class='ocr_line' id='line_1_9' title="bbox 143 1187 2186 1287; baseline 0.004 -24"><span class='ocrx_word' id='word_1_106' title='bbox 143 1187 344 1271; x_wconf 82' lang='lat' dir='ltr'>mosthenis</span> <span class='ocrx_word' id='word_1_107' title='bbox 368 1193 490 1275; x_wconf 89' lang='lat' dir='ltr'>verba,</span> <span class='ocrx_word' id='word_1_108' title='bbox 525 1192 716 1287; x_wconf 89' lang='lat' dir='ltr'>inquibus</span> <span class='ocrx_word' id='word_1_109' title='bbox 743 1190 978 1264; x_wconf 88' lang='lat' dir='ltr'>honorificum</span> <span class='ocrx_word' id='word_1_110' title='bbox 999 1192 1142 1265; x_wconf 88' lang='lat' dir='ltr'>Platoni</span> <span class='ocrx_word' id='word_1_111' title='bbox 1193 1190 1301 1260; x_wconf 91' lang='lat' dir='ltr'>licum</span> <span class='ocrx_word' id='word_1_112' title='bbox 1321 1190 1525 1277; x_wconf 85' lang='lat' dir='ltr'>imitantur,</span> <span class='ocrx_word' id='word_1_113' title='bbox 1548 1192 1596 1261; x_wconf 90' lang='lat' dir='ltr'>ita</span> <span class='ocrx_word' id='word_1_114' title='bbox 1623 1216 1696 1262; x_wconf 92' lang='lat' dir='ltr'>non</span> <span class='ocrx_word' id='word_1_115' title='bbox 1717 1193 1941 1287; x_wconf 76' lang='lat' dir='ltr'>eloquentes,</span> <span class='ocrx_word' id='word_1_116' title='bbox 1967 1200 2026 1268; x_wconf 88' lang='lat' dir='ltr'>sed</span> <span class='ocrx_word' id='word_1_117' title='bbox 2050 1201 2186 1272; x_wconf 93' lang='lat' dir='ltr'>diaboli</span> 
     </span>
     <span class='ocr_line' id='line_1_10' title="bbox 143 1292 2186 1389; baseline 0.003 -21"><span class='ocrx_word' id='word_1_118' title='bbox 143 1294 392 1368; x_wconf 85' lang='lat' dir='ltr'>testimonium</span> <span class='ocrx_word' id='word_1_119' title='bbox 406 1294 542 1365; x_wconf 80' lang='lat' dir='ltr'>tribuit.</span> <span class='ocrx_word' id='word_1_120' title='bbox 573 1294 745 1366; x_wconf 89' lang='lat' dir='ltr'>Necvero</span> <span class='ocrx_word' id='word_1_121' title='bbox 762 1297 915 1386; x_wconf 89' lang='lat' dir='ltr'>vulgaris</span> <span class='ocrx_word' id='word_1_122' title='bbox 931 1296 1140 1389; x_wconf 83' lang='lat' dir='ltr'>prudentiae</span> <span class='ocrx_word' id='word_1_123' title='bbox 1192 1293 1271 1362; x_wconf 90' lang='lat' dir='ltr'>iure</span> <span class='ocrx_word' id='word_1_124' title='bbox 1291 1294 1443 1363; x_wconf 88' lang='lat' dir='ltr'>vocandi</span> <span class='ocrx_word' id='word_1_125' title='bbox 1466 1308 1560 1367; x_wconf 89' lang='lat' dir='ltr'>sunt.</span> <span class='ocrx_word' id='word_1_126' title='bbox 1613 1292 1684 1364; x_wconf 88' lang='lat' dir='ltr'>Nec</span> <span class='ocrx_word' id='word_1_127' title='bbox 1707 1319 1791 1365; x_wconf 91' lang='lat' dir='ltr'>vero</span> <span class='ocrx_word' id='word_1_128' title='bbox 1816 1297 1919 1386; x_wconf 90' lang='lat' dir='ltr'>pauci</span> <span class='ocrx_word' id='word_1_129' title='bbox 1942 1312 2025 1371; x_wconf 79' lang='lat' dir='ltr'>strnt</span> <span class='ocrx_word' id='word_1_130' title='bbox 2045 1305 2186 1374; x_wconf 85' lang='lat' dir='ltr'>talesia</span> 
     </span>
     <span class='ocr_line' id='line_1_11' title="bbox 142 1390 2186 1493; baseline 0.003 -24"><span class='ocrx_word' id='word_1_131' title='bbox 142 1398 235 1482; x_wconf 85' lang='lat' dir='ltr'>fuit,</span> <span class='ocrx_word' id='word_1_132' title='bbox 260 1397 380 1467; x_wconf 86' lang='lat' dir='ltr'>videre</span> <span class='ocrx_word' id='word_1_133' title='bbox 395 1396 482 1489; x_wconf 89' lang='lat' dir='ltr'>quid</span> <span class='ocrx_word' id='word_1_134' title='bbox 505 1396 568 1465; x_wconf 92' lang='lat' dir='ltr'>illa</span> <span class='ocrx_word' id='word_1_135' title='bbox 593 1399 691 1488; x_wconf 88' lang='lat' dir='ltr'>prior</span> <span class='ocrx_word' id='word_1_136' title='bbox 712 1394 910 1491; x_wconf 90' lang='lat' dir='ltr'>Sophistica</span> <span class='ocrx_word' id='word_1_137' title='bbox 929 1397 1084 1489; x_wconf 82' lang='lat' dir='ltr'>Gorgiae</span> <span class='ocrx_word' id='word_1_138' title='bbox 1108 1410 1142 1467; x_wconf 90' lang='lat' dir='ltr'>et</span> <span class='ocrx_word' id='word_1_139' title='bbox 1193 1390 1249 1464; x_wconf 92' lang='lat' dir='ltr'>his</span> <span class='ocrx_word' id='word_1_140' title='bbox 1266 1395 1417 1487; x_wconf 89' lang='lat' dir='ltr'>publicis</span> <span class='ocrx_word' id='word_1_141' title='bbox 1435 1395 1638 1482; x_wconf 83' lang='lat' dir='ltr'>discordiis3</span> <span class='ocrx_word' id='word_1_142' title='bbox 1672 1411 1724 1468; x_wconf 90' lang='lat' dir='ltr'>est</span> <span class='ocrx_word' id='word_1_143' title='bbox 1745 1399 1839 1467; x_wconf 91' lang='lat' dir='ltr'>enim</span> <span class='ocrx_word' id='word_1_144' title='bbox 1856 1401 2044 1493; x_wconf 74' lang='lat' dir='ltr'>plusquam</span> <span class='ocrx_word' id='word_1_145' title='bbox 2063 1429 2186 1475; x_wconf 90' lang='lat' dir='ltr'>verum</span> 
     </span>
     <span class='ocr_line' id='line_1_12' title="bbox 143 1492 1587 1590; baseline -0.002 -20"><span class='ocrx_word' id='word_1_146' title='bbox 143 1498 340 1583; x_wconf 73' lang='lat' dir='ltr'>similium,</span> <span class='ocrx_word' id='word_1_147' title='bbox 366 1492 513 1567; x_wconf 90' lang='lat' dir='ltr'>haberet</span> <span class='ocrx_word' id='word_1_148' title='bbox 531 1499 628 1585; x_wconf 92' lang='lat' dir='ltr'>vitii,</span> <span class='ocrx_word' id='word_1_149' title='bbox 655 1514 689 1570; x_wconf 92' lang='lat' dir='ltr'>et</span> <span class='ocrx_word' id='word_1_150' title='bbox 713 1525 854 1571; x_wconf 89' lang='lat' dir='ltr'>cursum</span> <span class='ocrx_word' id='word_1_151' title='bbox 870 1501 1069 1572; x_wconf 88' lang='lat' dir='ltr'>studiorum</span> <span class='ocrx_word' id='word_1_152' title='bbox 1085 1514 1140 1570; x_wconf 92' lang='lat' dir='ltr'>to·</span> <span class='ocrx_word' id='word_1_153' title='bbox 1192 1498 1288 1590; x_wconf 92' lang='lat' dir='ltr'>quod</span> <span class='ocrx_word' id='word_1_154' title='bbox 1306 1497 1355 1567; x_wconf 91' lang='lat' dir='ltr'>ait</span> <span class='ocrx_word' id='word_1_155' title='bbox 1370 1496 1587 1567; x_wconf 86' lang='lat' dir='ltr'>Menander:</span> 
     </span>
    </p>

    <p class='ocr_par' dir='ltr' id='par_1_3' title="bbox 142 1599 1976 1715">
     <span class='ocr_line' id='line_1_13' title="bbox 142 1599 1976 1715; baseline -0.002 -43"><span class='ocrx_word' id='word_1_156' title='bbox 142 1602 218 1672; x_wconf 84' lang='lat' dir='ltr'>tius</span> <span class='ocrx_word' id='word_1_157' title='bbox 238 1603 295 1671; x_wconf 92' lang='lat' dir='ltr'>sui</span> <span class='ocrx_word' id='word_1_158' title='bbox 311 1599 421 1669; x_wconf 88' lang='lat' dir='ltr'>seculi</span> <span class='ocrx_word' id='word_1_159' title='bbox 442 1616 670 1677; x_wconf 85' lang='lat' dir='ltr'>commutare.</span> <span class='ocrx_word' id='word_1_160' title='bbox 722 1603 848 1694; x_wconf 91' lang='lat' dir='ltr'>Magni</span> <span class='ocrx_word' id='word_1_161' title='bbox 868 1628 907 1674; x_wconf 91' lang='lat' dir='ltr'>ea</span> <span class='ocrx_word' id='word_1_162' title='bbox 928 1627 983 1673; x_wconf 87' lang='lat' dir='ltr'>res</span> <span class='ocrx_word' id='word_1_163' title='bbox 1006 1602 1140 1694; x_wconf 89' lang='lat' dir='ltr'>ingenii</span> <span class='ocrx_word' id='word_1_164' title='bbox 1318 1623 1336 1693; x_wconf 75' lang='lat' dir='ltr'>g</span> <span class='ocrx_word' id='word_1_165' title='bbox 1358 1627 1427 1707; x_wconf 61' lang='grc' dir='ltr'><strong><em>βοοο</em></strong></span> <span class='ocrx_word' id='word_1_166' title='bbox 1446 1620 1584 1708; x_wconf 66' lang='grc' dir='ltr'><strong><em>οοοοοοοο</em></strong></span> <span class='ocrx_word' id='word_1_167' title='bbox 1604 1636 1670 1705; x_wconf 63' lang='grc' dir='ltr'><strong><em>οοονο</em></strong></span> <span class='ocrx_word' id='word_1_168' title='bbox 1691 1638 1838 1715; x_wconf 62' lang='grc' dir='ltr'><strong><em>οοοοοοουο</em></strong></span> <span class='ocrx_word' id='word_1_169' title='bbox 1858 1629 1976 1714; x_wconf 54' lang='lat' dir='ltr'>qm,</span> 
     </span>
    </p>

    <p class='ocr_par' dir='ltr' id='par_1_4' title="bbox 142 1697 2114 1920">
     <span class='ocr_line' id='line_1_14' title="bbox 142 1697 2114 1822; baseline 0.014 -47"><span class='ocrx_word' id='word_1_170' title='bbox 142 1716 181 1775; x_wconf 83' lang='lat' dir='ltr'>st</span> <span class='ocrx_word' id='word_1_171' title='bbox 198 1697 335 1773; x_wconf 85' lang='lat' dir='ltr'>heroici</span> <span class='ocrx_word' id='word_1_172' title='bbox 357 1701 566 1790; x_wconf 85' lang='lat' dir='ltr'>significatio</span> <span class='ocrx_word' id='word_1_173' title='bbox 587 1704 674 1774; x_wconf 81' lang='lat' dir='ltr'>luit:</span> <span class='ocrx_word' id='word_1_174' title='bbox 707 1703 807 1777; x_wconf 89' lang='lat' dir='ltr'>Vidit</span> <span class='ocrx_word' id='word_1_175' title='bbox 832 1729 929 1776; x_wconf 87' lang='lat' dir='ltr'>arma</span> <span class='ocrx_word' id='word_1_176' title='bbox 946 1706 1024 1775; x_wconf 91' lang='lat' dir='ltr'>dari</span> <span class='ocrx_word' id='word_1_177' title='bbox 1039 1705 1140 1775; x_wconf 86' lang='lat' dir='ltr'>iuve-</span> <span class='ocrx_word' id='word_1_178' title='bbox 1317 1725 1446 1813; x_wconf 63' lang='lat' dir='ltr'>„pana</span> <span class='ocrx_word' id='word_1_179' title='bbox 1468 1729 1496 1792; x_wconf 79' lang='grc' dir='ltr'>δ’</span> <span class='ocrx_word' id='word_1_180' title='bbox 1519 1725 1535 1794; x_wconf 81' lang='grc' dir='ltr'>ὁ</span> <span class='ocrx_word' id='word_1_181' title='bbox 1560 1727 1656 1805; x_wconf 78' lang='grc' dir='ltr'><strong><em>κόλαξ</em></strong></span> <span class='ocrx_word' id='word_1_182' title='bbox 1678 1728 1792 1818; x_wconf 75' lang='grc' dir='ltr'><strong><em>ἄριστα</em></strong></span> <span class='ocrx_word' id='word_1_183' title='bbox 1813 1732 1950 1821; x_wconf 78' lang='grc' dir='ltr'>πάντων,</span> <span class='ocrx_word' id='word_1_184' title='bbox 1973 1736 2114 1822; x_wconf 76' lang='grc' dir='ltr'>δεύτερος</span> 
     </span>
     <span class='ocr_line' id='line_1_15' title="bbox 143 1803 2033 1920; baseline -0.002 -43"><span class='ocrx_word' id='word_1_185' title='bbox 143 1806 257 1877; x_wconf 86' lang='lat' dir='ltr'>nibus</span> <span class='ocrx_word' id='word_1_186' title='bbox 270 1805 314 1873; x_wconf 92' lang='lat' dir='ltr'>ad</span> <span class='ocrx_word' id='word_1_187' title='bbox 331 1803 701 1898; x_wconf 87' lang='lat' dir='ltr'>movendasRespub.,</span> <span class='ocrx_word' id='word_1_188' title='bbox 722 1832 801 1876; x_wconf 86' lang='lat' dir='ltr'>eum</span> <span class='ocrx_word' id='word_1_189' title='bbox 820 1833 895 1879; x_wconf 92' lang='lat' dir='ltr'>non</span> <span class='ocrx_word' id='word_1_190' title='bbox 913 1809 1140 1878; x_wconf 79' lang='lat' dir='ltr'>frenarentur</span> <span class='ocrx_word' id='word_1_191' title='bbox 1317 1827 1333 1895; x_wconf 72' lang='lat' dir='ltr'>g</span> <span class='ocrx_word' id='word_1_192' title='bbox 1359 1829 1566 1918; x_wconf 52' lang='grc' dir='ltr'><strong><em>οοοοοοοοοοο,</em></strong></span> <span class='ocrx_word' id='word_1_193' title='bbox 1590 1827 1606 1895; x_wconf 75' lang='grc' dir='ltr'><strong><em>ο</em></strong></span> <span class='ocrx_word' id='word_1_194' title='bbox 1630 1831 1664 1895; x_wconf 64' lang='lat' dir='ltr'>gg</span> <span class='ocrx_word' id='word_1_195' title='bbox 1686 1830 1850 1917; x_wconf 64' lang='grc' dir='ltr'><strong><em>οοοοοοοοοο</em></strong></span> <span class='ocrx_word' id='word_1_196' title='bbox 1871 1837 2033 1920; x_wconf 50' lang='grc' dir='ltr'><strong><em>οοοοοοοοο</em></strong></span> 
     </span>
    </p>
   </div>
   <div class='ocr_carea' id='block_1_3' title="bbox 143 1905 1140 1997">
    <p class='ocr_par' dir='ltr' id='par_1_5' title="bbox 143 1905 1140 1997">
     <span class='ocr_line' id='line_1_16' title="bbox 143 1905 1140 1997; baseline -0.001 -19"><span class='ocrx_word' id='word_1_197' title='bbox 143 1906 292 1997; x_wconf 90' lang='lat' dir='ltr'>ingenia</span> <span class='ocrx_word' id='word_1_198' title='bbox 312 1905 471 1995; x_wconf 88' lang='lat' dir='ltr'>graviore</span> <span class='ocrx_word' id='word_1_199' title='bbox 485 1908 667 1994; x_wconf 89' lang='lat' dir='ltr'>doctrina,</span> <span class='ocrx_word' id='word_1_200' title='bbox 693 1911 753 1980; x_wconf 89' lang='lat' dir='ltr'>sed</span> <span class='ocrx_word' id='word_1_201' title='bbox 771 1934 841 1980; x_wconf 93' lang='lat' dir='ltr'>una</span> <span class='ocrx_word' id='word_1_202' title='bbox 856 1911 934 1980; x_wconf 90' lang='lat' dir='ltr'>laus</span> <span class='ocrx_word' id='word_1_203' title='bbox 950 1924 1057 1995; x_wconf 88' lang='lat' dir='ltr'>esset,</span> <span class='ocrx_word' id='word_1_204' title='bbox 1078 1909 1140 1977; x_wconf 87' lang='lat' dir='ltr'>di-</span> 
     </span>
    </p>
   </div>
   <div class='ocr_carea' id='block_1_4' title="bbox 143 1949 2185 2153">
    <p class='ocr_par' dir='ltr' id='par_1_6' title="bbox 143 1949 2185 2153">
     <span class='ocr_line' id='line_1_17' title="bbox 991 1949 2183 2050; baseline 0.003 -20"><span class='ocrx_word' id='word_1_205' title='bbox 991 2013 999 2030; x_wconf 93' lang='lat'>.</span> <span class='ocrx_word' id='word_1_206' title='bbox 1191 1950 1223 2025; x_wconf 87' lang='lat' dir='ltr'><strong>E</strong></span> <span class='ocrx_word' id='word_1_207' title='bbox 1247 1955 1348 2025; x_wconf 92' lang='lat' dir='ltr'>alunt</span> <span class='ocrx_word' id='word_1_208' title='bbox 1364 1949 1428 2024; x_wconf 87' lang='lat' dir='ltr'>has</span> <span class='ocrx_word' id='word_1_209' title='bbox 1448 1969 1560 2047; x_wconf 90' lang='lat' dir='ltr'>pestes</span> <span class='ocrx_word' id='word_1_210' title='bbox 1582 1956 1655 2042; x_wconf 93' lang='lat' dir='ltr'>illi,</span> <span class='ocrx_word' id='word_1_211' title='bbox 1682 1956 1742 2050; x_wconf 92' lang='lat' dir='ltr'>qui</span> <span class='ocrx_word' id='word_1_212' title='bbox 1760 1954 1945 2031; x_wconf 87' lang='lat' dir='ltr'>cohercere</span> <span class='ocrx_word' id='word_1_213' title='bbox 1960 1963 2110 2033; x_wconf 85' lang='lat' dir='ltr'>maxime</span> <span class='ocrx_word' id='word_1_214' title='bbox 2125 1966 2183 2033; x_wconf 92' lang='lat' dir='ltr'>de-</span> 
     </span>
     <span class='ocr_line' id='line_1_18' title="bbox 143 2009 2185 2153; baseline 0.002 -21"><span class='ocrx_word' id='word_1_215' title='bbox 143 2010 262 2083; x_wconf 66' lang='lat' dir='ltr'><strong>⁰⁸⁰d⁰</strong></span> <span class='ocrx_word' id='word_1_216' title='bbox 275 2009 499 2093; x_wconf 60' lang='lat' dir='ltr'><strong>mmurbm’</strong></span> <span class='ocrx_word' id='word_1_217' title='bbox 524 2021 559 2078; x_wconf 59' lang='lat' dir='ltr'>‘t</span> <span class='ocrx_word' id='word_1_218' title='bbox 575 2024 761 2082; x_wconf 49' lang='lat' dir='ltr'>‘mutere</span> <span class='ocrx_word' id='word_1_219' title='bbox 779 2013 881 2102; x_wconf 46' lang='lat' dir='ltr'>iffi</span> <span class='ocrx_word' id='word_1_220' title='bbox 906 2026 939 2082; x_wconf 44' lang='grc' dir='ltr'>εἰ</span> <span class='ocrx_word' id='word_1_221' title='bbox 954 2013 1039 2081; x_wconf 57' lang='lat'>“1¹³⁸</span> <span class='ocrx_word' id='word_1_222' title='bbox 1056 2035 1140 2129; x_wconf 57' lang='lat'>‘³¹3&#39;</span> <span class='ocrx_word' id='word_1_223' title='bbox 1191 2059 1333 2130; x_wconf 89' lang='lat' dir='ltr'>bebant.</span> <span class='ocrx_word' id='word_1_224' title='bbox 1375 2054 1509 2127; x_wconf 88' lang='lat' dir='ltr'>Verum</span> <span class='ocrx_word' id='word_1_225' title='bbox 1526 2053 1610 2127; x_wconf 91' lang='lat' dir='ltr'>baec</span> <span class='ocrx_word' id='word_1_226' title='bbox 1628 2058 1769 2153; x_wconf 89' lang='lat' dir='ltr'>querela</span> <span class='ocrx_word' id='word_1_227' title='bbox 1787 2061 1944 2133; x_wconf 82' lang='lat' dir='ltr'>fortassis</span> <span class='ocrx_word' id='word_1_228' title='bbox 1962 2081 2101 2137; x_wconf 87' lang='lat' dir='ltr'>nonest</span> <span class='ocrx_word' id='word_1_229' title='bbox 2118 2061 2185 2137; x_wconf 92' lang='lat' dir='ltr'>hu·</span> 
     </span>
    </p>
   </div>
   <div class='ocr_carea' id='block_1_5' title="bbox 144 2104 2187 2356">
    <p class='ocr_par' dir='ltr' id='par_1_7' title="bbox 144 2104 2187 2356">
     <span class='ocr_line' id='line_1_19' title="bbox 144 2104 2187 2249; baseline -0.003 -65"><span class='ocrx_word' id='word_1_230' title='bbox 144 2135 213 2185; x_wconf 81' lang='lat' dir='ltr'>sas.</span> <span class='ocrx_word' id='word_1_231' title='bbox 265 2108 387 2198; x_wconf 87' lang='lat' dir='ltr'>Quare</span> <span class='ocrx_word' id='word_1_232' title='bbox 404 2104 565 2181; x_wconf 90' lang='lat' dir='ltr'>hortator</span> <span class='ocrx_word' id='word_1_233' title='bbox 581 2110 727 2232; x_wconf 72' lang='lat' dir='ltr'>Graecis</span> <span class='ocrx_word' id='word_1_234' title='bbox 744 2115 871 2232; x_wconf 84' lang='lat' dir='ltr'>suitad</span> <span class='ocrx_word' id='word_1_235' title='bbox 887 2114 984 2233; x_wconf 80' lang='lat' dir='ltr'>aliud</span> <span class='ocrx_word' id='word_1_236' title='bbox 1005 2116 1139 2183; x_wconf 87' lang='lat' dir='ltr'>docter·</span> <span class='ocrx_word' id='word_1_237' title='bbox 1192 2160 1344 2231; x_wconf 42' lang='lat' dir='ltr'>iustoci·</span> <span class='ocrx_word' id='word_1_238' title='bbox 1374 2156 1916 2249; x_wconf 47' lang='lat' dir='ltr'>Redeoignum}institutum0</span> <span class='ocrx_word' id='word_1_239' title='bbox 1952 2164 2187 2240; x_wconf 57' lang='lat' dir='ltr'><strong>Utflomius</strong></span> 
     </span>
     <span class='ocr_line' id='line_1_20' title="bbox 146 2211 1739 2356; baseline 0.001 -73"><span class='ocrx_word' id='word_1_240' title='bbox 146 2234 217 2283; x_wconf 85' lang='lat' dir='ltr'>nae</span> <span class='ocrx_word' id='word_1_241' title='bbox 232 2235 341 2303; x_wconf 81' lang='lat' dir='ltr'>genus</span> <span class='ocrx_word' id='word_1_242' title='bbox 358 2211 557 2298; x_wconf 90' lang='lat' dir='ltr'>colendum,</span> <span class='ocrx_word' id='word_1_243' title='bbox 583 2216 671 2285; x_wconf 86' lang='lat' dir='ltr'>utrle</span> <span class='ocrx_word' id='word_1_244' title='bbox 684 2218 845 2285; x_wconf 77' lang='lat' dir='ltr'>moribus</span> <span class='ocrx_word' id='word_1_245' title='bbox 861 2231 896 2287; x_wconf 89' lang='lat' dir='ltr'>et</span> <span class='ocrx_word' id='word_1_246' title='bbox 909 2240 998 2308; x_wconf 87' lang='lat' dir='ltr'>pacr.</span> <span class='ocrx_word' id='word_1_247' title='bbox 1036 2215 1140 2286; x_wconf 87' lang='lat' dir='ltr'>Hanc</span> <span class='ocrx_word' id='word_1_248' title='bbox 1191 2260 1388 2331; x_wconf 58' lang='lat' dir='ltr'>pindarum</span> <span class='ocrx_word' id='word_1_249' title='bbox 1408 2262 1577 2348; x_wconf 56' lang='lat' dir='ltr'>laudans,</span> <span class='ocrx_word' id='word_1_250' title='bbox 1604 2263 1739 2356; x_wconf 37' lang='lat' dir='ltr'>inquit,</span> 
     </span>
    </p>
   </div>
   <div class='ocr_carea' id='block_1_6' title="bbox 140 2313 2264 5470">
    <p class='ocr_par' dir='ltr' id='par_1_8' title="bbox 140 2313 2264 5470">
     <span class='ocr_line' id='line_1_21' title="bbox 149 2313 1141 2410; baseline 0 -23"><span class='ocrx_word' id='word_1_251' title='bbox 149 2338 250 2387; x_wconf 85' lang='lat' dir='ltr'>suam</span> <span class='ocrx_word' id='word_1_252' title='bbox 261 2313 472 2384; x_wconf 86' lang='lat' dir='ltr'>sententiam</span> <span class='ocrx_word' id='word_1_253' title='bbox 484 2339 561 2393; x_wconf 60' lang='lat' dir='ltr'>‚non</span> <span class='ocrx_word' id='word_1_254' title='bbox 575 2319 724 2387; x_wconf 86' lang='lat' dir='ltr'>obscure</span> <span class='ocrx_word' id='word_1_255' title='bbox 739 2320 895 2389; x_wconf 89' lang='lat' dir='ltr'>ostendit</span> <span class='ocrx_word' id='word_1_256' title='bbox 908 2319 946 2386; x_wconf 92' lang='lat' dir='ltr'>in</span> <span class='ocrx_word' id='word_1_257' title='bbox 965 2319 1141 2410; x_wconf 88' lang='lat' dir='ltr'>interpre-</span> 
     </span>
     <span class='ocr_line' id='line_1_22' title="bbox 145 2413 1141 2491; baseline 0 -3"><span class='ocrx_word' id='word_1_258' title='bbox 145 2416 282 2491; x_wconf 75' lang='lat' dir='ltr'>tatione</span> <span class='ocrx_word' id='word_1_259' title='bbox 302 2413 397 2485; x_wconf 90' lang='lat' dir='ltr'>Delii</span> <span class='ocrx_word' id='word_1_260' title='bbox 421 2417 567 2487; x_wconf 87' lang='lat' dir='ltr'>oraculi.</span> <span class='ocrx_word' id='word_1_261' title='bbox 617 2417 742 2489; x_wconf 83' lang='lat' dir='ltr'>Fessae</span> <span class='ocrx_word' id='word_1_262' title='bbox 767 2421 861 2490; x_wconf 88' lang='lat' dir='ltr'>enim</span> <span class='ocrx_word' id='word_1_263' title='bbox 879 2418 1036 2490; x_wconf 87' lang='lat' dir='ltr'>Graecae</span> <span class='ocrx_word' id='word_1_264' title='bbox 1052 2420 1141 2489; x_wconf 90' lang='lat' dir='ltr'>civi-</span> 
     </span>
     <span class='ocr_line' id='line_1_23' title="bbox 145 2517 1141 2615; baseline -0.002 -24"><span class='ocrx_word' id='word_1_265' title='bbox 145 2532 233 2591; x_wconf 79' lang='lat' dir='ltr'>estes</span> <span class='ocrx_word' id='word_1_266' title='bbox 248 2517 422 2588; x_wconf 90' lang='lat' dir='ltr'>diuturno</span> <span class='ocrx_word' id='word_1_267' title='bbox 437 2531 471 2585; x_wconf 91' lang='lat' dir='ltr'>et</span> <span class='ocrx_word' id='word_1_268' title='bbox 492 2518 654 2590; x_wconf 89' lang='lat' dir='ltr'>luctuoso</span> <span class='ocrx_word' id='word_1_269' title='bbox 670 2522 783 2608; x_wconf 92' lang='lat' dir='ltr'>bello,</span> <span class='ocrx_word' id='word_1_270' title='bbox 808 2525 902 2615; x_wconf 91' lang='lat' dir='ltr'>quod</span> <span class='ocrx_word' id='word_1_271' title='bbox 920 2523 1013 2593; x_wconf 88' lang='lat' dir='ltr'>inter</span> <span class='ocrx_word' id='word_1_272' title='bbox 1028 2546 1063 2591; x_wconf 87' lang='lat' dir='ltr'>se</span> <span class='ocrx_word' id='word_1_273' title='bbox 1081 2545 1141 2611; x_wconf 90' lang='lat' dir='ltr'>ge·</span> 
     </span>
     <span class='ocr_line' id='line_1_24' title="bbox 143 2618 1140 2719; baseline 0.003 -28"><span class='ocrx_word' id='word_1_274' title='bbox 143 2621 274 2695; x_wconf 88' lang='lat' dir='ltr'>rebant</span> <span class='ocrx_word' id='word_1_275' title='bbox 280 2653 297 2704; x_wconf 86' lang='lat'>,-</span> <span class='ocrx_word' id='word_1_276' title='bbox 327 2618 583 2692; x_wconf 88' lang='lat' dir='ltr'>consuluerunt</span> <span class='ocrx_word' id='word_1_277' title='bbox 603 2625 787 2694; x_wconf 91' lang='lat' dir='ltr'>oraculum</span> <span class='ocrx_word' id='word_1_278' title='bbox 809 2625 848 2693; x_wconf 92' lang='lat' dir='ltr'>in</span> <span class='ocrx_word' id='word_1_279' title='bbox 868 2621 978 2709; x_wconf 92' lang='lat' dir='ltr'>Delo,</span> <span class='ocrx_word' id='word_1_280' title='bbox 1009 2625 1140 2719; x_wconf 93' lang='lat' dir='ltr'>quibus</span> 
     </span>
     <span class='ocr_line' id='line_1_25' title="bbox 141 2716 2184 2819; baseline 0.002 -25"><span class='ocrx_word' id='word_1_281' title='bbox 141 2723 264 2797; x_wconf 81' lang='lat' dir='ltr'>modis</span> <span class='ocrx_word' id='word_1_282' title='bbox 276 2719 374 2791; x_wconf 84' lang='lat' dir='ltr'>Deus</span> <span class='ocrx_word' id='word_1_283' title='bbox 390 2720 584 2811; x_wconf 91' lang='lat' dir='ltr'>placandus</span> <span class='ocrx_word' id='word_1_284' title='bbox 599 2740 698 2810; x_wconf 90' lang='lat' dir='ltr'>esset,</span> <span class='ocrx_word' id='word_1_285' title='bbox 718 2739 758 2797; x_wconf 91' lang='lat' dir='ltr'>ut</span> <span class='ocrx_word' id='word_1_286' title='bbox 773 2723 960 2796; x_wconf 87' lang='lat' dir='ltr'>Graeciam</span> <span class='ocrx_word' id='word_1_287' title='bbox 974 2749 1139 2819; x_wconf 88' lang='lat' dir='ltr'>praesen·</span> <span class='ocrx_word' id='word_1_288' title='bbox 1191 2721 1243 2794; x_wconf 90' lang='lat' dir='ltr'>lta</span> <span class='ocrx_word' id='word_1_289' title='bbox 1266 2723 1422 2813; x_wconf 83' lang='lat' dir='ltr'>proiecto</span> <span class='ocrx_word' id='word_1_290' title='bbox 1439 2716 1497 2791; x_wconf 92' lang='lat' dir='ltr'>hic</span> <span class='ocrx_word' id='word_1_291' title='bbox 1516 2745 1667 2816; x_wconf 89' lang='lat' dir='ltr'>cygnus,</span> <span class='ocrx_word' id='word_1_292' title='bbox 1692 2720 1794 2794; x_wconf 89' lang='lat' dir='ltr'>Plato</span> <span class='ocrx_word' id='word_1_293' title='bbox 1812 2724 1994 2808; x_wconf 89' lang='lat' dir='ltr'>videlicet,</span> <span class='ocrx_word' id='word_1_294' title='bbox 2019 2725 2184 2798; x_wconf 86' lang='lat' dir='ltr'>divinum</span> 
     </span>
     <span class='ocr_line' id='line_1_26' title="bbox 141 2819 2184 2920; baseline 0 -22"><span class='ocrx_word' id='word_1_295' title='bbox 141 2825 242 2898; x_wconf 88' lang='lat' dir='ltr'>tibus</span> <span class='ocrx_word' id='word_1_296' title='bbox 258 2822 363 2893; x_wconf 90' lang='lat' dir='ltr'>malis</span> <span class='ocrx_word' id='word_1_297' title='bbox 381 2823 557 2897; x_wconf 88' lang='lat' dir='ltr'>liberaret.</span> <span class='ocrx_word' id='word_1_298' title='bbox 597 2823 666 2896; x_wconf 88' lang='lat' dir='ltr'>Hic</span> <span class='ocrx_word' id='word_1_299' title='bbox 683 2852 763 2899; x_wconf 90' lang='lat' dir='ltr'>cum</span> <span class='ocrx_word' id='word_1_300' title='bbox 779 2827 875 2899; x_wconf 83' lang='lat' dir='ltr'>Dens</span> <span class='ocrx_word' id='word_1_301' title='bbox 892 2830 1140 2919; x_wconf 87' lang='lat' dir='ltr'>respondisset,</span> <span class='ocrx_word' id='word_1_302' title='bbox 1192 2825 1364 2917; x_wconf 91' lang='lat' dir='ltr'>quiddam</span> <span class='ocrx_word' id='word_1_303' title='bbox 1379 2846 1522 2914; x_wconf 89' lang='lat' dir='ltr'>canens,</span> <span class='ocrx_word' id='word_1_304' title='bbox 1545 2847 1669 2893; x_wconf 90' lang='lat' dir='ltr'>omnes</span> <span class='ocrx_word' id='word_1_305' title='bbox 1684 2819 1856 2897; x_wconf 86' lang='lat' dir='ltr'>Oratores</span> <span class='ocrx_word' id='word_1_306' title='bbox 1872 2829 2072 2920; x_wconf 89' lang='lat' dir='ltr'>eloquentia</span> <span class='ocrx_word' id='word_1_307' title='bbox 2088 2831 2184 2905; x_wconf 86' lang='lat' dir='ltr'>vicit.</span> 
     </span>
     <span class='ocr_line' id='line_1_27' title="bbox 141 2921 2185 3023; baseline 0.001 -24"><span class='ocrx_word' id='word_1_308' title='bbox 141 2923 257 2999; x_wconf 76' lang='lat' dir='ltr'>Aram</span> <span class='ocrx_word' id='word_1_309' title='bbox 287 2925 327 2994; x_wconf 90' lang='lat' dir='ltr'>in</span> <span class='ocrx_word' id='word_1_310' title='bbox 340 2921 430 2994; x_wconf 91' lang='lat' dir='ltr'>Delo</span> <span class='ocrx_word' id='word_1_311' title='bbox 457 2938 586 3010; x_wconf 90' lang='lat' dir='ltr'>totam,</span> <span class='ocrx_word' id='word_1_312' title='bbox 618 2952 708 3022; x_wconf 90' lang='lat' dir='ltr'>quae</span> <span class='ocrx_word' id='word_1_313' title='bbox 734 2944 809 3001; x_wconf 89' lang='lat' dir='ltr'>erat</span> <span class='ocrx_word' id='word_1_314' title='bbox 836 2931 966 3022; x_wconf 87' lang='lat' dir='ltr'>figurae</span> <span class='ocrx_word' id='word_1_315' title='bbox 985 2931 1140 3014; x_wconf 90' lang='lat' dir='ltr'>cubicae,</span> <span class='ocrx_word' id='word_1_316' title='bbox 1192 2926 1327 2996; x_wconf 87' lang='lat' dir='ltr'>Passim</span> <span class='ocrx_word' id='word_1_317' title='bbox 1352 2926 1390 2993; x_wconf 95' lang='lat' dir='ltr'>in</span> <span class='ocrx_word' id='word_1_318' title='bbox 1415 2923 1608 3010; x_wconf 87' lang='lat' dir='ltr'>Cicerone,</span> <span class='ocrx_word' id='word_1_319' title='bbox 1642 2950 1716 2995; x_wconf 90' lang='lat' dir='ltr'>non</span> <span class='ocrx_word' id='word_1_320' title='bbox 1738 2931 1846 2997; x_wconf 93' lang='lat' dir='ltr'>modo</span> <span class='ocrx_word' id='word_1_321' title='bbox 1869 2930 1906 2997; x_wconf 93' lang='lat' dir='ltr'>in</span> <span class='ocrx_word' id='word_1_322' title='bbox 1930 2925 2185 3023; x_wconf 87' lang='lat' dir='ltr'>philosophicis</span> 
     </span>
     <span class='ocr_line' id='line_1_28' title="bbox 140 3026 2185 3121; baseline 0.001 -21"><span class='ocrx_word' id='word_1_323' title='bbox 140 3027 399 3121; x_wconf 85' lang='lat' dir='ltr'>duplicandam</span> <span class='ocrx_word' id='word_1_324' title='bbox 432 3050 524 3112; x_wconf 89' lang='lat' dir='ltr'>esse,</span> <span class='ocrx_word' id='word_1_325' title='bbox 564 3026 692 3101; x_wconf 88' lang='lat' dir='ltr'>Graeci</span> <span class='ocrx_word' id='word_1_326' title='bbox 722 3034 860 3104; x_wconf 87' lang='lat' dir='ltr'>addunt</span> <span class='ocrx_word' id='word_1_327' title='bbox 881 3034 987 3102; x_wconf 93' lang='lat' dir='ltr'>aliam</span> <span class='ocrx_word' id='word_1_328' title='bbox 1009 3032 1138 3102; x_wconf 92' lang='lat' dir='ltr'>molem</span> <span class='ocrx_word' id='word_1_329' title='bbox 1191 3028 1347 3119; x_wconf 87' lang='lat' dir='ltr'>scriptis,</span> <span class='ocrx_word' id='word_1_330' title='bbox 1373 3029 1432 3096; x_wconf 92' lang='lat' dir='ltr'>sed</span> <span class='ocrx_word' id='word_1_331' title='bbox 1458 3027 1562 3096; x_wconf 91' lang='lat' dir='ltr'>etiam</span> <span class='ocrx_word' id='word_1_332' title='bbox 1584 3028 1622 3095; x_wconf 93' lang='lat' dir='ltr'>in</span> <span class='ocrx_word' id='word_1_333' title='bbox 1646 3030 1848 3099; x_wconf 78' lang='lat' dir='ltr'>forensibus</span> <span class='ocrx_word' id='word_1_334' title='bbox 1869 3032 2072 3102; x_wconf 89' lang='lat' dir='ltr'>actionibus</span> <span class='ocrx_word' id='word_1_335' title='bbox 2087 3059 2185 3103; x_wconf 91' lang='lat' dir='ltr'>com-</span> 
     </span>
     <span class='ocr_line' id='line_1_29' title="bbox 140 3128 2184 3233; baseline 0.002 -31"><span class='ocrx_word' id='word_1_336' title='bbox 140 3132 224 3226; x_wconf 77' lang='lat' dir='ltr'>peri</span> <span class='ocrx_word' id='word_1_337' title='bbox 258 3129 525 3218; x_wconf 72' lang='lat' dir='ltr'>magnitudine,</span> <span class='ocrx_word' id='word_1_338' title='bbox 558 3143 592 3200; x_wconf 89' lang='lat' dir='ltr'>et</span> <span class='ocrx_word' id='word_1_339' title='bbox 621 3134 780 3204; x_wconf 83' lang='lat' dir='ltr'>efficiunt</span> <span class='ocrx_word' id='word_1_340' title='bbox 809 3128 1066 3233; x_wconf 74' lang='grc' dir='ltr'><strong><em>τετράγωνον,</em></strong></span> <span class='ocrx_word' id='word_1_341' title='bbox 1101 3135 1139 3202; x_wconf 89' lang='lat' dir='ltr'>in</span> <span class='ocrx_word' id='word_1_342' title='bbox 1191 3144 1318 3222; x_wconf 90' lang='lat' dir='ltr'>parent</span> <span class='ocrx_word' id='word_1_343' title='bbox 1345 3143 1552 3199; x_wconf 87' lang='lat' dir='ltr'>ornamenta</span> <span class='ocrx_word' id='word_1_344' title='bbox 1580 3154 1622 3198; x_wconf 78' lang='lat' dir='ltr'>ex</span> <span class='ocrx_word' id='word_1_345' title='bbox 1650 3128 1798 3200; x_wconf 89' lang='lat' dir='ltr'>Platone</span> <span class='ocrx_word' id='word_1_346' title='bbox 1827 3135 1988 3225; x_wconf 89' lang='lat' dir='ltr'>decerpta</span> <span class='ocrx_word' id='word_1_347' title='bbox 2019 3136 2184 3227; x_wconf 89' lang='lat' dir='ltr'>plurima.</span> 
     </span>
     <span class='ocr_line' id='line_1_30' title="bbox 141 3229 2185 3329; baseline 0.002 -26"><span class='ocrx_word' id='word_1_348' title='bbox 141 3258 217 3329; x_wconf 89' lang='lat' dir='ltr'>quo</span> <span class='ocrx_word' id='word_1_349' title='bbox 240 3230 430 3319; x_wconf 78' lang='lat' dir='ltr'>longitudo</span> <span class='ocrx_word' id='word_1_350' title='bbox 454 3231 617 3304; x_wconf 90' lang='lat' dir='ltr'>vincebat</span> <span class='ocrx_word' id='word_1_351' title='bbox 640 3235 878 3307; x_wconf 85' lang='lat' dir='ltr'>latitudinem.</span> <span class='ocrx_word' id='word_1_352' title='bbox 931 3237 1055 3306; x_wconf 87' lang='lat' dir='ltr'>Postea</span> <span class='ocrx_word' id='word_1_353' title='bbox 1082 3236 1140 3303; x_wconf 92' lang='lat' dir='ltr'>in·</span> <span class='ocrx_word' id='word_1_354' title='bbox 1191 3229 1240 3302; x_wconf 83' lang='lat' dir='ltr'>Et</span> <span class='ocrx_word' id='word_1_355' title='bbox 1252 3232 1395 3323; x_wconf 92' lang='lat' dir='ltr'>quidem</span> <span class='ocrx_word' id='word_1_356' title='bbox 1412 3230 1533 3300; x_wconf 82' lang='lat' dir='ltr'>Cicero</span> <span class='ocrx_word' id='word_1_357' title='bbox 1551 3231 1730 3321; x_wconf 89' lang='lat' dir='ltr'>praedicat</span> <span class='ocrx_word' id='word_1_358' title='bbox 1743 3255 1781 3302; x_wconf 84' lang='lat' dir='ltr'>se</span> <span class='ocrx_word' id='word_1_359' title='bbox 1794 3235 1831 3301; x_wconf 90' lang='lat' dir='ltr'>in</span> <span class='ocrx_word' id='word_1_360' title='bbox 1849 3232 2185 3308; x_wconf 82' lang='lat' dir='ltr'>AcademiaOrato·</span> 
     </span>
     <span class='ocr_line' id='line_1_31' title="bbox 143 3332 2182 3428; baseline 0.001 -21"><span class='ocrx_word' id='word_1_361' title='bbox 143 3346 344 3424; x_wconf 81' lang='lat' dir='ltr'>terrogant,</span> <span class='ocrx_word' id='word_1_362' title='bbox 369 3333 503 3402; x_wconf 89' lang='lat' dir='ltr'>aurite</span> <span class='ocrx_word' id='word_1_363' title='bbox 525 3337 670 3407; x_wconf 90' lang='lat' dir='ltr'>oraculo</span> <span class='ocrx_word' id='word_1_364' title='bbox 694 3338 894 3427; x_wconf 86' lang='lat' dir='ltr'>paruerint,</span> <span class='ocrx_word' id='word_1_365' title='bbox 918 3334 1050 3428; x_wconf 86' lang='lat' dir='ltr'>Apollo</span> <span class='ocrx_word' id='word_1_366' title='bbox 1076 3361 1140 3405; x_wconf 90' lang='lat' dir='ltr'>ne·</span> <span class='ocrx_word' id='word_1_367' title='bbox 1191 3356 1266 3402; x_wconf 90' lang='lat' dir='ltr'>rem</span> <span class='ocrx_word' id='word_1_368' title='bbox 1292 3333 1423 3402; x_wconf 90' lang='lat' dir='ltr'>factum</span> <span class='ocrx_word' id='word_1_369' title='bbox 1451 3355 1539 3417; x_wconf 83' lang='lat' dir='ltr'>esse3</span> <span class='ocrx_word' id='word_1_370' title='bbox 1573 3332 1767 3422; x_wconf 87' lang='lat' dir='ltr'>poterimus</span> <span class='ocrx_word' id='word_1_371' title='bbox 1791 3335 1900 3421; x_wconf 88' lang='lat' dir='ltr'>igitur</span> <span class='ocrx_word' id='word_1_372' title='bbox 1924 3350 1958 3405; x_wconf 88' lang='lat' dir='ltr'>et</span> <span class='ocrx_word' id='word_1_373' title='bbox 1985 3361 2051 3407; x_wconf 89' lang='lat' dir='ltr'>nos</span> <span class='ocrx_word' id='word_1_374' title='bbox 2073 3341 2118 3406; x_wconf 91' lang='lat' dir='ltr'>ab</span> <span class='ocrx_word' id='word_1_375' title='bbox 2142 3364 2182 3410; x_wconf 90' lang='lat' dir='ltr'>eo</span> 
     </span>
     <span class='ocr_line' id='line_1_32' title="bbox 149 3432 2183 3532; baseline 0.002 -27"><span class='ocrx_word' id='word_1_376' title='bbox 149 3449 222 3525; x_wconf 79' lang='lat' dir='ltr'>gat.</span> <span class='ocrx_word' id='word_1_377' title='bbox 269 3433 389 3525; x_wconf 82' lang='lat' dir='ltr'>Quare</span> <span class='ocrx_word' id='word_1_378' title='bbox 411 3436 583 3525; x_wconf 89' lang='lat' dir='ltr'>perculsi,</span> <span class='ocrx_word' id='word_1_379' title='bbox 616 3439 840 3530; x_wconf 87' lang='lat' dir='ltr'>suspicantur</span> <span class='ocrx_word' id='word_1_380' title='bbox 860 3440 996 3532; x_wconf 91' lang='lat' dir='ltr'>aliquid</span> <span class='ocrx_word' id='word_1_381' title='bbox 1020 3438 1139 3508; x_wconf 89' lang='lat' dir='ltr'>arcani</span> <span class='ocrx_word' id='word_1_382' title='bbox 1192 3432 1302 3503; x_wconf 86' lang='lat' dir='ltr'>multo</span> <span class='ocrx_word' id='word_1_383' title='bbox 1332 3446 1540 3502; x_wconf 85' lang='lat' dir='ltr'>ornamenta</span> <span class='ocrx_word' id='word_1_384' title='bbox 1568 3434 1737 3504; x_wconf 90' lang='lat' dir='ltr'>mutuari.</span> <span class='ocrx_word' id='word_1_385' title='bbox 1794 3435 1862 3505; x_wconf 85' lang='lat' dir='ltr'>Sed</span> <span class='ocrx_word' id='word_1_386' title='bbox 1890 3437 2012 3507; x_wconf 89' lang='lat' dir='ltr'>desino</span> <span class='ocrx_word' id='word_1_387' title='bbox 2034 3441 2079 3508; x_wconf 91' lang='lat' dir='ltr'>de</span> <span class='ocrx_word' id='word_1_388' title='bbox 2107 3441 2183 3509; x_wconf 92' lang='lat' dir='ltr'>elo·</span> 
     </span>
     <span class='ocr_line' id='line_1_33' title="bbox 146 3532 2183 3632; baseline 0.001 -23"><span class='ocrx_word' id='word_1_389' title='bbox 146 3533 221 3609; x_wconf 85' lang='lat' dir='ltr'>hoc</span> <span class='ocrx_word' id='word_1_390' title='bbox 243 3534 427 3607; x_wconf 79' lang='lat' dir='ltr'>involucro</span> <span class='ocrx_word' id='word_1_391' title='bbox 452 3536 686 3624; x_wconf 88' lang='lat' dir='ltr'>significatum</span> <span class='ocrx_word' id='word_1_392' title='bbox 721 3564 813 3630; x_wconf 87' lang='lat' dir='ltr'>esse,</span> <span class='ocrx_word' id='word_1_393' title='bbox 842 3565 883 3610; x_wconf 91' lang='lat' dir='ltr'>ac</span> <span class='ocrx_word' id='word_1_394' title='bbox 911 3542 1139 3632; x_wconf 88' lang='lat' dir='ltr'>interpretem</span> <span class='ocrx_word' id='word_1_395' title='bbox 1192 3535 1487 3631; x_wconf 87' lang='lat' dir='ltr'>quentiadieere,</span> <span class='ocrx_word' id='word_1_396' title='bbox 1520 3558 1610 3628; x_wconf 91' lang='lat' dir='ltr'>quae</span> <span class='ocrx_word' id='word_1_397' title='bbox 1625 3559 1845 3605; x_wconf 90' lang='lat' dir='ltr'>summorum</span> <span class='ocrx_word' id='word_1_398' title='bbox 1863 3532 2059 3610; x_wconf 87' lang='lat' dir='ltr'>Oratorum</span> <span class='ocrx_word' id='word_1_399' title='bbox 2082 3544 2183 3612; x_wconf 88' lang='lat' dir='ltr'>testi·</span> 
     </span>
     <span class='ocr_line' id='line_1_34' title="bbox 142 3637 2184 3736; baseline 0.002 -26"><span class='ocrx_word' id='word_1_400' title='bbox 142 3637 281 3711; x_wconf 87' lang='lat' dir='ltr'>oraculi</span> <span class='ocrx_word' id='word_1_401' title='bbox 306 3638 532 3709; x_wconf 81' lang='lat' dir='ltr'>excellentem</span> <span class='ocrx_word' id='word_1_402' title='bbox 559 3640 703 3728; x_wconf 89' lang='lat' dir='ltr'>ingenio</span> <span class='ocrx_word' id='word_1_403' title='bbox 725 3657 759 3713; x_wconf 89' lang='lat' dir='ltr'>et</span> <span class='ocrx_word' id='word_1_404' title='bbox 779 3644 942 3712; x_wconf 87' lang='lat' dir='ltr'>doctrina</span> <span class='ocrx_word' id='word_1_405' title='bbox 965 3668 1141 3736; x_wconf 86' lang='lat' dir='ltr'>quaereu-</span> <span class='ocrx_word' id='word_1_406' title='bbox 1191 3638 1322 3709; x_wconf 87' lang='lat' dir='ltr'>moniis</span> <span class='ocrx_word' id='word_1_407' title='bbox 1334 3637 1417 3707; x_wconf 90' lang='lat' dir='ltr'>satis</span> <span class='ocrx_word' id='word_1_408' title='bbox 1431 3638 1602 3708; x_wconf 89' lang='lat' dir='ltr'>celebrata</span> <span class='ocrx_word' id='word_1_409' title='bbox 1618 3651 1679 3709; x_wconf 89' lang='lat' dir='ltr'>est.</span> <span class='ocrx_word' id='word_1_410' title='bbox 1733 3637 1862 3728; x_wconf 88' lang='lat' dir='ltr'>ingens</span> <span class='ocrx_word' id='word_1_411' title='bbox 1880 3654 1997 3711; x_wconf 89' lang='lat' dir='ltr'>autem</span> <span class='ocrx_word' id='word_1_412' title='bbox 2012 3645 2118 3713; x_wconf 87' lang='lat' dir='ltr'>decus</span> <span class='ocrx_word' id='word_1_413' title='bbox 2134 3660 2184 3717; x_wconf 90' lang='lat' dir='ltr'>est</span> 
     </span>
     <span class='ocr_line' id='line_1_35' title="bbox 142 3737 2184 3835; baseline 0.002 -22"><span class='ocrx_word' id='word_1_414' title='bbox 142 3745 234 3813; x_wconf 87' lang='lat' dir='ltr'>dum</span> <span class='ocrx_word' id='word_1_415' title='bbox 260 3762 333 3810; x_wconf 87' lang='lat' dir='ltr'>esse</span> <span class='ocrx_word' id='word_1_416' title='bbox 355 3753 509 3810; x_wconf 90' lang='lat' dir='ltr'>censent.</span> <span class='ocrx_word' id='word_1_417' title='bbox 562 3739 736 3814; x_wconf 84' lang='lat' dir='ltr'>Delerunt</span> <span class='ocrx_word' id='word_1_418' title='bbox 763 3745 872 3835; x_wconf 88' lang='lat' dir='ltr'>igitur</span> <span class='ocrx_word' id='word_1_419' title='bbox 891 3746 1074 3815; x_wconf 88' lang='lat' dir='ltr'>oraculum</span> <span class='ocrx_word' id='word_1_420' title='bbox 1095 3745 1139 3814; x_wconf 88' lang='lat' dir='ltr'>ad</span> <span class='ocrx_word' id='word_1_421' title='bbox 1191 3743 1230 3812; x_wconf 92' lang='lat' dir='ltr'>in</span> <span class='ocrx_word' id='word_1_422' title='bbox 1252 3737 1398 3809; x_wconf 91' lang='lat' dir='ltr'>homine</span> <span class='ocrx_word' id='word_1_423' title='bbox 1423 3740 1634 3833; x_wconf 89' lang='lat' dir='ltr'>eloquentia.</span> <span class='ocrx_word' id='word_1_424' title='bbox 1687 3738 1739 3809; x_wconf 91' lang='lat' dir='ltr'>De</span> <span class='ocrx_word' id='word_1_425' title='bbox 1762 3741 1868 3810; x_wconf 89' lang='lat' dir='ltr'>rebus</span> <span class='ocrx_word' id='word_1_426' title='bbox 1891 3743 1976 3833; x_wconf 86' lang='lat' dir='ltr'>ipsis</span> <span class='ocrx_word' id='word_1_427' title='bbox 2000 3758 2035 3814; x_wconf 89' lang='lat' dir='ltr'>et</span> <span class='ocrx_word' id='word_1_428' title='bbox 2057 3770 2184 3833; x_wconf 85' lang='lat' dir='ltr'>genere</span> 
     </span>
     <span class='ocr_line' id='line_1_36' title="bbox 140 3839 2182 3939; baseline 0 -23"><span class='ocrx_word' id='word_1_429' title='bbox 140 3843 354 3926; x_wconf 83' lang='lat' dir='ltr'>Platonem,</span> <span class='ocrx_word' id='word_1_430' title='bbox 378 3842 440 3934; x_wconf 90' lang='lat' dir='ltr'>qui</span> <span class='ocrx_word' id='word_1_431' title='bbox 456 3845 611 3914; x_wconf 87' lang='lat' dir='ltr'>ostendit</span> <span class='ocrx_word' id='word_1_432' title='bbox 633 3846 683 3917; x_wconf 90' lang='lat' dir='ltr'>eis</span> <span class='ocrx_word' id='word_1_433' title='bbox 698 3861 853 3916; x_wconf 86' lang='lat' dir='ltr'>erratum</span> <span class='ocrx_word' id='word_1_434' title='bbox 869 3848 908 3916; x_wconf 90' lang='lat' dir='ltr'>iu</span> <span class='ocrx_word' id='word_1_435' title='bbox 924 3848 1139 3939; x_wconf 88' lang='lat' dir='ltr'>duplicanda</span> <span class='ocrx_word' id='word_1_436' title='bbox 1191 3839 1445 3932; x_wconf 86' lang='lat' dir='ltr'>Philosophiae</span> <span class='ocrx_word' id='word_1_437' title='bbox 1461 3866 1608 3930; x_wconf 87' lang='lat' dir='ltr'>magnae</span> <span class='ocrx_word' id='word_1_438' title='bbox 1629 3856 1711 3911; x_wconf 89' lang='lat' dir='ltr'>sunt</span> <span class='ocrx_word' id='word_1_439' title='bbox 1732 3846 1993 3915; x_wconf 87' lang='lat' dir='ltr'>controversiae</span> <span class='ocrx_word' id='word_1_440' title='bbox 2007 3847 2100 3917; x_wconf 89' lang='lat' dir='ltr'>inter</span> <span class='ocrx_word' id='word_1_441' title='bbox 2117 3852 2182 3917; x_wconf 91' lang='lat' dir='ltr'>do·</span> 
     </span>
     <span class='ocr_line' id='line_1_37' title="bbox 141 3942 2183 4048; baseline 0 -31"><span class='ocrx_word' id='word_1_442' title='bbox 141 3969 219 4031; x_wconf 86' lang='lat' dir='ltr'>ara,</span> <span class='ocrx_word' id='word_1_443' title='bbox 244 3946 342 4038; x_wconf 89' lang='lat' dir='ltr'>quod</span> <span class='ocrx_word' id='word_1_444' title='bbox 358 3968 423 4035; x_wconf 91' lang='lat' dir='ltr'>pro</span> <span class='ocrx_word' id='word_1_445' title='bbox 437 3945 559 4015; x_wconf 88' lang='lat' dir='ltr'>cubica</span> <span class='ocrx_word' id='word_1_446' title='bbox 575 3946 737 4020; x_wconf 81' lang='lat' dir='ltr'>fecissent</span> <span class='ocrx_word' id='word_1_447' title='bbox 751 3942 1001 4048; x_wconf 73' lang='grc' dir='ltr'><strong><em>τετράγωνον,</em></strong></span> <span class='ocrx_word' id='word_1_448' title='bbox 1025 3965 1060 4020; x_wconf 87' lang='lat' dir='ltr'>et</span> <span class='ocrx_word' id='word_1_449' title='bbox 1075 3951 1140 4018; x_wconf 91' lang='lat' dir='ltr'>do·</span> <span class='ocrx_word' id='word_1_450' title='bbox 1192 3961 1275 4017; x_wconf 84' lang='lat' dir='ltr'>ctos.</span> <span class='ocrx_word' id='word_1_451' title='bbox 1327 3944 1486 4013; x_wconf 89' lang='lat' dir='ltr'>Primum</span> <span class='ocrx_word' id='word_1_452' title='bbox 1508 3945 1597 4012; x_wconf 90' lang='lat' dir='ltr'>illud</span> <span class='ocrx_word' id='word_1_453' title='bbox 1616 3957 1770 4028; x_wconf 88' lang='lat' dir='ltr'>constat,</span> <span class='ocrx_word' id='word_1_454' title='bbox 1795 3943 1980 4015; x_wconf 84' lang='lat' dir='ltr'>Platonem</span> <span class='ocrx_word' id='word_1_455' title='bbox 1999 3972 2073 4017; x_wconf 92' lang='lat' dir='ltr'>non</span> <span class='ocrx_word' id='word_1_456' title='bbox 2096 3952 2183 4019; x_wconf 91' lang='lat' dir='ltr'>scri-</span> 
     </span>
     <span class='ocr_line' id='line_1_38' title="bbox 142 4046 2181 4145; baseline 0 -25"><span class='ocrx_word' id='word_1_457' title='bbox 142 4062 221 4130; x_wconf 87' lang='lat' dir='ltr'>cet,</span> <span class='ocrx_word' id='word_1_458' title='bbox 256 4047 439 4139; x_wconf 91' lang='lat' dir='ltr'>quomodo</span> <span class='ocrx_word' id='word_1_459' title='bbox 471 4048 582 4117; x_wconf 87' lang='lat' dir='ltr'>cubus</span> <span class='ocrx_word' id='word_1_460' title='bbox 615 4051 849 4142; x_wconf 88' lang='lat' dir='ltr'>duplicandus</span> <span class='ocrx_word' id='word_1_461' title='bbox 882 4053 945 4132; x_wconf 91' lang='lat' dir='ltr'>sit,</span> <span class='ocrx_word' id='word_1_462' title='bbox 981 4051 1140 4145; x_wconf 90' lang='lat' dir='ltr'>quaesito</span> <span class='ocrx_word' id='word_1_463' title='bbox 1191 4047 1301 4141; x_wconf 90' lang='lat' dir='ltr'>psisse</span> <span class='ocrx_word' id='word_1_464' title='bbox 1313 4048 1440 4127; x_wconf 81' lang='lat' dir='ltr'>ordine</span> <span class='ocrx_word' id='word_1_465' title='bbox 1454 4046 1606 4135; x_wconf 87' lang='lat' dir='ltr'>integras</span> <span class='ocrx_word' id='word_1_466' title='bbox 1621 4060 1724 4130; x_wconf 89' lang='lat' dir='ltr'>artes,</span> <span class='ocrx_word' id='word_1_467' title='bbox 1741 4049 1799 4114; x_wconf 90' lang='lat' dir='ltr'>sed</span> <span class='ocrx_word' id='word_1_468' title='bbox 1817 4048 2045 4120; x_wconf 88' lang='lat' dir='ltr'>liberioribus</span> <span class='ocrx_word' id='word_1_469' title='bbox 2059 4052 2181 4144; x_wconf 88' lang='lat' dir='ltr'>dispu-</span> 
     </span>
     <span class='ocr_line' id='line_1_39' title="bbox 141 4147 2183 4242; baseline 0 -19"><span class='ocrx_word' id='word_1_470' title='bbox 141 4151 322 4223; x_wconf 87' lang='lat' dir='ltr'>diametro</span> <span class='ocrx_word' id='word_1_471' title='bbox 338 4147 432 4222; x_wconf 88' lang='lat' dir='ltr'>cubi.</span> <span class='ocrx_word' id='word_1_472' title='bbox 485 4147 611 4221; x_wconf 88' lang='lat' dir='ltr'>Monet</span> <span class='ocrx_word' id='word_1_473' title='bbox 629 4166 745 4222; x_wconf 90' lang='lat' dir='ltr'>autem</span> <span class='ocrx_word' id='word_1_474' title='bbox 762 4151 938 4238; x_wconf 87' lang='lat' dir='ltr'>Graecos,</span> <span class='ocrx_word' id='word_1_475' title='bbox 963 4178 1039 4223; x_wconf 89' lang='lat' dir='ltr'>non</span> <span class='ocrx_word' id='word_1_476' title='bbox 1062 4177 1140 4221; x_wconf 89' lang='lat' dir='ltr'>mo·</span> <span class='ocrx_word' id='word_1_477' title='bbox 1191 4151 1388 4221; x_wconf 78' lang='lat' dir='ltr'>talionibus</span> <span class='ocrx_word' id='word_1_478' title='bbox 1415 4148 1501 4216; x_wconf 89' lang='lat' dir='ltr'>alias</span> <span class='ocrx_word' id='word_1_479' title='bbox 1527 4150 1571 4217; x_wconf 88' lang='lat' dir='ltr'>de</span> <span class='ocrx_word' id='word_1_480' title='bbox 1595 4147 1666 4216; x_wconf 92' lang='lat' dir='ltr'>alio</span> <span class='ocrx_word' id='word_1_481' title='bbox 1688 4148 1766 4217; x_wconf 89' lang='lat' dir='ltr'>loeo</span> <span class='ocrx_word' id='word_1_482' title='bbox 1790 4151 1876 4241; x_wconf 90' lang='lat' dir='ltr'>quid</span> <span class='ocrx_word' id='word_1_483' title='bbox 1905 4154 2089 4242; x_wconf 90' lang='lat' dir='ltr'>probaret,</span> <span class='ocrx_word' id='word_1_484' title='bbox 2121 4170 2183 4224; x_wconf 89' lang='lat' dir='ltr'>aut</span> 
     </span>
     <span class='ocr_line' id='line_1_40' title="bbox 141 4250 2183 4347; baseline 0.001 -24"><span class='ocrx_word' id='word_1_485' title='bbox 141 4254 219 4327; x_wconf 91' lang='lat' dir='ltr'>lem</span> <span class='ocrx_word' id='word_1_486' title='bbox 240 4273 323 4321; x_wconf 90' lang='lat' dir='ltr'>arae</span> <span class='ocrx_word' id='word_1_487' title='bbox 347 4273 559 4340; x_wconf 88' lang='lat' dir='ltr'>magnopere</span> <span class='ocrx_word' id='word_1_488' title='bbox 573 4250 649 4322; x_wconf 90' lang='lat' dir='ltr'>Deo</span> <span class='ocrx_word' id='word_1_489' title='bbox 670 4279 774 4324; x_wconf 72' lang='lat' dir='ltr'>carrae</span> <span class='ocrx_word' id='word_1_490' title='bbox 796 4278 890 4337; x_wconf 88' lang='lat' dir='ltr'>esse,</span> <span class='ocrx_word' id='word_1_491' title='bbox 922 4280 986 4324; x_wconf 90' lang='lat' dir='ltr'>nec</span> <span class='ocrx_word' id='word_1_492' title='bbox 1007 4255 1139 4346; x_wconf 89' lang='lat' dir='ltr'>placari</span> <span class='ocrx_word' id='word_1_493' title='bbox 1193 4254 1279 4347; x_wconf 93' lang='lat' dir='ltr'>quid</span> <span class='ocrx_word' id='word_1_494' title='bbox 1294 4273 1368 4320; x_wconf 90' lang='lat' dir='ltr'>non</span> <span class='ocrx_word' id='word_1_495' title='bbox 1386 4252 1562 4341; x_wconf 87' lang='lat' dir='ltr'>probaret,</span> <span class='ocrx_word' id='word_1_496' title='bbox 1584 4250 1789 4323; x_wconf 86' lang='lat' dir='ltr'>ostendisse.</span> <span class='ocrx_word' id='word_1_497' title='bbox 1822 4251 1959 4323; x_wconf 89' lang='lat' dir='ltr'>Multae</span> <span class='ocrx_word' id='word_1_498' title='bbox 1978 4255 2082 4324; x_wconf 90' lang='lat' dir='ltr'>etiam</span> <span class='ocrx_word' id='word_1_499' title='bbox 2099 4270 2183 4326; x_wconf 74' lang='lat' dir='ltr'>scint</span> 
     </span>
     <span class='ocr_line' id='line_1_41' title="bbox 142 4349 2181 4448; baseline 0.001 -24"><span class='ocrx_word' id='word_1_500' title='bbox 142 4354 264 4431; x_wconf 87' lang='lat' dir='ltr'>Deum</span> <span class='ocrx_word' id='word_1_501' title='bbox 279 4351 438 4443; x_wconf 89' lang='lat' dir='ltr'>lapidum</span> <span class='ocrx_word' id='word_1_502' title='bbox 452 4366 568 4440; x_wconf 89' lang='lat' dir='ltr'>strue,</span> <span class='ocrx_word' id='word_1_503' title='bbox 595 4356 654 4425; x_wconf 90' lang='lat' dir='ltr'>sed</span> <span class='ocrx_word' id='word_1_504' title='bbox 674 4369 762 4427; x_wconf 90' lang='lat' dir='ltr'>tecte</span> <span class='ocrx_word' id='word_1_505' title='bbox 776 4358 965 4448; x_wconf 86' lang='lat' dir='ltr'>significari</span> <span class='ocrx_word' id='word_1_506' title='bbox 981 4358 1047 4426; x_wconf 90' lang='lat' dir='ltr'>alia</span> <span class='ocrx_word' id='word_1_507' title='bbox 1064 4382 1140 4429; x_wconf 85' lang='lat' dir='ltr'>me-</span> <span class='ocrx_word' id='word_1_508' title='bbox 1191 4369 1234 4425; x_wconf 90' lang='lat' dir='ltr'>ut</span> <span class='ocrx_word' id='word_1_509' title='bbox 1251 4349 1406 4423; x_wconf 88' lang='lat' dir='ltr'>hominis</span> <span class='ocrx_word' id='word_1_510' title='bbox 1422 4352 1595 4440; x_wconf 86' lang='lat' dir='ltr'>ingeniosi</span> <span class='ocrx_word' id='word_1_511' title='bbox 1614 4364 1648 4421; x_wconf 92' lang='lat' dir='ltr'>et</span> <span class='ocrx_word' id='word_1_512' title='bbox 1665 4352 1884 4446; x_wconf 89' lang='lat' dir='ltr'>eloquentis,</span> <span class='ocrx_word' id='word_1_513' title='bbox 1910 4357 1970 4448; x_wconf 90' lang='lat' dir='ltr'>qui</span> <span class='ocrx_word' id='word_1_514' title='bbox 1988 4359 2130 4448; x_wconf 90' lang='lat' dir='ltr'>quidem</span> <span class='ocrx_word' id='word_1_515' title='bbox 2147 4370 2181 4426; x_wconf 90' lang='lat' dir='ltr'>et</span> 
     </span>
     <span class='ocr_line' id='line_1_42' title="bbox 142 4448 2181 4547; baseline -0.001 -20"><span class='ocrx_word' id='word_1_516' title='bbox 142 4457 241 4527; x_wconf 89' lang='lat' dir='ltr'>liora</span> <span class='ocrx_word' id='word_1_517' title='bbox 261 4455 376 4525; x_wconf 86' lang='lat' dir='ltr'>studia</span> <span class='ocrx_word' id='word_1_518' title='bbox 391 4452 538 4525; x_wconf 89' lang='lat' dir='ltr'>Graecis</span> <span class='ocrx_word' id='word_1_519' title='bbox 558 4458 706 4529; x_wconf 89' lang='lat' dir='ltr'>colenda</span> <span class='ocrx_word' id='word_1_520' title='bbox 731 4483 824 4545; x_wconf 90' lang='lat' dir='ltr'>esse,</span> <span class='ocrx_word' id='word_1_521' title='bbox 846 4461 1028 4545; x_wconf 88' lang='lat' dir='ltr'>videlicet,</span> <span class='ocrx_word' id='word_1_522' title='bbox 1053 4456 1141 4530; x_wconf 87' lang='lat' dir='ltr'>Phi·</span> <span class='ocrx_word' id='word_1_523' title='bbox 1191 4469 1318 4526; x_wconf 86' lang='lat' dir='ltr'>natura</span> <span class='ocrx_word' id='word_1_524' title='bbox 1335 4454 1402 4524; x_wconf 83' lang='lat' dir='ltr'>luit</span> <span class='ocrx_word' id='word_1_525' title='bbox 1417 4448 1632 4537; x_wconf 77' lang='grc' dir='ltr'><strong><em>σκωπτικὸς,</em></strong></span> <span class='ocrx_word' id='word_1_526' title='bbox 1653 4454 1808 4524; x_wconf 87' lang='lat' dir='ltr'>ironicae</span> <span class='ocrx_word' id='word_1_527' title='bbox 1826 4469 1860 4525; x_wconf 89' lang='lat' dir='ltr'>et</span> <span class='ocrx_word' id='word_1_528' title='bbox 1875 4457 2041 4544; x_wconf 87' lang='lat' dir='ltr'>figuratae</span> <span class='ocrx_word' id='word_1_529' title='bbox 2059 4459 2181 4547; x_wconf 89' lang='lat' dir='ltr'>dispu-</span> 
     </span>
     <span class='ocr_line' id='line_1_43' title="bbox 140 4551 2182 4649; baseline -0.001 -18"><span class='ocrx_word' id='word_1_530' title='bbox 140 4551 368 4649; x_wconf 81' lang='lat' dir='ltr'>losophiam,</span> <span class='ocrx_word' id='word_1_531' title='bbox 393 4559 615 4649; x_wconf 80' lang='lat' dir='ltr'>profuturam</span> <span class='ocrx_word' id='word_1_532' title='bbox 637 4562 683 4630; x_wconf 90' lang='lat' dir='ltr'>ad</span> <span class='ocrx_word' id='word_1_533' title='bbox 704 4560 897 4633; x_wconf 88' lang='lat' dir='ltr'>flectendos</span> <span class='ocrx_word' id='word_1_534' title='bbox 913 4563 1071 4643; x_wconf 89' lang='lat' dir='ltr'>animos,</span> <span class='ocrx_word' id='word_1_535' title='bbox 1095 4564 1141 4632; x_wconf 88' lang='lat' dir='ltr'>ad</span> <span class='ocrx_word' id='word_1_536' title='bbox 1193 4557 1363 4642; x_wconf 86' lang='lat' dir='ltr'>tationes,</span> <span class='ocrx_word' id='word_1_537' title='bbox 1393 4557 1507 4649; x_wconf 87' lang='lat' dir='ltr'>qualis</span> <span class='ocrx_word' id='word_1_538' title='bbox 1529 4570 1597 4641; x_wconf 90' lang='lat' dir='ltr'>est,</span> <span class='ocrx_word' id='word_1_539' title='bbox 1631 4580 1711 4626; x_wconf 88' lang='lat' dir='ltr'>cum</span> <span class='ocrx_word' id='word_1_540' title='bbox 1740 4558 1866 4625; x_wconf 88' lang='lat' dir='ltr'>ludens</span> <span class='ocrx_word' id='word_1_541' title='bbox 1888 4558 2028 4628; x_wconf 88' lang='lat' dir='ltr'>disserit</span> <span class='ocrx_word' id='word_1_542' title='bbox 2058 4583 2182 4629; x_wconf 89' lang='lat' dir='ltr'>omnes</span> 
     </span>
     <span class='ocr_line' id='line_1_44' title="bbox 142 4649 2188 4756; baseline -0.002 -23"><span class='ocrx_word' id='word_1_543' title='bbox 142 4658 374 4744; x_wconf 86' lang='lat' dir='ltr'>modestiam,</span> <span class='ocrx_word' id='word_1_544' title='bbox 395 4658 591 4742; x_wconf 88' lang='lat' dir='ltr'>iusticiam,</span> <span class='ocrx_word' id='word_1_545' title='bbox 617 4676 651 4732; x_wconf 93' lang='lat' dir='ltr'>et</span> <span class='ocrx_word' id='word_1_546' title='bbox 673 4686 830 4735; x_wconf 87' lang='lat' dir='ltr'>amorem</span> <span class='ocrx_word' id='word_1_547' title='bbox 855 4664 1018 4756; x_wconf 87' lang='lat' dir='ltr'>publicae</span> <span class='ocrx_word' id='word_1_548' title='bbox 1042 4679 1142 4735; x_wconf 89' lang='lat' dir='ltr'>tran·</span> <span class='ocrx_word' id='word_1_549' title='bbox 1192 4682 1339 4749; x_wconf 88' lang='lat' dir='ltr'>magnos</span> <span class='ocrx_word' id='word_1_550' title='bbox 1356 4660 1452 4751; x_wconf 85' lang='lat' dir='ltr'>viros</span> <span class='ocrx_word' id='word_1_551' title='bbox 1478 4660 1568 4728; x_wconf 94' lang='lat' dir='ltr'>bene</span> <span class='ocrx_word' id='word_1_552' title='bbox 1591 4659 1734 4729; x_wconf 89' lang='lat' dir='ltr'>meritos</span> <span class='ocrx_word' id='word_1_553' title='bbox 1752 4661 1796 4727; x_wconf 93' lang='lat' dir='ltr'>de</span> <span class='ocrx_word' id='word_1_554' title='bbox 1812 4656 1952 4750; x_wconf 88' lang='lat' dir='ltr'>Repub.</span> <span class='ocrx_word' id='word_1_555' title='bbox 1969 4660 2059 4730; x_wconf 88' lang='lat' dir='ltr'>iuste</span> <span class='ocrx_word' id='word_1_556' title='bbox 2075 4649 2188 4751; x_wconf 88' lang='lat' dir='ltr'>plecti</span> 
     </span>
     <span class='ocr_line' id='line_1_45' title="bbox 143 4758 2182 4861; baseline -0 -29"><span class='ocrx_word' id='word_1_557' title='bbox 143 4760 349 4859; x_wconf 83' lang='lat' dir='ltr'>qoillitatis.</span> <span class='ocrx_word' id='word_1_558' title='bbox 393 4758 460 4831; x_wconf 85' lang='lat' dir='ltr'>His</span> <span class='ocrx_word' id='word_1_559' title='bbox 474 4763 602 4833; x_wconf 90' lang='lat' dir='ltr'>studiis</span> <span class='ocrx_word' id='word_1_560' title='bbox 619 4765 814 4836; x_wconf 84' lang='lat' dir='ltr'>excitandis</span> <span class='ocrx_word' id='word_1_561' title='bbox 830 4790 1006 4861; x_wconf 88' lang='lat' dir='ltr'>nusquam</span> <span class='ocrx_word' id='word_1_562' title='bbox 1021 4764 1142 4836; x_wconf 89' lang='lat' dir='ltr'>Plato-</span> <span class='ocrx_word' id='word_1_563' title='bbox 1193 4763 1308 4833; x_wconf 88' lang='lat' dir='ltr'>asuis</span> <span class='ocrx_word' id='word_1_564' title='bbox 1328 4761 1484 4844; x_wconf 91' lang='lat' dir='ltr'>civibus,</span> <span class='ocrx_word' id='word_1_565' title='bbox 1509 4761 1592 4854; x_wconf 90' lang='lat' dir='ltr'>quia</span> <span class='ocrx_word' id='word_1_566' title='bbox 1612 4761 1789 4833; x_wconf 87' lang='lat' dir='ltr'>beneficiis</span> <span class='ocrx_word' id='word_1_567' title='bbox 1808 4760 1898 4843; x_wconf 88' lang='lat' dir='ltr'>suis,</span> <span class='ocrx_word' id='word_1_568' title='bbox 1923 4762 2018 4852; x_wconf 92' lang='lat' dir='ltr'>vulgi</span> <span class='ocrx_word' id='word_1_569' title='bbox 2043 4764 2182 4855; x_wconf 85' lang='lat' dir='ltr'>cupidi-</span> 
     </span>
     <span class='ocr_line' id='line_1_46' title="bbox 143 4858 2182 4963; baseline -0 -29"><span class='ocrx_word' id='word_1_570' title='bbox 143 4867 330 4956; x_wconf 84' lang='lat' dir='ltr'>nisopera</span> <span class='ocrx_word' id='word_1_571' title='bbox 346 4864 471 4948; x_wconf 81' lang='lat' dir='ltr'>deluit,</span> <span class='ocrx_word' id='word_1_572' title='bbox 492 4879 528 4936; x_wconf 90' lang='lat' dir='ltr'>et</span> <span class='ocrx_word' id='word_1_573' title='bbox 543 4878 584 4936; x_wconf 91' lang='lat' dir='ltr'>ut</span> <span class='ocrx_word' id='word_1_574' title='bbox 597 4867 744 4937; x_wconf 86' lang='lat' dir='ltr'>iuvenes</span> <span class='ocrx_word' id='word_1_575' title='bbox 759 4869 980 4963; x_wconf 84' lang='lat' dir='ltr'>eloquentiae</span> <span class='ocrx_word' id='word_1_576' title='bbox 995 4870 1142 4962; x_wconf 87' lang='lat' dir='ltr'>cupidos</span> <span class='ocrx_word' id='word_1_577' title='bbox 1193 4876 1282 4937; x_wconf 85' lang='lat' dir='ltr'>tates</span> <span class='ocrx_word' id='word_1_578' title='bbox 1304 4879 1338 4936; x_wconf 86' lang='lat' dir='ltr'>et</span> <span class='ocrx_word' id='word_1_579' title='bbox 1357 4863 1536 4932; x_wconf 87' lang='lat' dir='ltr'>licentiam</span> <span class='ocrx_word' id='word_1_580' title='bbox 1559 4862 1733 4935; x_wconf 85' lang='lat' dir='ltr'>auxerint.</span> <span class='ocrx_word' id='word_1_581' title='bbox 1784 4858 1849 4930; x_wconf 87' lang='lat' dir='ltr'>Est</span> <span class='ocrx_word' id='word_1_582' title='bbox 1870 4875 1904 4932; x_wconf 89' lang='lat' dir='ltr'>et</span> <span class='ocrx_word' id='word_1_583' title='bbox 1928 4860 2110 4953; x_wconf 78' lang='grc' dir='ltr'><strong><em>πολιτεία,</em></strong></span> <span class='ocrx_word' id='word_1_584' title='bbox 2144 4866 2182 4934; x_wconf 90' lang='lat' dir='ltr'>in</span> 
     </span>
     <span class='ocr_line' id='line_1_47' title="bbox 144 4962 2264 5062; baseline 0 -23"><span class='ocrx_word' id='word_1_585' title='bbox 144 4978 330 5050; x_wconf 87' lang='lat' dir='ltr'>moneret,</span> <span class='ocrx_word' id='word_1_586' title='bbox 356 4989 430 5036; x_wconf 91' lang='lat' dir='ltr'>nou</span> <span class='ocrx_word' id='word_1_587' title='bbox 446 4967 492 5036; x_wconf 89' lang='lat' dir='ltr'>ad</span> <span class='ocrx_word' id='word_1_588' title='bbox 512 4969 699 5060; x_wconf 88' lang='lat' dir='ltr'>populares</span> <span class='ocrx_word' id='word_1_589' title='bbox 715 4973 888 5042; x_wconf 90' lang='lat' dir='ltr'>tumultus</span> <span class='ocrx_word' id='word_1_590' title='bbox 911 4972 1142 5042; x_wconf 83' lang='lat' dir='ltr'>exercendam</span> <span class='ocrx_word' id='word_1_591' title='bbox 1194 4991 1264 5062; x_wconf 87' lang='lat' dir='ltr'>qua</span> <span class='ocrx_word' id='word_1_592' title='bbox 1280 4967 1380 5057; x_wconf 81' lang='lat' dir='ltr'>fingit</span> <span class='ocrx_word' id='word_1_593' title='bbox 1403 4987 1627 5035; x_wconf 74' lang='lat' dir='ltr'>communem</span> <span class='ocrx_word' id='word_1_594' title='bbox 1649 4985 1770 5033; x_wconf 79' lang='lat' dir='ltr'>rerum</span> <span class='ocrx_word' id='word_1_595' title='bbox 1793 4985 1917 5044; x_wconf 65' lang='lat' dir='ltr'>utum,</span> <span class='ocrx_word' id='word_1_596' title='bbox 1946 4989 2091 5056; x_wconf 89' lang='lat' dir='ltr'>prorsus</span> <span class='ocrx_word' id='word_1_597' title='bbox 2111 4969 2184 5038; x_wconf 91' lang='lat' dir='ltr'>iro·</span> <span class='ocrx_word' id='word_1_598' title='bbox 2259 4962 2264 4977; x_wconf 81' lang='grc'><strong>’</strong></span> 
     </span>
     <span class='ocr_line' id='line_1_48' title="bbox 144 5066 2185 5160; baseline -0.002 -18"><span class='ocrx_word' id='word_1_599' title='bbox 144 5093 225 5142; x_wconf 86' lang='lat' dir='ltr'>esse</span> <span class='ocrx_word' id='word_1_600' title='bbox 242 5069 444 5139; x_wconf 81' lang='lat' dir='ltr'>facundiam</span> <span class='ocrx_word' id='word_1_601' title='bbox 451 5118 464 5153; x_wconf 91' lang='lat'>,</span> <span class='ocrx_word' id='word_1_602' title='bbox 491 5072 551 5139; x_wconf 87' lang='lat' dir='ltr'>sed</span> <span class='ocrx_word' id='word_1_603' title='bbox 573 5073 616 5140; x_wconf 92' lang='lat' dir='ltr'>ad</span> <span class='ocrx_word' id='word_1_604' title='bbox 642 5071 753 5142; x_wconf 93' lang='lat' dir='ltr'>alium</span> <span class='ocrx_word' id='word_1_605' title='bbox 770 5068 1007 5144; x_wconf 87' lang='lat' dir='ltr'>honestiorem</span> <span class='ocrx_word' id='word_1_606' title='bbox 1024 5098 1143 5158; x_wconf 90' lang='lat' dir='ltr'>usum,</span> <span class='ocrx_word' id='word_1_607' title='bbox 1194 5071 1290 5151; x_wconf 88' lang='lat' dir='ltr'>nica;</span> <span class='ocrx_word' id='word_1_608' title='bbox 1316 5067 1430 5137; x_wconf 87' lang='lat' dir='ltr'>voluit</span> <span class='ocrx_word' id='word_1_609' title='bbox 1447 5067 1543 5135; x_wconf 93' lang='lat' dir='ltr'>enim</span> <span class='ocrx_word' id='word_1_610' title='bbox 1562 5066 1651 5135; x_wconf 88' lang='lat' dir='ltr'>salse</span> <span class='ocrx_word' id='word_1_611' title='bbox 1665 5079 1699 5136; x_wconf 92' lang='lat' dir='ltr'>et</span> <span class='ocrx_word' id='word_1_612' title='bbox 1720 5067 1866 5153; x_wconf 88' lang='lat' dir='ltr'>figurate</span> <span class='ocrx_word' id='word_1_613' title='bbox 1882 5066 2058 5140; x_wconf 87' lang='lat' dir='ltr'>infinitam</span> <span class='ocrx_word' id='word_1_614' title='bbox 2080 5093 2185 5160; x_wconf 89' lang='lat' dir='ltr'>rapa·</span> 
     </span>
     <span class='ocr_line' id='line_1_49' title="bbox 145 5164 2185 5265; baseline -0.002 -22"><span class='ocrx_word' id='word_1_615' title='bbox 145 5171 285 5265; x_wconf 87' lang='lat' dir='ltr'>iuquit:</span> <span class='ocrx_word' id='word_1_616' title='bbox 311 5165 547 5263; x_wconf 86' lang='lat' dir='ltr'>Eloquentiae</span> <span class='ocrx_word' id='word_1_617' title='bbox 570 5173 676 5243; x_wconf 88' lang='lat' dir='ltr'>linem</span> <span class='ocrx_word' id='word_1_618' title='bbox 698 5198 792 5261; x_wconf 87' lang='lat' dir='ltr'>esse,</span> <span class='ocrx_word' id='word_1_619' title='bbox 821 5199 894 5246; x_wconf 91' lang='lat' dir='ltr'>non</span> <span class='ocrx_word' id='word_1_620' title='bbox 915 5190 957 5247; x_wconf 92' lang='lat' dir='ltr'>ut</span> <span class='ocrx_word' id='word_1_621' title='bbox 979 5171 1143 5245; x_wconf 89' lang='lat' dir='ltr'>homines</span> <span class='ocrx_word' id='word_1_622' title='bbox 1195 5174 1333 5243; x_wconf 89' lang='lat' dir='ltr'>citatem</span> <span class='ocrx_word' id='word_1_623' title='bbox 1355 5181 1540 5263; x_wconf 90' lang='lat' dir='ltr'>potentum</span> <span class='ocrx_word' id='word_1_624' title='bbox 1563 5182 1692 5238; x_wconf 82' lang='lat' dir='ltr'>taxare.</span> <span class='ocrx_word' id='word_1_625' title='bbox 1749 5164 1802 5236; x_wconf 90' lang='lat' dir='ltr'>De</span> <span class='ocrx_word' id='word_1_626' title='bbox 1826 5167 1916 5238; x_wconf 87' lang='lat' dir='ltr'>ideis</span> <span class='ocrx_word' id='word_1_627' title='bbox 1939 5195 2030 5264; x_wconf 91' lang='lat' dir='ltr'>quae</span> <span class='ocrx_word' id='word_1_628' title='bbox 2051 5172 2185 5240; x_wconf 87' lang='lat' dir='ltr'>delira·</span> 
     </span>
     <span class='ocr_line' id='line_1_50' title="bbox 145 5269 2186 5371; baseline -0.003 -24"><span class='ocrx_word' id='word_1_629' title='bbox 145 5274 317 5356; x_wconf 86' lang='lat' dir='ltr'>delectet,</span> <span class='ocrx_word' id='word_1_630' title='bbox 342 5274 404 5342; x_wconf 87' lang='lat' dir='ltr'>scd</span> <span class='ocrx_word' id='word_1_631' title='bbox 419 5273 547 5345; x_wconf 90' lang='lat' dir='ltr'>utDeo</span> <span class='ocrx_word' id='word_1_632' title='bbox 567 5289 665 5365; x_wconf 88' lang='lat' dir='ltr'>grata</span> <span class='ocrx_word' id='word_1_633' title='bbox 680 5275 784 5351; x_wconf 90' lang='lat' dir='ltr'>dicat.</span> <span class='ocrx_word' id='word_1_634' title='bbox 823 5275 903 5350; x_wconf 87' lang='lat' dir='ltr'>Hoc</span> <span class='ocrx_word' id='word_1_635' title='bbox 918 5292 1143 5371; x_wconf 85' lang='lat' dir='ltr'>praeceptum</span> <span class='ocrx_word' id='word_1_636' title='bbox 1195 5287 1314 5344; x_wconf 89' lang='lat' dir='ltr'>menta</span> <span class='ocrx_word' id='word_1_637' title='bbox 1350 5273 1528 5342; x_wconf 85' lang='lat' dir='ltr'>tinxerunt</span> <span class='ocrx_word' id='word_1_638' title='bbox 1561 5269 1715 5353; x_wconf 88' lang='lat' dir='ltr'>indocti,</span> <span class='ocrx_word' id='word_1_639' title='bbox 1754 5293 1833 5338; x_wconf 88' lang='lat' dir='ltr'>cum</span> <span class='ocrx_word' id='word_1_640' title='bbox 1868 5293 1979 5361; x_wconf 85' lang='lat' dir='ltr'>genus</span> <span class='ocrx_word' id='word_1_641' title='bbox 2014 5274 2186 5342; x_wconf 87' lang='lat' dir='ltr'>sermonis</span> 
     </span>
     <span class='ocr_line' id='line_1_51' title="bbox 146 5373 2187 5470; baseline -0.003 -22"><span class='ocrx_word' id='word_1_642' title='bbox 146 5376 290 5448; x_wconf 85' lang='lat' dir='ltr'>utinam</span> <span class='ocrx_word' id='word_1_643' title='bbox 303 5374 452 5465; x_wconf 83' lang='lat' dir='ltr'>infigant</span> <span class='ocrx_word' id='word_1_644' title='bbox 468 5376 597 5447; x_wconf 92' lang='lat' dir='ltr'>animis</span> <span class='ocrx_word' id='word_1_645' title='bbox 612 5379 868 5468; x_wconf 88' lang='lat' dir='ltr'>adolescentes,</span> <span class='ocrx_word' id='word_1_646' title='bbox 892 5394 934 5451; x_wconf 92' lang='lat' dir='ltr'>ut</span> <span class='ocrx_word' id='word_1_647' title='bbox 948 5404 1029 5450; x_wconf 89' lang='lat' dir='ltr'>cum</span> <span class='ocrx_word' id='word_1_648' title='bbox 1047 5380 1145 5470; x_wconf 90' lang='lat' dir='ltr'>cogi·</span> <span class='ocrx_word' id='word_1_649' title='bbox 1195 5375 1366 5467; x_wconf 87' lang='lat' dir='ltr'>grandius</span> <span class='ocrx_word' id='word_1_650' title='bbox 1381 5376 1419 5444; x_wconf 92' lang='lat' dir='ltr'>in</span> <span class='ocrx_word' id='word_1_651' title='bbox 1432 5373 1581 5444; x_wconf 85' lang='lat' dir='ltr'>Platone</span> <span class='ocrx_word' id='word_1_652' title='bbox 1597 5394 1672 5441; x_wconf 93' lang='lat' dir='ltr'>non</span> <span class='ocrx_word' id='word_1_653' title='bbox 1686 5383 1802 5441; x_wconf 86' lang='lat' dir='ltr'>essent</span> <span class='ocrx_word' id='word_1_654' title='bbox 1816 5375 1976 5457; x_wconf 89' lang='lat' dir='ltr'>assecuti,</span> <span class='ocrx_word' id='word_1_655' title='bbox 1997 5397 2061 5443; x_wconf 89' lang='lat' dir='ltr'>uec</span> <span class='ocrx_word' id='word_1_656' title='bbox 2077 5376 2187 5443; x_wconf 85' lang='lat' dir='ltr'>vidis·</span> 
     </span>
    </p>
   </div>
   <div class='ocr_carea' id='block_1_7' title="bbox 147 5471 2189 5651">
    <p class='ocr_par' dir='ltr' id='par_1_9' title="bbox 147 5471 2189 5651">
     <span class='ocr_line' id='line_1_52' title="bbox 147 5471 2189 5651; baseline -0.002 -101"><span class='ocrx_word' id='word_1_657' title='bbox 147 5478 297 5563; x_wconf 80' lang='lat' dir='ltr'>tabunt,</span> <span class='ocrx_word' id='word_1_658' title='bbox 322 5471 419 5548; x_wconf 87' lang='lat' dir='ltr'>bunc</span> <span class='ocrx_word' id='word_1_659' title='bbox 434 5491 571 5551; x_wconf 81' lang='lat' dir='ltr'>tantum</span> <span class='ocrx_word' id='word_1_660' title='bbox 584 5481 691 5551; x_wconf 85' lang='lat' dir='ltr'>finem</span> <span class='ocrx_word' id='word_1_661' title='bbox 706 5477 836 5556; x_wconf 90' lang='lat' dir='ltr'>horum</span> <span class='ocrx_word' id='word_1_662' title='bbox 856 5483 1056 5556; x_wconf 83' lang='lat' dir='ltr'>studiorum</span> <span class='ocrx_word' id='word_1_663' title='bbox 1076 5482 1144 5553; x_wconf 90' lang='lat' dir='ltr'>sibi</span> <span class='ocrx_word' id='word_1_664' title='bbox 1195 5491 1275 5551; x_wconf 82' lang='lat' dir='ltr'>sent</span> <span class='ocrx_word' id='word_1_665' title='bbox 1291 5477 1388 5550; x_wconf 87' lang='lat' dir='ltr'>ideas</span> <span class='ocrx_word' id='word_1_666' title='bbox 1408 5478 1454 5548; x_wconf 88' lang='lat' dir='ltr'>ab</span> <span class='ocrx_word' id='word_1_667' title='bbox 1471 5498 1555 5651; x_wconf 54' lang='lat' dir='ltr'>qqsq</span> <span class='ocrx_word' id='word_1_668' title='bbox 1568 5474 1639 5545; x_wconf 90' lang='lat' dir='ltr'>dici</span> <span class='ocrx_word' id='word_1_669' title='bbox 1661 5472 1833 5562; x_wconf 85' lang='lat' dir='ltr'>imagines</span> <span class='ocrx_word' id='word_1_670' title='bbox 1848 5499 1887 5545; x_wconf 86' lang='lat' dir='ltr'>ac</span> <span class='ocrx_word' id='word_1_671' title='bbox 1904 5475 2053 5546; x_wconf 89' lang='lat' dir='ltr'>noticias</span> <span class='ocrx_word' id='word_1_672' title='bbox 2068 5477 2189 5546; x_wconf 89' lang='lat' dir='ltr'>erudi-</span> 
     </span>
    </p>
   </div>
   <div class='ocr_carea' id='block_1_8' title="bbox 1369 2383 1962 2659">
    <p class='ocr_par' dir='ltr' id='par_1_10' title="bbox 1369 2383 1962 2659">
     <span class='ocr_line' id='line_1_53' title="bbox 1369 2383 1962 2472; baseline 0.003 -23"><span class='ocrx_word' id='word_1_673' title='bbox 1369 2385 1467 2449; x_wconf 85' lang='lat' dir='ltr'>lllults</span> <span class='ocrx_word' id='word_1_674' title='bbox 1481 2383 1626 2447; x_wconf 87' lang='lat' dir='ltr'>Dirceum</span> <span class='ocrx_word' id='word_1_675' title='bbox 1641 2391 1720 2450; x_wconf 77' lang='lat' dir='ltr'>levat</span> <span class='ocrx_word' id='word_1_676' title='bbox 1734 2410 1804 2449; x_wconf 81' lang='lat' dir='ltr'>aure</span> <span class='ocrx_word' id='word_1_677' title='bbox 1818 2411 1962 2472; x_wconf 83' lang='lat' dir='ltr'>cygnum,</span> 
     </span>
     <span class='ocr_line' id='line_1_54' title="bbox 1371 2487 1891 2573; baseline 0.006 -22"><span class='ocrx_word' id='word_1_678' title='bbox 1371 2487 1483 2551; x_wconf 89' lang='lat' dir='ltr'>Tendit</span> <span class='ocrx_word' id='word_1_679' title='bbox 1502 2488 1621 2550; x_wconf 89' lang='lat' dir='ltr'>Antoni</span> <span class='ocrx_word' id='word_1_680' title='bbox 1638 2496 1756 2573; x_wconf 88' lang='lat' dir='ltr'>quoties</span> <span class='ocrx_word' id='word_1_681' title='bbox 1769 2496 1801 2552; x_wconf 88' lang='lat' dir='ltr'>in</span> <span class='ocrx_word' id='word_1_682' title='bbox 1816 2496 1891 2554; x_wconf 87' lang='lat' dir='ltr'>altos</span> 
     </span>
     <span class='ocr_line' id='line_1_55' title="bbox 1371 2589 1642 2659; baseline 0.007 -5"><span class='ocrx_word' id='word_1_683' title='bbox 1371 2589 1505 2659; x_wconf 82' lang='lat' dir='ltr'>Nubium</span> <span class='ocrx_word' id='word_1_684' title='bbox 1521 2604 1642 2656; x_wconf 82' lang='lat' dir='ltr'>tractus.</span> 
     </span>
    </p>
   </div>
   <div class='ocr_carea' id='block_1_9' title="bbox 0 0 2339 6020">
    <p class='ocr_par' dir='ltr' id='par_1_11' title="bbox 0 0 2339 6020">
     <span class='ocr_line' id='line_1_56' title="bbox 0 0 2339 6020; baseline 0 0"><span class='ocrx_word' id='word_1_685' title='bbox 0 0 2339 6020; x_wconf 95' lang='lat' dir='ltr'> </span> 
     </span>
    </p>
   </div>
  </div>
 </body>
</html>
