4664 6022
42 313 129 386 888
647 307 808 390 DECL.
839 309 917 386 DE
947 312 1102 393 CASP.
1133 313 1499 393 CRUClGERO.
2033 326 2110 401 884

62 483 135 558 Νο.
157 480 239 559 tos.
875 516 923 556 sn.
947 492 1044 558 1549.
1107 490 1250 581 gatione
1270 492 1492 564 confirment.
1553 486 1635 564 Erit
1650 491 1760 585 igitur
1775 508 1809 567 et
1824 491 1918 569 bane
1931 495 2044 592 ipsam
2060 500 2108 574 ob

57 579 232 610 Μ
873 583 1046 613 ‘⁶⁸‘
1106 615 1246 663 causam
1270 594 1428 665 narratio
1450 592 1666 686 simplicior,
1700 597 1783 690 quia
1809 599 1891 670 volo
1916 625 1992 672 eam
2008 604 2107 674 testi·

290 688 367 776 De
400 685 535 802 0081).
562 687 822 809 Cttwlyero.
1105 697 1219 766 monii
1244 698 1387 791 pondus
1411 692 1564 783 babere,
1590 722 1670 770 cum
1692 699 1838 793 quidem
1856 702 1969 794 ipsius
1984 720 2106 798 pectus

121 846 153 901 h
179 845 501 907 aeteea.1)eet.T.ttt.
525 846 645 921 pots,
675 845 806 903 uscham.
826 844 861 900 T·
877 844 923 900 m
942 865 969 918 P·
985 845 1057 916 ⁸10„
1105 794 1195 867 mibi
1213 800 1623 920 penitusnptumfuerit.
1663 797 1713 873 Et
1727 802 1897 896 quoniam
1914 800 2106 879 baccaetss

155 917 277 974 serven.
297 919 334 977 τ.
356 917 406 972 ttt.
425 934 455 986 p.
470 916 531 974 ess.
578 927 604 971 a
622 918 651 970 in
670 915 703 973 Τ.
721 917 770 974 ttt.
790 915 903 970 urtam.
920 914 960 971 tia.
977 916 1013 984 S,
1031 918 1055 973 s.
1105 901 1209 993 plena
1233 917 1285 974 est
1308 925 1551 994 suspicionum
1578 917 1612 974 et
1638 905 1918 994 calumniarum,
1948 922 1983 980 et
2010 934 2105 997 vere,

152 987 242 1043 ΕΜ
260 987 403 1060 separatim
422 987 523 1060 9⁸⁰⁶⁵⁵²
541 955 656 1043 Μή·
676 985 751 1042 ¹⁵⁴9·
778 987 806 1040 ⁸·
831 989 848 1037 ²
867 986 904 1058 ΡΙ·
1104 1015 1144 1073 ut
1158 1000 1339 1076 Homerus
1357 1005 1494 1099 inquit,
1528 1000 1599 1098 οὐχ
1612 1000 1697 1100 ὁσίη
1713 1002 1811 1079 κακὰ
1825 1000 1978 1103 ῥάπτειν
1992 1006 2104 1108 ἀλλή-

1105 1109 1219 1191 λοισι,
1247 1107 1393 1201 nequid
1411 1109 1551 1179 tinxisse
1567 1109 1709 1195 videar,
1734 1123 1838 1182 testes
1853 1135 1951 1185 meae
1969 1115 2105 1187 oratio-

1104 1209 1162 1278 nis
1176 1233 1250 1279 esse
1263 1211 1366 1291 volo,
1390 1207 1643 1283 Reverendum
1658 1212 1776 1283 virum
1792 1227 1969 1307 pastorem
1976 1213 2102 1289 Eccle-

1105 1311 1176 1381 siae
1198 1324 1355 1397 nostrae,
1389 1326 1424 1383 et
1441 1311 1636 1405 Georgium
1656 1310 1871 1398 Rorarium,
1898 1318 1993 1390 viros
2006 1319 2102 1391 inte·

48 1407 244 1510 Principio
271 1417 402 1509 gratias
430 1441 496 1509 ago
517 1413 595 1488 Deo
623 1431 768 1489 aeterno
796 1418 889 1511 patri
915 1416 1053 1488 domini
1104 1414 1293 1505 gerrimos,
1319 1415 1450 1509 quibus
1468 1417 1534 1488 fuit
1550 1416 1858 1490 familiarissimus.
1912 1418 2099 1494 instituam

50 1521 166 1594 nostri
193 1516 270 1590 lesu
293 1516 447 1605 Christi,
482 1521 572 1592 lenti
596 1522 789 1614 sapientiae
815 1537 848 1593 et
874 1519 1052 1590 conditori
1104 1517 1215 1607 igitur
1241 1541 1361 1586 veram
1394 1529 1430 1587 et
1460 1521 1593 1590 nudam
1629 1522 2020 1611 commemorationem,
2060 1548 2101 1596 ac

49 1648 194 1706 rerum,
228 1625 324 1717 quod
347 1619 540 1693 Ecclesiam
568 1624 661 1693 inter
683 1647 749 1694 nos
771 1624 840 1694 sibi
863 1622 998 1713 colligit
1014 1622 1053 1690 in
1103 1643 1267 1713 prorsus,
1291 1633 1331 1690 ut
1350 1617 1557 1707 Geometer,
1581 1621 1694 1691 lineas
1710 1635 1848 1695 tantum
1863 1625 2013 1698 aedificii
2030 1629 2101 1699 du·

51 1726 154 1800 omni
170 1725 378 1796 aeternitate
394 1726 511 1817 ipsum
528 1725 798 1798 celebraturam:
824 1739 859 1797 et
875 1739 951 1797 toto
969 1748 1052 1795 eum
1104 1747 1201 1804 carn,
1224 1722 1412 1817 dequibus
1428 1724 1544 1794 extrui
1565 1746 1733 1814 magnum
1749 1750 1839 1818 opus
1853 1751 1973 1820 posse,
1996 1730 2101 1802 facile

51 1843 196 1927 pectore
212 1850 295 1913 oro,
321 1851 367 1898 ne
382 1828 475 1901 sinat
492 1828 585 1899 inter
600 1852 666 1899 nus
680 1829 838 1919 extingui
855 1829 970 1898 lucem
985 1829 1052 1897 do·
1103 1825 1256 1915 intelligi
1273 1825 1413 1918 poterit.

53 1933 207 2017 etriuae,
241 1933 301 2001 sed
332 1932 503 2001 immensa
538 1931 781 2002 misericordia
814 1955 876 2002 sua
907 1943 1054 2023 propter
1207 1925 1344 1999 Ordiar
1364 1941 1504 2010 autem,
1533 1926 1623 1999 sicut
1646 1929 1815 2003 usitatum
1837 1947 1908 2020 est,
1933 1959 1953 2005 a
1974 1936 2101 2028 patria.

56 2035 170 2107 lilium
188 2031 253 2105 hos
267 2034 569 2124 coetusgubernet
585 2047 619 2104 et
630 2048 764 2119 servet,
786 2050 820 2105 et
836 2029 902 2104 bos
912 2046 1052 2102 nostros
1103 2028 1216 2101 Natus
1230 2044 1282 2102 est
1294 2026 1606 2122 CasparCrueiger
1621 2031 1659 2101 in
1675 2033 1809 2129 inclyto
1822 2037 1956 2130 oppido
1966 2037 2101 2131 Lipsia.

54 2139 213 2210 alveolos
234 2138 426 2207 clementer
448 2151 619 2230 protegat.
679 2133 910 2208 Consuetudo
934 2148 1051 2205 autem
1104 2132 1173 2205 Hic
1187 2133 1217 2203 si
1235 2134 1279 2204 de
1294 2133 1429 2225 patriae
1448 2132 1613 2204 laudibus
1630 2128 1808 2207 rhetorico
1825 2162 1925 2211 more
1939 2139 2101 2213 dicturus

54 2255 109 2313 est
124 2242 230 2331 digna
256 2242 361 2311 laude
384 2241 423 2310 in
449 2238 505 2310 bis
521 2240 766 2331 congressibus
790 2242 833 2309 ad
850 2261 1054 2309 commone·
1105 2259 1234 2322 essem,
1260 2248 1432 2331 quantum
1451 2234 1619 2305 volumen
1643 2238 1727 2307 addi
1745 2241 1886 2332 posset?
1936 2240 2007 2314 Sed
2024 2243 2100 2335 ipse

54 2343 254 2415 faciendam
287 2342 527 2424 iuventutem,
561 2343 616 2411 vel
644 2343 830 2434 praeconia
862 2341 1055 2426 doctrinae,
1105 2339 1254 2433 patriam
1287 2337 1512 2431 praecipuam
1545 2334 1739 2410 Ecclesiam
1772 2365 1846 2411 esse
1871 2343 1996 2416 sensit:
2035 2368 2100 2416 nec

55 2446 116 2516 vel
133 2444 291 2533 exempla
307 2443 529 2512 eruditorum
546 2444 704 2517 recitare.
750 2445 840 2516 Nam
857 2440 1053 2534 iubisno·
1105 2456 1177 2513 tam
1207 2442 1337 2512 natalis
1368 2439 1437 2510 loei
1471 2441 1672 2513 celebritate
1706 2444 1857 2515 laetatus
1880 2459 1951 2527 est,
1990 2471 2097 2541 quam

56 2547 139 2620 stris
172 2543 300 2613 studiis
337 2546 525 2637 praecipue
558 2569 633 2616 non
666 2549 781 2617 solum
812 2550 1055 2639 accenduntur
1105 2547 1201 2640 quod
1219 2542 1399 2615 Ecclesiae
1411 2542 1498 2613 civis
1512 2543 1625 2616 iactus
1640 2559 1705 2621 est.
1755 2544 1829 2618 Nec
1844 2562 1963 2619 umen
1979 2548 2101 2641 ingra-

58 2645 173 2720 animi
195 2645 458 2716 considerantes
480 2648 631 2718 aliorum
655 2650 869 2720 industriam
887 2663 922 2721 et
942 2651 1055 2720 virtu·
1104 2662 1162 2719 tus
1178 2647 1247 2717 luit
1263 2647 1407 2739 patriae.
1459 2648 1684 2735 Agnoscebat
1694 2648 1911 2741 singularem
1927 2652 2101 2724 foelicita-

58 2766 150 2834 tem,
175 2748 235 2818 sed
254 2749 651 2821 commonebuntetiam
668 2755 712 2820 de
729 2751 851 2821 multis
871 2753 996 2837 rebus,
1021 2765 1056 2820 et
1105 2764 1175 2822 tem
1196 2773 1270 2820 esse
1294 2749 1393 2819 nasci
1417 2746 1455 2816 iu
1479 2749 1543 2818 tali
1564 2751 1670 2837 urbe,
1702 2752 1741 2819 in
1763 2776 1833 2846 qua
1848 2776 1929 2823 cum
1948 2755 2101 2848 optima-

58 2849 160 2948 qnasi
197 2848 342 2940 vestigia
370 2852 594 2943 superiorum
623 2852 851 2946 aspicientes,
889 2852 985 2924 viam
1010 2855 1053 2924 ad
1105 2877 1186 2923 rum
1204 2851 1334 2922 artium
1351 2850 1468 2920 studia
1484 2850 1655 2940 floreant,
1681 2866 1715 2924 et
1738 2877 1864 2944 magna
1881 2854 1928 2926 sit
1942 2859 2100 2929 erudito·

57 2953 243 3025 doctrinae
256 2975 372 3022 arcem
391 2954 546 3028 discunt.
1105 2978 1185 3026 rum
1208 2953 1429 3047 frequentia,
1466 2953 1622 3024 inveniri
1653 2955 1816 3027 doctores
1843 2957 2102 3032 adolescentiae

163 3051 217 3124 Ac
240 3049 330 3123 mibi
353 3055 497 3149 quidem
519 3050 587 3125 boc
610 3056 726 3148 ipsum
743 3058 829 3127 anni
847 3074 986 3150 tempus
1000 3082 1056 3127 re-
1105 3056 1347 3139 commodius,
1371 3079 1478 3148 quam
1493 3055 1580 3125 alibi
1598 3074 1758 3147 possunt.

58 3173 171 3230 novat
192 3156 399 3227 memoriam
426 3157 532 3229 amici
561 3159 675 3228 nostri
695 3155 843 3251 Caspari
865 3158 1059 3251 Crucigeri,
1208 3154 1288 3229 Etsi
1308 3169 1425 3227 autem
1448 3155 1521 3225 vim
1543 3156 1700 3247 ingenii,
1733 3182 1824 3254 quae
1841 3163 1910 3234 suit
1930 3163 1968 3231 in
1985 3187 2028 3234 eo
2042 3189 2102 3235 ex-

59 3262 163 3336 cuius
184 3260 332 3329 morbus
352 3254 421 3330 boc
443 3282 564 3330 mense
589 3284 684 3330 anno
700 3262 881 3354 superiore
896 3264 1058 3352 ingrave-
1107 3262 1239 3333 cellens
1261 3273 1296 3331 et
1318 3258 1484 3338 mirifica,
1516 3282 1591 3329 non
1615 3261 1729 3331 solum
1746 3264 1790 3333 ad
1805 3286 1927 3334 causas
1941 3261 2102 3360 physicas

61 3387 158 3437 scere
172 3376 344 3454 coeperat
396 3360 520 3456 ltaque
536 3387 617 3433 cum
634 3359 722 3433 mihi
740 3365 889 3435 adsidue
904 3366 974 3433 iam
993 3365 1059 3434 ob-
1107 3365 1244 3443 refero,
1270 3362 1331 3431 sed
1346 3358 1599 3450 singulareDei
1615 3364 1872 3435 donumiuisse
1889 3379 2022 3436 statuo:
2049 3380 2103 3436 ta·

64 3481 224 3538 versetur
245 3464 321 3536 eius
343 3465 478 3555 imago,
510 3480 546 3536 et
567 3466 743 3536 desiderio
758 3468 834 3537 eius
851 3491 926 3537 non
942 3467 1059 3537 solum
1108 3478 1279 3536 menete
1298 3475 1486 3557 parentum
1505 3476 1654 3551 natura,
1679 3483 1713 3537 et
1729 3490 1749 3536 a
1764 3467 1879 3537 causis
1893 3469 2104 3540 coelestibus

62 3581 210 3664 propter
241 3567 433 3639 amicitiam
466 3582 500 3639 et
534 3568 734 3640 studiorum
760 3568 1060 3652 coniunctionem,
1109 3568 1227 3662 aliqua
1249 3580 1397 3637 naturae
1418 3567 1633 3657 praestantia
1653 3584 1793 3661 sumpta
1807 3568 1959 3641 videtur.
2019 3569 2104 3641 Fuit

60 3674 126 3745 sed
140 3672 245 3742 etiam
261 3683 408 3763 propter
419 3665 597 3741 Ecclesiae
612 3671 800 3742 orbitatem
818 3672 955 3761 ingenti
971 3671 1061 3741 adfi-
1110 3669 1268 3741 enimin
1291 3682 1404 3739 matre
1426 3666 1539 3738 virtus
1562 3669 1701 3744 eximia.
1753 3668 1800 3742 Et
1815 3672 1860 3741 de
1874 3672 1992 3766 positu
2009 3673 2105 3743 side-

62 3774 157 3856 eiar,
185 3773 291 3844 etiam
308 3773 347 3841 in
361 3767 458 3842 huuc
470 3774 587 3843 locum
603 3777 975 3845 commemorationem
986 3788 1061 3846 stu·
1111 3799 1190 3845 rum
1206 3771 1352 3842 memini
1369 3768 1565 3842 Gauricum
1582 3773 1631 3842 ita
1641 3772 1815 3858 iudicare,
1842 3774 1977 3865 ingenii
1991 3776 2106 3846 excel-

63 3878 209 3949 diorum
247 3887 282 3945 et
311 3874 485 3945 virtutum
513 3877 588 3946 eius
611 3876 839 3947 adferendam
864 3901 937 3947 esse
965 3877 1062 3948 duxi.
1111 3876 1256 3947 lentiam
1274 3874 1474 3945 mirandam
1490 3872 1698 3963 significari,
1723 3876 1783 3946 sed
1798 3876 1906 3947 simul
1922 3877 2027 3947 etiam
2044 3902 2106 3948 va·

63 3979 200 4053 Notum
224 3993 276 4050 est
300 3978 396 4048 enim
420 3977 512 4048 illud
533 3979 721 4066 omnibus,
746 3976 842 4053 ὅπου
866 4005 922 4062 τις
945 3976 1061 4078 ἀλγεῖ,
1111 3979 1183 4049 rios
1197 3978 1342 4047 morbos
1359 3975 1581 4050 denunciari.
1632 3973 1686 4048 Ac
1701 3977 1729 4047 si
1746 3977 1826 4071 quis
1842 3979 1992 4073 requirit
2010 3982 2107 4072 posi-

62 4075 242 4157 sts's‘osaeoi
253 4074 324 4174 τὴν
335 4075 432 4174 χεῖρ’
451 4077 534 4173 ἔχει.
577 4078 650 4152 Nee
665 4096 802 4154 tantum
818 4097 859 4154 ut
873 4083 930 4153 vel
945 4083 1061 4152 dolori
1112 4097 1188 4154 tum
1213 4081 1391 4163 siderum,
1423 4090 1463 4148 ut
1483 4090 1600 4148 extare
1628 4079 1741 4149 multa
1764 4082 1921 4174 exempla
1944 4084 2109 4174 optarim,

64 4208 149 4257 meo
183 4183 406 4272 indulgeam,
447 4184 505 4252 vel
538 4183 698 4254 debitum
723 4186 898 4257 amicitiae
924 4199 1064 4256 nostrae
1113 4186 1144 4254 is
1163 4198 1321 4274 tempore
1346 4180 1502 4252 indicato
1524 4175 1642 4250 thema
1665 4181 1868 4257 constituat.
1927 4182 2040 4256 Natus
2056 4197 2108 4255 est

64 4309 201 4361 munus
229 4298 421 4377 praestem,
456 4279 524 4355 hoc
553 4299 799 4378 argumentum
830 4286 964 4378 delegi,
1002 4289 1062 4358 sed
1114 4286 1208 4358 enim
1225 4281 1361 4376 Caspar
1377 4307 1473 4353 anno
1493 4280 1605 4359 1504.
1628 4282 1687 4353 die
1702 4285 1816 4376 prima
1833 4283 1990 4357 Ianuarii
2005 4285 2108 4357 circi-

64 4390 182 4461 multo
192 4388 303 4478 magis
316 4387 580 4459 adolescentum
590 4412 706 4474 causa,
725 4390 1064 4482 quibusexemplum
1114 4404 1167 4463 ter
1189 4384 1313 4457 horam
1337 4385 1507 4478 primam,
1541 4398 1620 4477 post
1641 4387 1794 4458 mediam
1820 4402 1980 4470 noctem,
2005 4389 2053 4457 ita
2070 4400 2110 4458 ut

63 4512 193 4565 reeens
216 4503 253 4561 et
272 4490 410 4560 illustre
433 4513 613 4582 propono,
644 4491 747 4561 cuius
768 4492 1003 4564 consideratio
1021 4494 1065 4562 de
1114 4496 1186 4562 duo
1207 4502 1346 4561 tantum
1378 4488 1449 4557 sint
1477 4488 1659 4559 domicilia
1688 4490 1850 4561 omnium
1872 4490 2111 4581 planetarum,

65 4590 128 4668 bis
148 4592 235 4685 ipsis
253 4591 398 4672 studiis,
427 4592 614 4686 inquibus
635 4607 840 4679 versantur,
875 4595 983 4666 multa
1006 4617 1066 4665 eos
1114 4593 1198 4676 Sol,
1231 4589 1353 4660 Venus
1378 4604 1412 4660 et
1434 4585 1636 4661 Mercurius
1660 4588 1701 4663 in
1726 4588 1945 4681 Capricorno
1965 4592 2110 4662 tertium

66 4718 216 4770 monere
232 4694 371 4787 poterit.
422 4692 495 4765 Nec
517 4695 699 4766 instituam
721 4692 860 4767 Graeco
879 4722 978 4768 more
1000 4720 1065 4790 pa·
1115 4697 1233 4767 locum
1255 4695 1301 4763 ab
1322 4687 1521 4784 horoscopo
1543 4704 1728 4784 occupent.
1779 4689 1918 4763 Caeteri
1933 4716 2057 4764 omnes
2071 4693 2111 4762 iu

66 4797 273 4895 negyricam
294 4796 551 4880 laudationem,
585 4799 645 4867 sed
664 4798 821 4870 breviter
845 4799 938 4871 vitae
954 4800 1067 4892 ipsius
1115 4797 1271 4880 Cancro,
1314 4792 1507 4879 Saturnus,
1541 4791 1696 4887 lupiter,
1727 4791 1828 4864 Mars
1855 4808 1888 4865 et
1909 4792 2014 4865 Luna
2032 4796 2109 4866 vul-

66 4898 277 4986 ltistoriam,
311 4898 426 4969 studia
456 4912 493 4969 et
528 4900 572 4969 de
602 4901 766 4970 maximis
792 4903 901 4972 rebus
935 4901 1066 4973 iudicia
1116 4913 1252 4971 vuntur
1274 4896 1313 4965 in
1332 4919 1428 4967 nono
1452 4896 1551 4981 loco,
1577 4909 1739 4990 extatque
1755 4908 1893 4968 tantum
1909 4898 2112 4990 supratini-

67 5004 247 5084 nambo,
280 5024 433 5095 quorum
462 5001 634 5072 memoria
667 5003 864 5093 posteritati
884 5004 985 5075 utilis
1006 5016 1068 5073 est.
1117 5018 1230 5075 torem
1244 4990 1425 5095 (osdagus)
1439 4998 1533 5091 spica
1544 4996 1718 5087 Virginis,
1744 5011 1916 5090 qnantum
1933 4999 2027 5069 inira
2048 5001 2112 5067 ad-

69 5107 192 5203 Atque
216 5104 353 5177 utinam
376 5103 570 5175 multorum
595 5105 818 5176 eruditorum
846 5131 887 5176 ex
913 5105 975 5176 illa
993 5106 1069 5175 sin·
1117 5101 1188 5174 buc
1206 5104 1336 5173 absunt
1350 5124 1370 5170 a
1385 5101 1479 5170 linea
1495 5095 1792 5170 horizontisduae
1807 5100 1966 5172 lucentes
1980 5102 2017 5170 in
2032 5115 2112 5172 utra

69 5209 209 5283 ceriore
237 5205 447 5300 antiquitate
469 5206 690 5288 testimonia,
726 5231 807 5277 vere
829 5220 864 5278 et
885 5208 1069 5301 perspicue
1118 5203 1236 5291 ebele,
1262 5227 1353 5299 quae
1372 5202 1517 5296 quidem
1540 5199 1644 5270 nobis
1665 5200 1773 5272 simul
1788 5202 1966 5274 oriuntur.
2015 5200 2115 5273 Con·

69 5312 204 5402 scripta
226 5320 397 5382 extarent.
455 5306 546 5379 Nam
569 5303 637 5378 hoc
660 5309 737 5401 ipso
751 5306 849 5382 Deus
870 5311 1011 5405 aliquos
1029 5309 1069 5379 in
1118 5309 1214 5401 gruit
1241 5307 1347 5379 etiam
1375 5317 1471 5377 totus
1492 5303 1695 5376 asterismus
1716 5301 1849 5376 Leonis
1876 5328 1957 5376 cum
1977 5305 2114 5374 decimo

70 5411 234 5491 Ecclesia
256 5410 509 5482 excellentibus
532 5410 638 5480 donis
656 5424 780 5498 ornat,
812 5426 853 5484 ut
875 5427 980 5484 testes
997 5412 1069 5483 sint
1118 5414 1198 5482 loco
1220 5410 1266 5481 ab
1286 5404 1496 5497 horoscopo.
1552 5400 1619 5476 Est
1638 5405 1786 5477 omnino
1803 5428 2010 5496 congressus
2030 5406 2116 5479 stel-

72 5540 179 5591 verae
195 5513 408 5594 sententiae,
435 5525 467 5582 et
493 5513 582 5583 alios
600 5514 783 5601 erudiam,
807 5538 848 5587 ac
862 5537 926 5587 sua
941 5515 1071 5587 suffra·
1120 5515 1235 5586 larum
1250 5536 1325 5585 non
1347 5508 1521 5600 vulgaris,
1545 5509 1679 5601 dequo
1693 5509 1740 5581 eb
1755 5507 1905 5581 eruditis
1915 5506 2026 5580 multa
2042 5508 2119 5581 dis-

126 5623 303 5690 marana.
321 5621 426 5685 Orrn.
440 5618 524 5685 Vos.
539 5612 602 5686 Xl.
1626 5606 1677 5688 53

49 1171 182 1244 Oratio
206 1165 255 1240 de
288 1168 491 1262 casparo
518 1169 798 1265 crucigero,
829 1164 877 1239 ab
898 1170 1053 1239 urrann

227 1269 402 1344 Reinbolt
426 1271 670 1345 salveldense·
696 1275 877 1344 recitata.
