4664 6022
52 292 128 366 849
407 281 569 362 DECL·
604 280 678 354 DE
709 274 907 353 DICTO:
942 271 1182 350 Pttosstt'r
1215 277 1633 373 UNUSQUlSQUE
1659 302 1744 358 arc.
2021 294 2096 365 850

50 461 269 537 tumultibus
284 475 320 537 et
333 455 605 531 confusionibus
620 451 830 545 gubernatio
846 449 1053 544 impeditur,
1104 451 1272 522 omnibus
1288 453 1396 522 variis
1414 455 1589 524 scandalis
1604 458 1734 543 studet,
1760 474 1798 530 ut
1812 485 1891 530 cum
1908 463 1946 534 in
1962 468 2095 557 populo

50 566 209 638 servabit
225 579 345 636 tamen
368 564 560 635 clementer
577 551 706 627 barum
724 554 911 645 regionum
926 547 1052 623 Eccle-
1105 551 1213 645 lsrael
1236 555 1340 624 multi
1363 556 1524 628 viderent
1548 557 1705 627 liliorum
1726 561 1874 634 Davidis
1894 568 2083 657 parricidia

51 669 143 753 sias,
169 681 204 738 et
219 666 428 738 ardentibus
446 662 539 735 votis
552 685 636 731 eum
649 681 813 740 oramus,
839 669 879 727 ut
897 654 1050 726 filiosuo
1104 658 1314 728 seditionem
1337 659 1610 751 praecipuorum
1636 663 1805 733 ordinum
1826 681 1860 738 et
1876 624 2096 762 Principum,

52 768 212 842 Domino
228 785 350 841 nostro
366 766 446 840 lesu
464 759 608 837 Christo
626 755 880 831 haereditatem
895 757 1052 828 celebra·
1104 774 1138 830 et
1153 761 1301 831 incestas
1316 760 1499 848 libidines,
1514 763 1728 835 dubitabant
1741 781 1834 836 certe
1849 794 1894 838 an
1909 765 1994 840 baec
2012 727 2103 864 geni*

52 888 171 945 turam
200 873 318 965 ipsum
348 871 386 939 in
416 867 517 939 omni
547 863 772 947 aeternitate,
813 874 982 952 perpetuo
1011 861 1051 928 in
1102 859 1261 933 Ecclesia
1282 860 1349 932 Dei
1371 878 1476 944 esset,
1518 891 1586 960 qua
1613 866 1649 934 in
1682 871 1948 958 perturbatione
1977 889 2094 945 tamen

52 971 111 1046 his
136 975 341 1065 regionibus
363 970 517 1062 colligat
577 963 627 1038 Et
649 960 733 1034 huic
755 963 835 1056 piae
856 962 1051 1053 precationi
1105 966 1182 1057 pios
1199 966 1320 1035 videre
1335 990 1474 1038 necesse
1489 970 1568 1049 suit,
1595 969 1657 1037 ubi
1672 995 1739 1039 vox
1755 972 1877 1042 divina
1891 999 1974 1045 vere
1990 1003 2096 1049 sona-

53 1079 289 1168 adiungamus
305 1074 503 1147 orationem
519 1067 758 1141 Dominicatn.
1104 1082 1168 1139 ret.
1222 1067 1388 1139 ltanunc
1411 1071 1564 1161 populus
1589 1073 1632 1139 ad
1654 1066 1747 1143 hanc
1768 1100 1884 1146 arcem
1905 1080 2096 1170 confugiat,
2157 1075 2163 1083 ’

156 1193 249 1269 Cum
278 1207 396 1266 autem
426 1193 466 1262 in
495 1185 553 1260 hi,
577 1185 824 1278 congresgibus
849 1181 963 1274 prosit
985 1181 1050 1250 311.
1104 1171 1191 1242 sciat
1206 1172 1256 1241 ibi
1271 1196 1352 1240 vere
1368 1169 1737 1259 esseDeiEcclesiam,
1756 1178 1818 1247 ubi
1834 1203 1901 1248 vox
1910 1177 2095 1272 Evangelii

52 1325 161 1396 quam
203 1294 581 1370 commonefactionem
620 1289 746 1360 utilem
789 1284 960 1379 proponi,
1018 1296 1053 1352 et
1104 1277 1447 1365 snnntincorrnpta,
1471 1278 1660 1347 utdictum
1681 1292 1748 1348 est:
1782 1280 1930 1377 siquid
1951 1285 1996 1354 ab
2016 1286 2098 1356 aliis

52 1427 153 1474 nunc
178 1398 356 1472 Ecclesiae
388 1411 529 1469 nostrae
557 1406 591 1465 et
613 1414 680 1462 nos
704 1411 829 1461 ornnes
853 1387 892 1456 in
915 1385 1052 1476 magnis
1105 1376 1143 1446 in
1174 1376 1496 1448 deliberationibus
1528 1379 1679 1470 publicis
1709 1394 1825 1452 actum
1854 1398 1925 1469 cst,
1956 1388 2096 1481 dequo

53 1505 241 1577 doloribus
270 1503 402 1587 simus,
444 1511 590 1592 propter
621 1505 811 1563 venenatas
844 1488 1051 1568 calumnias,
1105 1479 1260 1565 dubitas,
1287 1480 1324 1549 id
1341 1482 1385 1548 ad
1401 1493 1434 1549 te
1451 1477 1543 1550 nihil
1559 1481 1725 1574 pertinet,
1751 1508 1831 1554 cum
1848 1488 2097 1561 necsisautor

54 1632 147 1704 quae
170 1620 293 1676 contra
313 1627 379 1674 nos
398 1613 632 1694 sparguntur,
657 1618 797 1667 necesse
820 1606 873 1663 est
895 1590 1051 1661 remedia
1105 1607 1170 1652 nec
1186 1584 1413 1674 approbator,
1439 1598 1473 1652 et
1490 1609 1570 1653 cum
1587 1607 1643 1653 res
1660 1608 1734 1653 nou
1748 1589 1832 1659 satis
1848 1604 1931 1660 nota
1947 1605 2015 1676 est,
2040 1617 2097 1663 re·

55 1712 184 1781 idonea
204 1705 259 1778 bis
274 1705 405 1777 nostris
421 1702 609 1775 doloribus
623 1695 803 1769 adhibere.
852 1690 1053 1764 Audiamus
1104 1685 1223 1773 gulam
1238 1686 1413 1778 sequaris:
1432 1683 1553 1757 Nolite
1568 1687 1738 1772 iudicare,
1758 1713 1825 1762 nec
1838 1692 2099 1770 iudicabimini.

53 1814 176 1907 itaque
198 1809 363 1903 Apostoli
386 1809 494 1878 verba
519 1807 565 1875 ad
589 1800 752 1872 Galatas:
786 1797 920 1869 Probet
940 1818 1052 1866 unus-

55 1918 207 2011 quisque
222 1937 326 1984 suum
341 1936 448 2003 opus,
473 1921 508 1980 et
528 1908 579 1978 sic
601 1904 695 1997 apud
721 1925 794 1972 sese
814 1899 963 1990 gloriam
989 1891 1050 1967 ba‘-

55 2019 180 2102 behit,
202 2040 276 2087 uon
293 2017 338 2085 ab
357 2014 447 2084 aliis.

161 2133 451 2208 Consolationem
470 2130 581 2221 igitur
597 2123 756 2210 institui,
789 2145 834 2191 ne
853 2116 911 2190 bis
933 2117 1053 2190 crimi-

57 2241 266 2311 nationibus
290 2236 411 2321 lracti,
437 2229 643 2304 existimetis
663 2250 728 2297 vos
743 2221 922 2296 Ecclesiae
943 2221 1054 2292 socic—

57 2358 164 2415 tatem
183 2341 358 2423 amisisse,
384 2360 450 2406 nec
466 2333 581 2405 excuti
598 2330 700 2401 vobis
722 2328 828 2397 fidem
850 2338 887 2396 et
907 2324 1055 2394 invoca-

58 2446 193 2518 tionem
211 2441 353 2525 sinatis‚
381 2437 464 2508 Non
489 2437 644 2517 ferrum,
669 2453 744 2500 non
765 2429 834 2499 tela
857 2427 952 2513 ulla,
977 2450 1053 2495 ma-

60 2549 136 2617 iora
160 2544 307 2614 vulnera
332 2541 370 2610 in
397 2540 503 2610 corde
527 2534 683 2614 faciunt,
717 2555 825 2626 quam
848 2530 931 2600 illae
956 2528 1055 2599 dirae

60 2670 180 2730 voces,
206 2642 342 2715 etiamsi
358 2643 466 2712 falsae
488 2650 591 2722 sunt,
617 2635 656 2704 in
673 2635 804 2728 quibus
821 2632 977 2703 clamant
989 2653 1056 2700 nos

61 2747 240 2820 adversari
256 2745 415 2830 veritati,
438 2756 474 2813 et
490 2739 620 2832 impios
637 2738 753 2809 cultus
768 2734 965 2809 restituere.

162 2882 242 2955 Etsi
269 2882 363 2951 enim
400 2874 616 2949 conscientia
648 2886 762 2944 rectae
795 2868 990 2942 voluntatis
1022 2882 1056 2937 et

59 2989 201 3082 piorum
217 2984 447 3058 consiliorum
464 2980 554 3050 lenit
564 2976 670 3047 nobis
685 2973 915 3058 moesticiam,
936 2987 1054 3042 tamen

61 3103 209 3186 propter
224 3085 403 3159 Ecclesiae
424 3079 694 3153 dilacerationes
716 3077 819 3146 valde
843 3074 1055 3146 cruciamur.

61 3194 283 3284 Quaeramus
300 3188 409 3281 igitur
426 3179 674 3255 convenientia
689 3177 855 3250 remedia.
908 3173 963 3246 Ac
980 3174 1055 3267 pri-

62 3322 161 3367 mum
187 3293 320 3386 populo
342 3303 377 3360 et
403 3288 571 3371 caeteris,
606 3283 667 3376 qui
693 3304 713 3351 s
738 3277 1057 3350 deliberationibus

61 3399 216 3494 publicis
232 3396 381 3477 absunt,
407 3385 493 3460 baec
513 3383 707 3457 consolatio
729 3381 813 3452 satis
837 3380 971 3479 mederi
993 3403 1058 3471 po·

62 3517 147 3584 test,
174 3524 256 3569 suos
272 3498 423 3590 quisque
439 3490 579 3574 oculos,
605 3511 685 3558 suas
703 3508 804 3554 aures
818 3497 920 3553 testes
940 3481 1057 3552 faciat.

62 3603 153 3674 Cum
178 3596 294 3671 adhuc
318 3620 439 3668 vocem
454 3590 639 3682 Evangelii
659 3589 902 3676 incorruptam
926 3584 1059 3668 audiat,

63 3722 98 3779 et
120 3707 238 3776 videat
257 3704 296 3771 in
321 3722 429 3770 coena
453 3693 603 3766 Domini
630 3689 764 3762 nullam
789 3688 866 3758 beri
890 3687 1057 3758 mutatio-

66 3834 169 3891 nem,
195 3830 259 3875 nec
276 3803 369 3875 ullos
386 3799 514 3890 impios
531 3798 647 3867 cultus
670 3793 850 3863 restitutos
871 3814 961 3874 esse,
986 3803 1056 3859 sta·

66 3925 144 3983 tuat
167 3933 240 3978 sese
255 3902 433 3977 Ecclesiae
458 3902 571 3969 civem
597 3919 689 3979 esse,
723 3911 758 3967 et
780 3917 862 3963 vere
884 3916 921 3964 se
945 3888 1057 3961 aDeo

65 4011 248 4095 exaudiri,
273 4023 308 4079 et
330 4019 422 4076 recte
444 4025 481 4074 se
505 3997 633 4072 barum
649 3994 889 4069 Ecclesiarum
912 3994 1059 4065 societa-

66 4132 139 4190 tem
155 4113 262 4185 tueri:
285 4110 368 4205 quia
384 4120 518 4177 certum
537 4118 599 4189 est,
624 4100 676 4171 ibi
694 4124 769 4169 esse
778 4099 844 4170 Ilei
854 4096 1059 4180 Ecclesiam,

65 4218 132 4291 ubi
156 4228 259 4287 sonat
283 4215 489 4299 incorrupta
512 4230 580 4276 vor
597 4201 803 4292 Evangelii,
839 4214 873 4270 et
892 4221 977 4269 usus
993 4197 1060 4269 Sa-

1107 1787 1213 1857 ltem:
1238 1786 1321 1858 Non
1336 1788 1383 1856 sis
1398 1810 1543 1858 susurro
1559 1790 1598 1858 in
1613 1790 1758 1882 populo.

1207 1923 1313 1994 Nunc
1327 1926 1373 1994 de
1388 1924 1491 1996 nobis
1508 1929 1615 1999 etiam
1628 1929 1763 2015 dicam,
1789 1929 1850 2024 qui
1869 1932 2097 2005 deliberatio·

1106 2027 1214 2098 nibus
1232 2027 1472 2098 interfuimus.

1210 2161 1371 2234 Primum
1407 2166 1452 2234 de
1485 2163 1646 2234 doctrina
1677 2178 1711 2235 et
1741 2167 1847 2237 rebus
1881 2170 2100 2267 necessariis,

1107 2290 1181 2335 non
1204 2267 1320 2338 solum
1341 2266 1555 2338 conscientia
1578 2279 1691 2336 rectae
1715 2268 1928 2355 voluntatis,
1962 2284 1996 2342 et
2018 2272 2099 2364 pio·

1108 2394 1188 2439 rum
1219 2368 1470 2454 consiliorum,
1508 2392 1574 2437 nos
1602 2371 1825 2459 consolatur,
1860 2375 1923 2443 sed
1953 2389 2100 2447 eventus

1108 2472 1225 2541 etiam.
1276 2469 1367 2542 Nam
1393 2494 1449 2542 res
1468 2471 1641 2557 ostendit,
1667 2497 1731 2543 nec
1757 2475 1958 2546 doctrinam
1982 2492 2100 2548 muta-

1108 2587 1180 2644 tam
1195 2598 1286 2658 esse,
1311 2600 1377 2644 nec
1391 2599 1496 2645 usum
1512 2573 1832 2651 Sacramentorum.

1210 2708 1280 2778 Hic
1294 2734 1376 2778 cum
1391 2709 1555 2800 publicae
1571 2710 1760 2781 conciones
1784 2725 1819 2782 et
1839 2712 1947 2799 ritus,
1977 2714 2038 2807 qui
2059 2715 2099 2785 in

1108 2812 1231 2884 oculos
1254 2811 1461 2895 incurrunt,
1499 2806 1742 2883 testimonium
1766 2815 1810 2883 de
1834 2814 1940 2884 nobis
1967 2817 2098 2902 dicant,

1108 2914 1333 2984 manifestum
1349 2929 1420 2999 est,
1447 2915 1533 2984 salso
1549 2927 1583 2984 et
1598 2937 1664 2984 nos
1681 2928 1715 2983 et
1730 2910 1794 2985 bas
1808 2912 1983 2988 Ecclesias
1997 2943 2101 2989 accu-

1109 3017 1197 3099 sari,
1223 3040 1263 3085 ac
1286 3016 1315 3084 si
1338 3018 1419 3109 quis
1441 3017 1636 3085 delectatur
1656 3018 1729 3087 illis
1747 3020 1963 3104 mendaciis,
2001 3046 2098 3091 suam

1110 3117 1288 3187 levitatem
1313 3132 1347 3188 et
1370 3118 1655 3187 malevolentiam
1684 3120 1850 3192 declarat.
1915 3120 2100 3207 Diabolus,

1109 3234 1150 3291 ut
1162 3243 1293 3289 nomen
1307 3219 1458 3298 indicat,
1487 3219 1639 3311 impellit
1655 3221 1849 3293 multorum
1874 3223 2029 3306 animos,
2061 3241 2102 3298 ut

1110 3336 1144 3393 et
1159 3335 1293 3407 serant,
1320 3336 1353 3392 et
1370 3322 1473 3391 avide
1489 3322 1638 3392 audiant
1653 3324 1862 3394 calumnias.
1915 3324 1999 3395 ldeo
2025 3352 2101 3397 non

1111 3426 1317 3496 inusitatum
1335 3437 1402 3508 est,
1427 3425 1530 3494 etiam
1556 3424 1740 3496 manifesta
1761 3429 1945 3497 mendacia
1970 3423 2100 3499 babere

1111 3528 1354 3647 applausores,
1395 3550 1484 3621 quae
1512 3541 1630 3619 postea
1661 3551 1808 3619 magnos
1834 3532 2009 3601 tumultus
2042 3556 2101 3603 cr-

1110 3643 1231 3701 crtaut.

1214 3746 1428 3842 Quanquam
1444 3749 1554 3838 igitur
1568 3750 1721 3820 iniuriae
1739 3752 1900 3821 dolorem
1923 3754 2029 3823 nobis
2048 3754 2101 3823 al-

1111 3854 1248 3937 serunt,
1274 3867 1393 3922 tamen
1402 3849 1477 3921 Deo
1494 3852 1604 3921 iudici
1619 3867 1788 3948 utrosque
1801 3857 2103 3939 commendemus,

1112 3968 1146 4025 et
1161 3954 1313 4024 sciamus
1332 3977 1397 4023 nos
1415 3969 1558 4046 propter
1577 3950 1706 4024 horum
1724 3955 1876 4034 iudicia,
1900 3980 1964 4027 uec
1989 3959 2102 4028 socie-

1112 4071 1218 4128 tatem
1232 4052 1409 4127 Ecclesiae
1423 4057 1597 4142 amisisse,
1624 4081 1688 4126 nec
1709 4082 1729 4125 a
1743 4055 1822 4128 Deo
1839 4058 1993 4129 abiectos
2015 4083 2100 4130 esse.

1113 4158 1202 4229 Nam
1226 4154 1343 4227 adbuc
1365 4183 1431 4227 vox
1455 4159 1639 4229 doctrinae
1661 4163 1781 4230 eadem
1807 4174 1878 4246 est,
1916 4176 1951 4232 et
1974 4186 2103 4252 magno

1113 4263 1235 4331 labore
1250 4263 1388 4351 magnis
1403 4262 1570 4351 periculis
1588 4286 1606 4329 a
1621 4263 1726 4332 nobis
1742 4278 1998 4356 propugnatur.

67 4333 334 4393 crementorum
353 4311 532 4402 legitimus
553 4306 746 4386 retinetur,
780 4317 814 4374 et
839 4326 913 4371 non
936 4302 1058 4371 delen-

69 4429 208 4495 duntur
239 4416 469 4511 pertinaciter
502 4410 619 4489 idola,
668 4408 759 4478 sicut
789 4405 959 4498 scriptum
995 4416 1060 4471 est:
1216 4393 1266 4469 At
1279 4398 1554 4469 inconstantiam
1570 4399 1675 4468 nobis
1690 4401 1989 4494 tribuuntaliqui,
2006 4403 2104 4493 quod

68 4525 285 4617 Ubicunque
298 4523 371 4590 duo
387 4530 448 4587 aut
462 4528 534 4584 trcs
550 4511 751 4600 congregati
765 4523 849 4581 sunt
864 4507 901 4576 in
916 4506 1062 4575 nomine
1115 4504 1158 4571 de
1175 4502 1306 4571 vestitu
1322 4514 1355 4569 et
1372 4501 1416 4569 de
1438 4500 1517 4571 aliis
1539 4501 1752 4594 quibusdam
1777 4503 1954 4572 similibus
1976 4502 2104 4573 ritibus

69 4652 171 4710 meo,
195 4627 232 4695 in
252 4623 614 4693 medioenrumsum.
665 4611 800 4683 Lucere
824 4606 1062 4697 autemagni-
1117 4628 1191 4673 non
1204 4604 1422 4675 tumultuoso
1437 4626 1653 4695 pugnamus,
1680 4629 1755 4675 non
1773 4604 1983 4675 minitamur
1997 4603 2104 4672 Prin-

69 4732 206 4804 tionem
227 4727 294 4797 lilii
308 4724 376 4796 Dei
399 4724 438 4791 in
460 4715 518 4789 his
535 4714 722 4793 Ecclesiis,
749 4737 830 4784 cum
849 4713 1063 4783 fundamen·
1116 4707 1254 4799 cipibus
1277 4704 1487 4789 seditiones,
1511 4729 1585 4776 nou
1608 4706 1772 4776 iubemus
1792 4706 1906 4776 deseri
1919 4702 2109 4790 Ecclesias,

68 4851 148 4906 tum
163 4845 256 4901 recte
273 4839 453 4908 teneatur,
478 4844 552 4891 non
567 4818 717 4888 dubium
734 4829 798 4887 est.
1117 4811 1239 4880 dicunt
1255 4803 1313 4875 bis
1328 4805 1440 4876 initiis
1455 4807 1652 4891 servitutis,
1673 4809 1763 4879 strui
1775 4808 1923 4878 insidias
1938 4810 2083 4901 populo.

174 4953 278 5025 Hanc
293 4946 573 5022 consolationem
589 4942 742 5033 Populu⁸
756 4950 901 5021 lentat,
936 4951 1064 5009 01⁰0ss
1223 4943 1264 5013 ln
1280 4938 1346 5013 bac
1361 4943 1611 5015 criminatione
1625 4943 1771 5034 plausus
1786 4957 1822 5014 et
1834 4943 1952 5015 studia
1975 4940 2107 5015 babent

70 5070 270 5151 aucupetur
290 5052 437 5124 fabellas
457 5062 493 5120 et
515 5043 729 5126 calumnie&
753 5065 844 5135 (1113ε
860 5053 983 5111 ⁶⁰¹¹lr²
1001 5033 1066 5107 ¹¹³⁸
1118 5045 1370 5119 multitudinis.
1411 5043 1482 5117 Sed
1498 5061 1617 5119 nostra
1631 5045 1791 5114 defensio
1808 5047 1846 5114 in
1862 5041 1928 5117 hac
1944 5071 1981 5117 re
1996 5043 2109 5118 bone-

69 5159 248 5235 Eccletiat
263 5167 495 5251 sparguntur,
519 5162 559 5221 1¹l
575 5143 910 5226 ⁸⁰¹¹1¹¹¹¹¹ffileve⁸s
935 5141 1066 5234 ‘1¹¹le
1118 5149 1290 5223 stisssima
1303 5161 1365 5221 est.
1416 5143 1494 5221 Etsi
1511 5162 1605 5220 tanta
1624 5159 1676 5217 est
1692 5148 1824 5218 malitia
1842 5149 1961 5240 vulgi,
1987 5164 2026 5220 ut
2051 5150 2108 5219 ni·

73 5262 253 5356 voluptati
267 5271 336 5343 est,
362 5253 521 5327 convicia
541 5252 655 5341 legere
668 5261 703 5318 et
718 5246 856 5318 audire·
1120 5248 1172 5324 hil
1195 5252 1326 5321 mirum
1345 5251 1391 5322 sit
1410 5254 1664 5342 gubernatores
1686 5250 1732 5319 de
1756 5273 1796 5320 ea
1817 5252 1989 5323 frenanda
2011 5253 2110 5341 cogi-

180 5372 494 5473 SempcrEoclesia
509 5370 618 5440 variis
634 5366 752 5438 modis
766 5372 1007 5456 oppugnatur,
1033 5374 1069 5432 et
1118 5370 1213 5440 tare,
1244 5367 1280 5425 et
1302 5366 1419 5438 vetera
1437 5353 1646 5443 disciplinae
1669 5353 1810 5423 vincula
1834 5355 2031 5446 requirere,
2057 5368 2111 5423 ta-

74 5484 242 5560 diabolus
277 5481 490 5552 labefactare
522 5474 630 5542 tidem
663 5484 699 5543 et
732 5465 996 5539 invocationem
1029 5464 1068 5532 in
1119 5482 1201 5531 men
1216 5481 1283 5528 nos
1298 5456 1336 5524 in
1350 5450 1417 5526 bac
1431 5454 1687 5527 deliberatione
1697 5470 2004 5548 optaremusmmc
2014 5481 2112 5531 moe·

131 5585 316 5659 Mensura.
344 5585 449 5653 Orsa.
477 5578 561 5644 Ver..
589 5576 651 5642 xl.
1407 5554 1458 5629 54
