4664 6022
132 288 208 368 487
291 308 296 315 ·
621 278 783 360 DECL
820 277 900 358 DE
929 270 1684 363 RESTITUENDISSCHOLlS.
1987 272 1992 279 ’
2102 290 2169 370 lta

132 470 210 543 litia
223 492 298 539 nou
314 464 476 537 concedit
493 460 594 534 vobis
615 461 751 546 ocium,
776 458 837 529 sed
856 459 1012 552 postulat
1029 482 1127 535 acer·
1179 448 1304 523 divina
1317 476 1385 545 ope
1399 452 1600 525 crudelitati
1616 455 1800 527 cuiusdam
1817 460 2013 533 neviuimi
2030 470 2167 561 tyranni

132 574 265 645 rimum
285 569 445 641 studium
466 564 726 658 cognoscendae
751 560 911 633 eoelestis
935 550 1127 648 doctrinae,
1180 560 1359 648 ereptum,
1385 554 1446 649 qui
1470 579 1545 642 me,
1570 581 1650 627 cum
1668 562 1842 654 quaedam
1861 578 1976 637 errata
1991 566 2167 642 dominae

133 675 270 766 flagitat
291 673 450 744 animum
477 693 553 740 non
584 665 748 751 mollem,
776 688 852 733 non
874 665 1126 737 detrectantem
1178 652 1443 729 Ecclesiastieae
1475 659 1661 732 manifesta
1688 674 1878 752 taxassem,
1908 666 1980 738 ia'm
2013 669 2165 743 vinctum

134 775 338 851 certamina.
397 771 494 844 Haec
518 785 559 844 ut
580 792 682 861 saepe
709 768 933 862 multumque
958 767 1127 859 cogitetis,
1179 760 1398 841 adservabat,
1425 773 1460 831 et
1473 760 1589 831 diram
1601 785 1723 834 necem
1738 760 1828 836 milri
1841 767 2061 847 minabatur,
2095 768 2165 846 Etsi

135 904 197 953 vos
218 879 324 950 etiam
348 889 454 969 atque
477 874 582 944 etiarn
604 866 795 954 adhortor,
823 883 864 940 ut
887 868 1042 940 officium
1065 894 1127 940 ve·
1179 876 1297 934 autem
1312 875 1432 955 postea
1446 861 1569 934 multis
1582 865 1751 956 periculis
1765 870 1989 945 conflictatus
2005 896 2097 960 sum,
2119 886 2164 946 t'a-

135 997 247 1055 strum
274 991 366 1051 recte
389 974 612 1066 intelligatis,
649 988 684 1043 et
707 970 902 1061 agnoscatis
925 973 1027 1049 vobis
1050 997 1126 1043 non
1180 988 1260 1035 men
1282 988 1338 1035 res
1359 965 1434 1057 ipsa
1456 967 1630 1053 ostendit,
1661 965 1778 1039 Deum
1802 994 1886 1044 vere
1904 969 1997 1044 mihi
2019 976 2165 1049 adfuisse

135 1086 213 1156 leve
230 1104 360 1152 munus
380 1078 491 1151 aDeo
513 1074 720 1147 mandatum
738 1096 831 1155 esse,
857 1098 989 1169 vosque
1012 1075 1050 1143 in
1067 1100 1128 1145 ex·
1180 1068 1305 1138 ducem
1336 1067 1374 1136 in
1400 1066 1472 1137 illie
1502 1068 1618 1160 longis
1646 1073 2013 1163 peregrinationibus,
2047 1100 2165 1175 meque

135 1203 248 1260 tremo
281 1182 414 1253 iudicio
447 1179 687 1272 spectantibus
719 1176 887 1247 omnibus
919 1172 1127 1248 hominibus
1179 1169 1370 1239 clementer
1391 1191 1563 1257 tervosse,
1587 1185 1629 1244 ut
1651 1195 1774 1264 spero,
1800 1177 1844 1247 ad
1867 1178 2034 1274 aliquam.
2049 1177 2163 1252 Eccle-

134 1304 239 1384 atque
250 1281 408 1376 Angelis,
429 1282 604 1353 rationem
618 1277 858 1350 administrati
873 1279 1032 1350 muneris
1045 1281 1127 1350 red·
1178 1271 1248 1342 siae
1271 1271 1473 1346 utilitatem·
1981 1368 1984 1373 Ι

135 1392 272 1463 dituros
289 1409 383 1458 esses
408 1385 471 1456 ubi
488 1385 593 1456 etiam
608 1378 666 1453 hic
680 1393 800 1452 noster
814 1382 904 1453 latro
920 1381 1016 1452 inter
1031 1381 1127 1452 iudi·
1281 1370 1443 1443 Primum
1466 1398 1507 1444 ex
1522 1375 1634 1467 patria
1652 1376 1855 1460 discedens,
1880 1380 1965 1450 'veni
1979 1382 2020 1452 in
2036 1378 2163 1455 Acade·

134 1515 191 1565 ces
203 1489 386 1572 assidebit,
413 1501 448 1557 et
463 1501 626 1558 strenuos
640 1484 771 1553 milites
786 1478 929 1553 Christo
948 1508 1124 1553 commen·
1179 1475 1288 1544 miam
1304 1473 1526 1556 Saxonlfflm,
1553 1500 1594 1547 ²⁰
1608 1492 1780 1570 ῑθῐῐψθῐθ,
1805 1504 1877 1574 (1¹¹⁰
1893 1506 2019 1554 omn&
2033 1485 2163 1556 articuli

134 1594 254 1678 dabit,
282 1593 326 1661 de
342 1589 478 1680 ignavis
493 1613 533 1658 ac
548 1585 785 1657 desertoribus
804 1586 1017 1677 supplicium
1033 1587 1126 1657 sumi
1180 1576 1362 1647 doctrinae
1387 1577 1656 1668 diligentissime
1680 1581 1973 1673 disputabantur,
2003 1586 2070 1657 ubi
2088 1610 2164 1657 con-

134 1709 241 1791 peeee,
284 1691 404 1781 Quare
420 1714 516 1761 nune
531 1691 611 1761 dete
626 1712 769 1779 operam
784 1688 1040 1773 adolescentes,
1065 1688 1128 1782 qui
1180 1678 1366 1748 suetudine
1378 1680 1600 1750 eruditorum
1613 1681 1793 1769 excitatus,
1809 1685 1922 1756 multo
1936 1687 2076 1758 maiore
2089 1710 2164 1759 cura
2202 1746 2204 1783 :

135 1796 244 1870 huius
271 1793 440 1885 Signiferi
474 1809 617 1887 tyrones
648 1790 751 1875 estis,
786 1803 826 1859 ut
852 1812 915 1859 vos
940 1790 1129 1880 diligenter
1180 1780 1339 1850 conferre
1356 1781 1519 1871 dogmata
1543 1783 1653 1871 coepi·
1705 1782 1830 1855 Postea
1847 1780 2076 1859 Britanniam
2091 1790 2166 1877 adli,

135 1898 324 1972 exerceatis
348 1920 387 1966 ac
419 1893 634 1987 praeparetis
658 1894 813 1961 advera
842 1893 1054 1974 certamina,
1090 1894 1127 1963 in
1180 1882 1244 1952 ubl
1267 1895 1301 1951 et
1323 1884 1428 1952 docui
1451 1884 1662 1976 aliquandiu
1686 1884 1725 1954 in
1746 1884 1958 1975 Academia,
1988 1904 2028 1963 et
2051 1914 2166 1965 rursus

135 2027 206 2098 quo
228 1998 378 2091 gloriam
394 1991 529 2069 Christi
551 1995 734 2089 aliquanto
758 2007 837 2086 post
856 1993 1049 2067 defendere
1065 2018 1128 2065 vos
1179 2007 1259 2055 cum
1273 1980 1317 2053 iis
1333 1984 1395 2078 qui
1408 1984 1585 2057 excellunt
1598 1986 1810 2074 eruditione,
1834 1986 1878 2059 de
1895 1988 2166 2065 doctriuaChri·

135 2102 325 2199 oportebit.
374 2095 483 2169 Hune
505 2093 677 2197 honorem
692 2093 789 2168 Deus
807 2095 963 2184 flagitat,
988 2110 1030 2168 ut
1049 2094 1126 2168 heri
1178 2085 1293 2157 ³5³⁰&
1309 2083 1503 2157 t⁰l¹0ffllss⁸
1521 2110 1599 2157 ⁸⁰¹1·
1614 2103 1787 2162 accurate·
1839 2088 1975 2186 Estque
1992 2108 2165 2187 pertpotta

134 2208 174 2277 in
191 2201 372 2278 versiculis
387 2199 596 2299 significavi:
1178 2210 1256 2258 mea
1270 2210 1371 2257 mens
1385 2188 1423 2257 in
1440 2211 1479 2257 ea
1494 2186 1609 2259 insula
1625 2192 1887 2280 praestantibus
1900 2194 2001 2280 viris,
2026 2192 2166 2288 Episco-

236 2310 317 2376 Vult
335 2311 498 2373 adsertores
518 2308 644 2373 laudum
655 2329 712 2370 nos
728 2330 791 2370 esse
805 2328 938 2387 suarum,
1177 2314 1225 2384 P⁰
1242 2286 1508 2372 Cassluafiemla
1532 2288 1712 2362 Lflllmeffl
1727 2306 1762 2363 Εἴ
1776 2293 1868 2364 alil&
1916 2291 2087 2392 Cumque
2104 2298 2165 2369 liti!

285 2410 382 2499 quue
398 2417 493 2496 magu
506 2416 623 2496 poscit,
651 2432 835 2495 quamnove
852 2410 941 2473 rhum
954 2407 1050 2473 Deus.
1178 2391 1333 2462 defessus
1364 2403 1417 2466 tot
1443 2392 1807 2484 peregrinationibus,
1837 2396 1938 2490 qnasi
1961 2398 2005 2467 in
2032 2412 2160 2492 portam

579 2502 676 2580 nixi,
1178 2493 1374 2579 venissem,
1393 2515 1606 2587 manereque
1621 2496 1672 2565 ibi
1688 2498 1931 2585 decrevissem,
1955 2522 2041 2572 ecce
2054 2522 2164 2575 rursus

1179 2596 1358 2688 prodeunt
1398 2595 1615 2666 atrocissima
1657 2598 1770 2670 edicta
1809 2613 1934 2672 contra
1972 2602 2165 2675 doctrinan

1178 2692 1376 2786 Evangelii.
1418 2696 1542 2790 ltaque
1559 2720 1640 2767 earm
1658 2713 1720 2771 aut
1733 2702 1917 2773 subeunda
1934 2719 2030 2777 esset
2043 2704 2166 2798 impio·

154 2857 186 2927 N
236 2856 287 2928 62
603 2850 606 2855 .
962 2876 999 2916 an
1031 2856 1115 2919 154⁰
1179 2822 1259 2869 rum
1275 2797 1483 2882 crudelitas,
1508 2810 1570 2869 aut
1587 2800 1805 2883 cedendum,
1831 2818 1972 2875 secutus
1989 2828 2074 2876 sum
2090 2830 2167 2877 cor·

142 2883 315 2983 ,22⁶2
957 2898 1128 2973 ἀψὲ
1178 2898 1298 2968 silium
1321 2898 1516 2970 multorum
1537 2900 1716 2971 honorum
1738 2904 1917 2992 virorum,
1943 2907 2010 3001 qui
2033 2902 2165 2978 etmihi

1178 3014 1213 3073 et
1227 3000 1305 3070 aliis
1319 3000 1399 3092 piis,
1423 3001 1485 3095 qui
1501 2998 1616 3093 p'alam
1633 3003 1888 3079 dissentiebant
1899 3010 1946 3079 ab
1959 3009 2040 3080 illis
2055 3012 2163 3083 dure·

335 3056 411 3140 De
440 3050 736 3140 mmm&
757 3055 931 3140 mmm·
1179 3104 1222 3176 tis
1235 3101 1406 3193 sanguiue
1419 3103 1571 3196 scriptis,
1597 3099 1797 3176 hortatores
1813 3122 1931 3194 erant,
1956 3124 2000 3182 ut
2016 3112 2159 3183 discede·

203 3232 648 3356 apusoruotppotosqq„
672 3230 1126 3302 rnu„1,m.e.r,1.p.5n,‚;,
1176 3228 1305 3277 remus.
1356 3202 1464 3276 Redii
1480 3205 1590 3295 igitur
1607 3206 1646 3275 in
1662 3204 1894 3279 Germaniam
1912 3214 1958 3281 ad
1976 3208 2164 3286 easliotla·

236 3306 359 3362 servus.
373 3303 407 3361 Τ·
434 3301 552 3375 ·Ρ·459·
568 3312 595 3355 ²¹
611 3319 654 3372 ψ·
667 3300 797 3357 nicaea.
810 3301 844 3357 Τ·
856 3302 876 3359 ¹·
896 3301 990 3373 ΜΠ·
1177 3307 1267 3393 sias,
1293 3329 1374 3377 cum
1390 3307 1521 3401 quibus
1537 3308 1669 3380 sentire
1685 3334 1742 3380 sne
1754 3313 1940 3402 pmliteor,
1964 3338 2064 3409 quae
2084 3314 2165 3385 milti

134 3459 1127 3655 resurreturastrenua
1176 3403 2168 3605 ustaanzeaamra

263 3664 592 3763 francofordiam
613 3666 665 3737 ,a
680 3662 851 3739 oderam·
886 3664 1000 3741 1⁵4⁰·
1176 3636 1278 3785 {aaz
1299 3608 1651 3786 ‘Attulit‘
1667 3618 2168 3810 atll‘t'23l‘atll:

135 3810 192 3898 Ut
215 3818 348 3891 Paulus
362 3817 496 3912 inquit:
530 3812 679 3884 Incertis
701 3837 870 3904 vagamur
890 3815 1054 3898 sedibus,
1079 3817 1127 3887 ita
1176 3808 1315 3889 Deinde
1329 3809 1420 3883 mihi
1438 3813 1701 3889 lllustrissimus
1716 3815 1885 3914 Princeps
1901 3819 2075 3896 Mae-chio
2090 3820 2168 3897 me.

134 3920 294 3997 Ecclesia
309 3944 392 3991 vera
404 3914 540 3990 Christi
567 3915 684 3986 exulat
709 3915 747 3985 iu
769 3911 840 3986 hoc
861 3918 1016 4001 mundo,
1042 3941 1128 3988 nus-
1177 3932 1254 3989 ctor
1272 3918 1390 3988 locum
1417 3918 1455 3987 in
1471 3913 1793 3992 Academiavestra
1815 3923 2010 3997 clementer
2033 3924 2167 4007 tribuit,

136 4050 244 4122 ιιιιιιιι
262 4036 393 4094 certam
408 4044 449 4091 ac
464 4018 664 4091 durabilem
680 4019 799 4089 sedern
815 4014 939 4090 habet:
964 4020 1129 4092 diabolus
1176 4045 1216 4091 ac
1230 4043 1363 4090 munus
1377 4020 1641 4092 commendavit
1659 4046 1698 4092 re
1710 4023 1785 4114 ipsa
1807 4024 2096 4117 amplissimum,
2116 4028 2169 4099 vi·

137 4128 235 4199 enim
249 4125 334 4196 odio
356 4122 420 4192 lilii
435 4121 503 4192 Dei
520 4119 677 4193 incendit
695 4120 830 4216 ubique
847 4120 975 4216 impios
990 4123 1033 4192 ad
1051 4147 1127 4192 earn
1176 4123 1323 4208 delicet,
1371 4120 1554 4193 doctrinae
1588 4118 1852 4197 Ecclesiastieae
1884 4129 2168 4220 explicationem.

137 4229 338 4325 pellendam
356 4239 390 4295 et
407 4223 659 4315 dissipandam.
711 4220 763 4293 lta
787 4247 942 4295 summos
962 4224 1044 4294 illos
1063 4218 1128 4294 he·
1175 4222 1273 4294 Haec
1296 4248 1337 4292 eo
1359 4224 1655 4305 commemoravi,
1681 4239 1722 4296 ut
1743 4228 1833 4298 sicut
1856 4229 2034 4323 meipsum
2067 4232 2169 4305 aeria

137 4355 238 4415 roas,
265 4322 467 4411 Abraham,
499 4323 624 4406 lacob,
656 4322 827 4421 Moysen,
858 4320 977 4397 hostes
995 4328 1128 4417 fugere,
1178 4348 1336 4396 mearum
1350 4348 1601 4397 aerumnarum
1615 4339 1650 4397 et
1667 4329 1780 4398 exitus
1794 4344 1957 4417 movent,
1978 4345 2023 4405 nt
2037 4331 2169 4409 divini.

137 4454 306 4530 quaerere
321 4430 390 4500 alia
405 4424 558 4519 hospitia
570 4424 697 4516 legitis.
748 4423 921 4498 Davidem
938 4441 972 4498 et
986 4425 1126 4498 Heliam
1176 4440 1233 4499 tus
1247 4451 1303 4496 me
1318 4440 1495 4498 servatum
1510 4451 1583 4497 esse
1600 4430 1645 4498 ad
1660 4429 1816 4522 aliquam
1829 4427 2010 4506 Ecclesiae
2031 4436 2169 4509 utine..

137 4536 198 4607 vix
214 4545 368 4604 remotae
390 4528 618 4613 solitudines,
641 4541 677 4598 et
688 4550 811 4622 specus
824 4531 863 4599 in
887 4529 979 4600 saxis
999 4531 1127 4601 adver·
1175 4542 1246 4600 tem
1266 4528 1481 4614 existimem,
1506 4530 1555 4600 ita
1572 4544 1606 4601 et
1619 4554 1683 4601 vos
1697 4531 1788 4601 bene
1802 4546 1837 4603 et
1857 4550 2022 4608 amanter
2039 4540 2089 4609 de
2103 4532 2167 4611 he-

139 4660 198 4710 sus
219 4649 389 4729 tyrannos
405 4644 579 4702 texerunt.
632 4626 795 4723 Apostoli
817 4646 892 4704 toto
909 4632 995 4701 orbe
1017 4647 1127 4703 terra·
1176 4631 1266 4728 spite
1287 4630 1463 4717 sentiatis,
1493 4655 1559 4702 nee
1579 4655 1636 4702 me
1663 4647 1810 4725 propter
1830 4635 1977 4707 exilium
2001 4662 2168 4735 asperne-

137 4762 218 4809 rum
239 4747 421 4827 vagantur.
473 4731 553 4825 lpse
573 4733 677 4804 etiarn
702 4732 817 4805 Filius
831 4731 899 4804 Dei
921 4732 1067 4803 veniens
1089 4735 1127 4803 in
1176 4733 1278 4804 mini.
1329 4728 1515 4804 Laudatur
1537 4748 1638 4805 vetus
1659 4730 1855 4807 Germania
1876 4752 2027 4832 propter
2048 4743 2167 4835 singu·

138 4836 424 4911 huncmundum
443 4859 484 4905 ex
499 4834 642 4908 coelesti
661 4836 793 4927 patria,
818 4836 959 4906 exulare
982 4859 1019 4905 se
1038 4835 1128 4907 iate·
1175 4837 1286 4908 larem
1323 4835 1429 4903 fidem
1461 4847 1496 4905 et
1527 4831 1803 4922 humanitatem,
1843 4863 1913 4932 qua
1946 4842 2112 4936 excipere
2132 4856 2165 4915 et

139 4956 216 5027 tur,
242 4962 321 5010 curn
338 4940 402 5010 ait:
429 4934 544 5011 Filius
569 4933 727 5008 hominis
746 4932 961 5024 nonhabet,
987 4936 1052 5007 ubi
1069 4962 1128 5009 ea·
1174 4954 1290 5028 tegere
1312 4930 1468 5027 hospites
1489 4938 1592 5009 solita
1616 4950 1679 5009 est.
1730 4935 1778 5010 Et
1791 4962 1855 5009 vos
1876 4943 2038 5015 arbitmr
2056 4940 2167 5019 adhuc

139 5055 204 5138 put
224 5040 381 5114 reclinet.
432 5039 554 5131 Quare
575 5040 712 5113 etiamsi
732 5040 776 5110 de
790 5038 954 5111 exulibus
975 5041 1128 5130 graviter
1175 5039 1328 5111 retinere
1344 5038 1541 5130 plurimum
1556 5041 1691 5132 priscae
1707 5055 1741 5112 et
1755 5043 1921 5135 antiquae
1938 5045 2102 5137 virtutis,
2124 5046 2162 5118 ad

140 5144 309 5237 suspicari
326 5139 489 5214 homines
506 5143 633 5225 solent,
658 5154 778 5215 tamen
792 5137 1014 5214 Christianos
1029 5166 1127 5241 corn·
1175 5163 1282 5238 quarn
1300 5142 1464 5211 accedere
1479 5141 1584 5211 etiarn
1601 5142 1712 5234 pietas
1725 5144 1841 5214 debet.

139 5271 284 5319 munem
311 5242 489 5317 Ecclesiae
519 5246 700 5318 fortunam
727 5243 881 5335 cogitare
912 5247 1028 5330 decet,
1060 5269 1127 5316 nec
1276 5240 1469 5334 Praecipue
1483 5255 1600 5314 autem
1622 5237 1692 5314 hoc
1712 5244 1867 5315 osticium
1883 5241 2055 5321 Christus
2068 5248 2160 5341 llagi·

139 5351 284 5422 exilium
305 5349 398 5421 inter
417 5348 546 5441 pmbra
565 5350 711 5428 ducere,
737 5345 768 5417 si
781 5368 885 5418 causa
898 5347 945 5420 sit
967 5340 1125 5420 honesta.
1173 5358 1243 5430 tat,
1269 5358 1309 5416 ut
1325 5368 1385 5415 eos
1399 5344 1462 5440 qni
1478 5358 1653 5436 vagantur
1666 5347 1721 5414 vel
1737 5346 1907 5432 docendi,
1931 5351 1990 5420 vel
2006 5348 2157 5424 distendi

141 5450 271 5526 Fateor
290 5475 346 5522 me
368 5450 437 5521 iam
458 5473 572 5522 anuos
593 5465 672 5524 orto
694 5448 815 5522 abesse
835 5473 857 5523 a
876 5448 1012 5543 patria,
1043 5471 1126 5520 vere
1172 5442 1361 5538 Evangelii
1384 5469 1506 5534 causa,
1537 5447 1665 5518 caeteri
1693 5461 1856 5520 amanter
1875 5453 2155 5546 complectantur,
