<?xml version="1.0" encoding="UTF-8"?>
<!DOCTYPE html PUBLIC "-//W3C//DTD XHTML 1.0 Transitional//EN"
    "http://www.w3.org/TR/xhtml1/DTD/xhtml1-transitional.dtd">
<html xmlns="http://www.w3.org/1999/xhtml" xml:lang="en" lang="en">
 <head>
  <title>
</title>
<meta http-equiv="Content-Type" content="text/html;charset=utf-8" />
  <meta name='ocr-system' content='tesseract 3.04.00' />
  <meta name='ocr-capabilities' content='ocr_page ocr_carea ocr_par ocr_line ocrx_word'/>
</head>
<body>
  <div class='ocr_page' id='page_1' title='image "./philippimelanth00bretgoog_0309.png"; bbox 0 0 4664 6022; ppageno 0'>
   <div class='ocr_carea' id='block_1_1' title="bbox 144 301 2174 432">
    <p class='ocr_par' dir='ltr' id='par_1_1' title="bbox 144 301 2174 432">
     <span class='ocr_line' id='line_1_1' title="bbox 144 301 2174 432; baseline -0.002 -42"><span class='ocrx_word' id='word_1_1' title='bbox 144 316 220 391; x_wconf 71' lang='lat'>599</span> <span class='ocrx_word' id='word_1_2' title='bbox 701 309 864 388; x_wconf 89' lang='lat' dir='ltr'>DECL.</span> <span class='ocrx_word' id='word_1_3' title='bbox 911 310 984 388; x_wconf 87' lang='lat' dir='ltr'>DE</span> <span class='ocrx_word' id='word_1_4' title='bbox 1022 308 1306 432; x_wconf 73' lang='lat' dir='ltr'>encausta</span> <span class='ocrx_word' id='word_1_5' title='bbox 1341 308 1603 391; x_wconf 82' lang='lat' dir='ltr'>CHRISTI.</span> <span class='ocrx_word' id='word_1_6' title='bbox 1985 301 1988 306; x_wconf 65' lang='grc'><strong>’</strong></span> <span class='ocrx_word' id='word_1_7' title='bbox 2100 310 2174 386; x_wconf 79' lang='grc'>600</span> 
     </span>
    </p>
   </div>
   <div class='ocr_carea' id='block_1_2' title="bbox 141 478 2212 5584">
    <p class='ocr_par' dir='ltr' id='par_1_2' title="bbox 141 478 2212 5584">
     <span class='ocr_line' id='line_1_2' title="bbox 146 478 2176 580; baseline -0.003 -21"><span class='ocrx_word' id='word_1_8' title='bbox 146 491 326 576; x_wconf 89' lang='lat' dir='ltr'>doctrina,</span> <span class='ocrx_word' id='word_1_9' title='bbox 358 489 486 580; x_wconf 90' lang='lat' dir='ltr'>pietate</span> <span class='ocrx_word' id='word_1_10' title='bbox 514 503 547 559; x_wconf 92' lang='lat' dir='ltr'>et</span> <span class='ocrx_word' id='word_1_11' title='bbox 576 487 724 557; x_wconf 90' lang='lat' dir='ltr'>virtute:</span> <span class='ocrx_word' id='word_1_12' title='bbox 757 511 909 573; x_wconf 79' lang='lat' dir='ltr'>qarorum</span> <span class='ocrx_word' id='word_1_13' title='bbox 937 487 1136 570; x_wconf 88' lang='lat' dir='ltr'>autoritate,</span> <span class='ocrx_word' id='word_1_14' title='bbox 1185 478 1397 556; x_wconf 83' lang='lat' dir='ltr'>testimoniis</span> <span class='ocrx_word' id='word_1_15' title='bbox 1419 485 1600 556; x_wconf 90' lang='lat' dir='ltr'>doctrinae</span> <span class='ocrx_word' id='word_1_16' title='bbox 1621 487 1765 557; x_wconf 88' lang='lat' dir='ltr'>irruunt</span> <span class='ocrx_word' id='word_1_17' title='bbox 1787 485 1827 555; x_wconf 90' lang='lat' dir='ltr'>in</span> <span class='ocrx_word' id='word_1_18' title='bbox 1848 480 2045 567; x_wconf 84' lang='lat' dir='ltr'>Ecclesiss,</span> <span class='ocrx_word' id='word_1_19' title='bbox 2079 497 2176 554; x_wconf 83' lang='lat' dir='ltr'>etex</span> 
     </span>
     <span class='ocr_line' id='line_1_3' title="bbox 148 588 2106 680; baseline 0 -19"><span class='ocrx_word' id='word_1_20' title='bbox 148 593 278 676; x_wconf 82' lang='lat' dir='ltr'>officio,</span> <span class='ocrx_word' id='word_1_21' title='bbox 304 607 338 661; x_wconf 88' lang='lat' dir='ltr'>et</span> <span class='ocrx_word' id='word_1_22' title='bbox 350 591 546 680; x_wconf 71' lang='lat' dir='ltr'>diligentia,</span> <span class='ocrx_word' id='word_1_23' title='bbox 572 603 606 660; x_wconf 91' lang='lat' dir='ltr'>et</span> <span class='ocrx_word' id='word_1_24' title='bbox 623 590 882 660; x_wconf 88' lang='lat' dir='ltr'>sanctissimum</span> <span class='ocrx_word' id='word_1_25' title='bbox 899 589 1136 659; x_wconf 90' lang='lat' dir='ltr'>ministerium</span> <span class='ocrx_word' id='word_1_26' title='bbox 1185 612 1258 659; x_wconf 90' lang='lat' dir='ltr'>sese</span> <span class='ocrx_word' id='word_1_27' title='bbox 1271 588 1422 677; x_wconf 89' lang='lat' dir='ltr'>gignunt</span> <span class='ocrx_word' id='word_1_28' title='bbox 1436 613 1477 658; x_wconf 92' lang='lat' dir='ltr'>ac</span> <span class='ocrx_word' id='word_1_29' title='bbox 1490 603 1660 680; x_wconf 86' lang='lat' dir='ltr'>spargunt</span> <span class='ocrx_word' id='word_1_30' title='bbox 1673 588 1861 680; x_wconf 89' lang='lat' dir='ltr'>opiniones</span> <span class='ocrx_word' id='word_1_31' title='bbox 1877 602 1910 658; x_wconf 92' lang='lat' dir='ltr'>et</span> <span class='ocrx_word' id='word_1_32' title='bbox 1927 591 2106 678; x_wconf 75' lang='lat' dir='ltr'>dogmata.</span> 
     </span>
     <span class='ocr_line' id='line_1_4' title="bbox 147 686 2174 785; baseline -0.004 -21"><span class='ocrx_word' id='word_1_33' title='bbox 147 691 344 777; x_wconf 78' lang='lat' dir='ltr'>Ecclesiae,</span> <span class='ocrx_word' id='word_1_34' title='bbox 367 707 400 763; x_wconf 92' lang='lat' dir='ltr'>et</span> <span class='ocrx_word' id='word_1_35' title='bbox 423 692 603 784; x_wconf 89' lang='lat' dir='ltr'>publicum</span> <span class='ocrx_word' id='word_1_36' title='bbox 628 692 816 762; x_wconf 90' lang='lat' dir='ltr'>consilium</span> <span class='ocrx_word' id='word_1_37' title='bbox 830 690 1064 784; x_wconf 81' lang='lat' dir='ltr'>Reipublicae</span> <span class='ocrx_word' id='word_1_38' title='bbox 1078 717 1136 761; x_wconf 89' lang='lat' dir='ltr'>re-</span> <span class='ocrx_word' id='word_1_39' title='bbox 1287 686 1467 759; x_wconf 80' lang='lat' dir='ltr'>llae&#39;sunt</span> <span class='ocrx_word' id='word_1_40' title='bbox 1489 715 1631 775; x_wconf 87' lang='lat' dir='ltr'>causae,</span> <span class='ocrx_word' id='word_1_41' title='bbox 1657 705 1696 761; x_wconf 91' lang='lat' dir='ltr'>ut</span> <span class='ocrx_word' id='word_1_42' title='bbox 1716 713 1782 780; x_wconf 93' lang='lat' dir='ltr'>ego</span> <span class='ocrx_word' id='word_1_43' title='bbox 1795 690 1941 785; x_wconf 89' lang='lat' dir='ltr'>quidem</span> <span class='ocrx_word' id='word_1_44' title='bbox 1957 688 2099 771; x_wconf 87' lang='lat' dir='ltr'>iudico,</span> <span class='ocrx_word' id='word_1_45' title='bbox 2123 709 2174 756; x_wconf 88' lang='lat' dir='ltr'>sa·</span> 
     </span>
     <span class='ocr_line' id='line_1_5' title="bbox 150 783 2172 887; baseline -0.003 -25"><span class='ocrx_word' id='word_1_46' title='bbox 150 797 260 885; x_wconf 88' lang='lat' dir='ltr'>gitur,</span> <span class='ocrx_word' id='word_1_47' title='bbox 286 810 320 864; x_wconf 93' lang='lat' dir='ltr'>et</span> <span class='ocrx_word' id='word_1_48' title='bbox 339 794 480 880; x_wconf 87' lang='lat' dir='ltr'>literae,</span> <span class='ocrx_word' id='word_1_49' title='bbox 506 818 546 864; x_wconf 93' lang='lat' dir='ltr'>ac</span> <span class='ocrx_word' id='word_1_50' title='bbox 567 796 681 864; x_wconf 88' lang='lat' dir='ltr'>bonae</span> <span class='ocrx_word' id='word_1_51' title='bbox 701 808 792 865; x_wconf 89' lang='lat' dir='ltr'>artes</span> <span class='ocrx_word' id='word_1_52' title='bbox 805 817 928 865; x_wconf 88' lang='lat' dir='ltr'>omues</span> <span class='ocrx_word' id='word_1_53' title='bbox 943 793 1009 866; x_wconf 88' lang='lat' dir='ltr'>Dei</span> <span class='ocrx_word' id='word_1_54' title='bbox 1028 796 1136 866; x_wconf 89' lang='lat' dir='ltr'>bene-</span> <span class='ocrx_word' id='word_1_55' title='bbox 1186 792 1231 863; x_wconf 89' lang='lat' dir='ltr'>tis</span> <span class='ocrx_word' id='word_1_56' title='bbox 1253 814 1374 880; x_wconf 85' lang='lat' dir='ltr'>graves</span> <span class='ocrx_word' id='word_1_57' title='bbox 1400 806 1433 862; x_wconf 90' lang='lat' dir='ltr'>et</span> <span class='ocrx_word' id='word_1_58' title='bbox 1456 816 1619 882; x_wconf 85' lang='lat' dir='ltr'>magnae,</span> <span class='ocrx_word' id='word_1_59' title='bbox 1645 817 1753 887; x_wconf 87' lang='lat' dir='ltr'>quare</span> <span class='ocrx_word' id='word_1_60' title='bbox 1776 794 1814 862; x_wconf 93' lang='lat' dir='ltr'>in</span> <span class='ocrx_word' id='word_1_61' title='bbox 1831 788 2001 863; x_wconf 89' lang='lat' dir='ltr'>Ecclesiis</span> <span class='ocrx_word' id='word_1_62' title='bbox 2014 803 2050 860; x_wconf 92' lang='lat' dir='ltr'>et</span> <span class='ocrx_word' id='word_1_63' title='bbox 2066 783 2172 862; x_wconf 87' lang='lat' dir='ltr'>Scho-</span> 
     </span>
     <span class='ocr_line' id='line_1_6' title="bbox 148 891 2170 987; baseline -0.003 -19"><span class='ocrx_word' id='word_1_64' title='bbox 148 898 227 968; x_wconf 89' lang='lat' dir='ltr'>licio</span> <span class='ocrx_word' id='word_1_65' title='bbox 244 909 417 967; x_wconf 90' lang='lat' dir='ltr'>ornantur</span> <span class='ocrx_word' id='word_1_66' title='bbox 434 912 468 966; x_wconf 89' lang='lat' dir='ltr'>et</span> <span class='ocrx_word' id='word_1_67' title='bbox 484 891 754 986; x_wconf 82' lang='lat' dir='ltr'>provebuntur?</span> <span class='ocrx_word' id='word_1_68' title='bbox 1185 895 1237 964; x_wconf 90' lang='lat' dir='ltr'>las</span> <span class='ocrx_word' id='word_1_69' title='bbox 1252 893 1397 963; x_wconf 89' lang='lat' dir='ltr'>retineri</span> <span class='ocrx_word' id='word_1_70' title='bbox 1412 919 1451 963; x_wconf 91' lang='lat' dir='ltr'>ac</span> <span class='ocrx_word' id='word_1_71' title='bbox 1465 896 1649 987; x_wconf 90' lang='lat' dir='ltr'>propagari</span> <span class='ocrx_word' id='word_1_72' title='bbox 1666 918 1803 965; x_wconf 89' lang='lat' dir='ltr'>necesse</span> <span class='ocrx_word' id='word_1_73' title='bbox 1818 908 1879 966; x_wconf 87' lang='lat' dir='ltr'>est.</span> <span class='ocrx_word' id='word_1_74' title='bbox 1919 894 2083 965; x_wconf 88' lang='lat' dir='ltr'>Primum</span> <span class='ocrx_word' id='word_1_75' title='bbox 2096 891 2170 985; x_wconf 88' lang='lat' dir='ltr'>quia</span> 
     </span>
     <span class='ocr_line' id='line_1_7' title="bbox 250 991 2168 1092; baseline -0.003 -24"><span class='ocrx_word' id='word_1_76' title='bbox 250 998 324 1069; x_wconf 91' lang='lat' dir='ltr'>Nec</span> <span class='ocrx_word' id='word_1_77' title='bbox 352 998 512 1068; x_wconf 86' lang='lat' dir='ltr'>existimo</span> <span class='ocrx_word' id='word_1_78' title='bbox 542 1022 745 1092; x_wconf 83' lang='lat' dir='ltr'>quenquam</span> <span class='ocrx_word' id='word_1_79' title='bbox 772 1012 928 1069; x_wconf 88' lang='lat' dir='ltr'>vestrum</span> <span class='ocrx_word' id='word_1_80' title='bbox 951 1020 1044 1082; x_wconf 88' lang='lat' dir='ltr'>esse,</span> <span class='ocrx_word' id='word_1_81' title='bbox 1074 997 1137 1091; x_wconf 88' lang='lat' dir='ltr'>qui</span> <span class='ocrx_word' id='word_1_82' title='bbox 1186 991 1373 1066; x_wconf 88' lang='lat' dir='ltr'>haeetiam</span> <span class='ocrx_word' id='word_1_83' title='bbox 1390 999 1434 1066; x_wconf 91' lang='lat' dir='ltr'>ad</span> <span class='ocrx_word' id='word_1_84' title='bbox 1453 995 1689 1068; x_wconf 89' lang='lat' dir='ltr'>ministerium</span> <span class='ocrx_word' id='word_1_85' title='bbox 1703 991 1880 1067; x_wconf 81' lang='lat' dir='ltr'>Ecclesiae</span> <span class='ocrx_word' id='word_1_86' title='bbox 1897 996 2099 1090; x_wconf 72' lang='lat' dir='ltr'>pertinent,</span> <span class='ocrx_word' id='word_1_87' title='bbox 2122 993 2168 1062; x_wconf 80' lang='lat' dir='ltr'>vi-</span> 
     </span>
     <span class='ocr_line' id='line_1_8' title="bbox 149 1094 2166 1194; baseline -0.002 -23"><span class='ocrx_word' id='word_1_88' title='bbox 149 1125 230 1171; x_wconf 89' lang='lat' dir='ltr'>cum</span> <span class='ocrx_word' id='word_1_89' title='bbox 247 1095 303 1170; x_wconf 88' lang='lat' dir='ltr'>his</span> <span class='ocrx_word' id='word_1_90' title='bbox 322 1101 565 1190; x_wconf 80' lang='lat' dir='ltr'>congressibus</span> <span class='ocrx_word' id='word_1_91' title='bbox 582 1101 745 1184; x_wconf 89' lang='lat' dir='ltr'>interest,</span> <span class='ocrx_word' id='word_1_92' title='bbox 772 1125 846 1171; x_wconf 94' lang='lat' dir='ltr'>non</span> <span class='ocrx_word' id='word_1_93' title='bbox 863 1112 1137 1171; x_wconf 89' lang='lat' dir='ltr'>recreeturcon·</span> <span class='ocrx_word' id='word_1_94' title='bbox 1186 1098 1313 1167; x_wconf 86' lang='lat' dir='ltr'>delicet</span> <span class='ocrx_word' id='word_1_95' title='bbox 1336 1110 1375 1167; x_wconf 92' lang='lat' dir='ltr'>ut</span> <span class='ocrx_word' id='word_1_96' title='bbox 1398 1099 1436 1167; x_wconf 96' lang='lat' dir='ltr'>in</span> <span class='ocrx_word' id='word_1_97' title='bbox 1461 1094 1517 1168; x_wconf 92' lang='lat' dir='ltr'>his</span> <span class='ocrx_word' id='word_1_98' title='bbox 1541 1099 1773 1170; x_wconf 91' lang='lat' dir='ltr'>instituantur</span> <span class='ocrx_word' id='word_1_99' title='bbox 1798 1094 1857 1186; x_wconf 79' lang='lat' dir='ltr'>hi;</span> <span class='ocrx_word' id='word_1_100' title='bbox 1895 1098 2028 1194; x_wconf 91' lang='lat' dir='ltr'>quibus</span> <span class='ocrx_word' id='word_1_101' title='bbox 2051 1096 2166 1189; x_wconf 80' lang='lat' dir='ltr'>guber·</span> 
     </span>
     <span class='ocr_line' id='line_1_9' title="bbox 149 1195 2165 1296; baseline -0.003 -22"><span class='ocrx_word' id='word_1_102' title='bbox 149 1219 268 1293; x_wconf 89' lang='lat' dir='ltr'>spectu</span> <span class='ocrx_word' id='word_1_103' title='bbox 282 1203 405 1273; x_wconf 89' lang='lat' dir='ltr'>talium</span> <span class='ocrx_word' id='word_1_104' title='bbox 423 1203 596 1287; x_wconf 86' lang='lat' dir='ltr'>virorum,</span> <span class='ocrx_word' id='word_1_105' title='bbox 617 1203 679 1296; x_wconf 92' lang='lat' dir='ltr'>qui</span> <span class='ocrx_word' id='word_1_106' title='bbox 694 1227 774 1272; x_wconf 90' lang='lat' dir='ltr'>vere</span> <span class='ocrx_word' id='word_1_107' title='bbox 787 1216 882 1288; x_wconf 89' lang='lat' dir='ltr'>sunt,</span> <span class='ocrx_word' id='word_1_108' title='bbox 905 1205 1001 1296; x_wconf 92' lang='lat' dir='ltr'>quod</span> <span class='ocrx_word' id='word_1_109' title='bbox 1016 1223 1138 1291; x_wconf 80' lang='lat' dir='ltr'>graece</span> <span class='ocrx_word' id='word_1_110' title='bbox 1186 1201 1285 1270; x_wconf 90' lang='lat' dir='ltr'>natio</span> <span class='ocrx_word' id='word_1_111' title='bbox 1300 1195 1539 1271; x_wconf 88' lang='lat' dir='ltr'>Ecclesiarum</span> <span class='ocrx_word' id='word_1_112' title='bbox 1563 1202 1812 1272; x_wconf 90' lang='lat' dir='ltr'>committenda</span> <span class='ocrx_word' id='word_1_113' title='bbox 1828 1214 1893 1272; x_wconf 90' lang='lat' dir='ltr'>est:</span> <span class='ocrx_word' id='word_1_114' title='bbox 1921 1200 2072 1285; x_wconf 89' lang='lat' dir='ltr'>deinde,</span> <span class='ocrx_word' id='word_1_115' title='bbox 2096 1197 2165 1291; x_wconf 84' lang='lat' dir='ltr'>quit</span> 
     </span>
     <span class='ocr_line' id='line_1_10' title="bbox 149 1297 2165 1401; baseline -0.002 -25"><span class='ocrx_word' id='word_1_116' title='bbox 149 1306 280 1376; x_wconf 89' lang='lat' dir='ltr'>dicitur</span> <span class='ocrx_word' id='word_1_117' title='bbox 296 1300 391 1401; x_wconf 81' lang='grc' dir='ltr'><strong><em>ἱερὸς</em></strong></span> <span class='ocrx_word' id='word_1_118' title='bbox 406 1297 551 1390; x_wconf 77' lang='grc' dir='ltr'><strong><em>κύκλος,</em></strong></span> <span class='ocrx_word' id='word_1_119' title='bbox 579 1306 694 1386; x_wconf 89' lang='lat' dir='ltr'>idest,</span> <span class='ocrx_word' id='word_1_120' title='bbox 721 1328 816 1374; x_wconf 89' lang='lat' dir='ltr'>sacer</span> <span class='ocrx_word' id='word_1_121' title='bbox 832 1320 968 1376; x_wconf 89' lang='lat' dir='ltr'>coetus:</span> <span class='ocrx_word' id='word_1_122' title='bbox 995 1318 1135 1376; x_wconf 90' lang='lat' dir='ltr'>tantum</span> <span class='ocrx_word' id='word_1_123' title='bbox 1185 1299 1326 1373; x_wconf 87' lang='lat' dir='ltr'>scholae</span> <span class='ocrx_word' id='word_1_124' title='bbox 1356 1304 1596 1374; x_wconf 91' lang='lat' dir='ltr'>testimonium</span> <span class='ocrx_word' id='word_1_125' title='bbox 1625 1305 1712 1372; x_wconf 87' lang='lat' dir='ltr'>dant</span> <span class='ocrx_word' id='word_1_126' title='bbox 1736 1299 1811 1388; x_wconf 90' lang='lat' dir='ltr'>bis,</span> <span class='ocrx_word' id='word_1_127' title='bbox 1842 1302 1905 1397; x_wconf 92' lang='lat' dir='ltr'>qui</span> <span class='ocrx_word' id='word_1_128' title='bbox 1922 1301 2165 1394; x_wconf 79' lang='lat' dir='ltr'>&#39;praeficiuntur</span> 
     </span>
     <span class='ocr_line' id='line_1_11' title="bbox 148 1400 2164 1501; baseline -0.002 -25"><span class='ocrx_word' id='word_1_129' title='bbox 148 1408 264 1492; x_wconf 88' lang='lat' dir='ltr'>abest,</span> <span class='ocrx_word' id='word_1_130' title='bbox 289 1420 329 1478; x_wconf 88' lang='lat' dir='ltr'>nt</span> <span class='ocrx_word' id='word_1_131' title='bbox 344 1407 496 1476; x_wconf 89' lang='lat' dir='ltr'>iudicem</span> <span class='ocrx_word' id='word_1_132' title='bbox 511 1434 530 1476; x_wconf 91' lang='lat' dir='ltr'>a</span> <span class='ocrx_word' id='word_1_133' title='bbox 548 1432 725 1501; x_wconf 89' lang='lat' dir='ltr'>quoquam</span> <span class='ocrx_word' id='word_1_134' title='bbox 744 1401 955 1500; x_wconf 85' lang='lat' dir='ltr'>reprehendi</span> <span class='ocrx_word' id='word_1_135' title='bbox 972 1402 1038 1478; x_wconf 91' lang='lat' dir='ltr'>hos</span> <span class='ocrx_word' id='word_1_136' title='bbox 1051 1430 1138 1478; x_wconf 89' lang='lat' dir='ltr'>con·</span> <span class='ocrx_word' id='word_1_137' title='bbox 1185 1400 1364 1477; x_wconf 86' lang='lat' dir='ltr'>Ecclesiis.</span> <span class='ocrx_word' id='word_1_138' title='bbox 1414 1401 1463 1476; x_wconf 93' lang='lat' dir='ltr'>Et</span> <span class='ocrx_word' id='word_1_139' title='bbox 1478 1419 1516 1475; x_wconf 92' lang='lat' dir='ltr'>ut</span> <span class='ocrx_word' id='word_1_140' title='bbox 1528 1418 1664 1476; x_wconf 89' lang='lat' dir='ltr'>constet</span> <span class='ocrx_word' id='word_1_141' title='bbox 1678 1429 1697 1474; x_wconf 92' lang='grc'><strong>3</strong></span> <span class='ocrx_word' id='word_1_142' title='bbox 1713 1406 1843 1497; x_wconf 87' lang='lat' dir='ltr'>quibus</span> <span class='ocrx_word' id='word_1_143' title='bbox 1858 1404 2068 1475; x_wconf 87' lang='lat' dir='ltr'>doctoribus</span> <span class='ocrx_word' id='word_1_144' title='bbox 2083 1425 2164 1472; x_wconf 87' lang='lat' dir='ltr'>acce·</span> 
     </span>
     <span class='ocr_line' id='line_1_12' title="bbox 149 1502 2163 1603; baseline -0.003 -24"><span class='ocrx_word' id='word_1_145' title='bbox 149 1532 304 1600; x_wconf 77' lang='lat' dir='ltr'>gressus,</span> <span class='ocrx_word' id='word_1_146' title='bbox 337 1533 425 1603; x_wconf 88' lang='lat' dir='ltr'>quos</span> <span class='ocrx_word' id='word_1_147' title='bbox 454 1524 590 1580; x_wconf 86' lang='lat' dir='ltr'>constat</span> <span class='ocrx_word' id='word_1_148' title='bbox 620 1534 694 1579; x_wconf 93' lang='lat' dir='ltr'>non</span> <span class='ocrx_word' id='word_1_149' title='bbox 724 1512 768 1579; x_wconf 93' lang='lat' dir='ltr'>ad</span> <span class='ocrx_word' id='word_1_150' title='bbox 797 1510 938 1579; x_wconf 90' lang='lat' dir='ltr'>inanem</span> <span class='ocrx_word' id='word_1_151' title='bbox 961 1533 1139 1603; x_wconf 85' lang='lat' dir='ltr'>pompam,</span> <span class='ocrx_word' id='word_1_152' title='bbox 1186 1506 1306 1600; x_wconf 90' lang='lat' dir='ltr'>perint</span> <span class='ocrx_word' id='word_1_153' title='bbox 1326 1508 1544 1593; x_wconf 87' lang='lat' dir='ltr'>doctrinam,</span> <span class='ocrx_word' id='word_1_154' title='bbox 1568 1523 1602 1579; x_wconf 92' lang='lat' dir='ltr'>et</span> <span class='ocrx_word' id='word_1_155' title='bbox 1624 1522 1664 1579; x_wconf 89' lang='lat' dir='ltr'>ut</span> <span class='ocrx_word' id='word_1_156' title='bbox 1682 1508 1748 1599; x_wconf 90' lang='lat' dir='ltr'>ipsi</span> <span class='ocrx_word' id='word_1_157' title='bbox 1770 1521 1941 1578; x_wconf 86' lang='lat' dir='ltr'>testentur</span> <span class='ocrx_word' id='word_1_158' title='bbox 1960 1529 1997 1577; x_wconf 91' lang='lat' dir='ltr'>se</span> <span class='ocrx_word' id='word_1_159' title='bbox 2013 1528 2089 1575; x_wconf 92' lang='lat' dir='ltr'>non</span> <span class='ocrx_word' id='word_1_160' title='bbox 2105 1502 2163 1573; x_wconf 86' lang='lat' dir='ltr'>‹lis-</span> 
     </span>
     <span class='ocr_line' id='line_1_13' title="bbox 149 1602 2163 1704; baseline -0.003 -22"><span class='ocrx_word' id='word_1_161' title='bbox 149 1627 212 1682; x_wconf 89' lang='lat' dir='ltr'>aut</span> <span class='ocrx_word' id='word_1_162' title='bbox 230 1611 419 1704; x_wconf 84' lang='lat' dir='ltr'>spectaculi</span> <span class='ocrx_word' id='word_1_163' title='bbox 438 1635 563 1695; x_wconf 92' lang='lat' dir='ltr'>causa,</span> <span class='ocrx_word' id='word_1_164' title='bbox 588 1612 647 1681; x_wconf 88' lang='lat' dir='ltr'>sed</span> <span class='ocrx_word' id='word_1_165' title='bbox 663 1612 877 1702; x_wconf 84' lang='lat' dir='ltr'>gravissimis</span> <span class='ocrx_word' id='word_1_166' title='bbox 891 1613 935 1681; x_wconf 91' lang='lat' dir='ltr'>de</span> <span class='ocrx_word' id='word_1_167' title='bbox 950 1611 1079 1696; x_wconf 89' lang='lat' dir='ltr'>causis,</span> <span class='ocrx_word' id='word_1_168' title='bbox 1104 1624 1140 1682; x_wconf 90' lang='lat' dir='ltr'>et</span> <span class='ocrx_word' id='word_1_169' title='bbox 1187 1610 1309 1680; x_wconf 89' lang='lat' dir='ltr'>cedere</span> <span class='ocrx_word' id='word_1_170' title='bbox 1338 1634 1358 1679; x_wconf 88' lang='lat' dir='ltr'>a</span> <span class='ocrx_word' id='word_1_171' title='bbox 1388 1625 1556 1701; x_wconf 86' lang='lat' dir='ltr'>perpetuo</span> <span class='ocrx_word' id='word_1_172' title='bbox 1587 1622 1633 1680; x_wconf 82' lang='lat' dir='ltr'>et&#39;</span> <span class='ocrx_word' id='word_1_173' title='bbox 1655 1635 1738 1680; x_wconf 90' lang='lat' dir='ltr'>vero</span> <span class='ocrx_word' id='word_1_174' title='bbox 1769 1632 1944 1679; x_wconf 88' lang='lat' dir='ltr'>consensu</span> <span class='ocrx_word' id='word_1_175' title='bbox 1975 1602 2163 1680; x_wconf 74' lang='lat' dir='ltr'>Catholicae</span> 
     </span>
     <span class='ocr_line' id='line_1_14' title="bbox 149 1707 2164 1805; baseline -0.002 -22"><span class='ocrx_word' id='word_1_176' title='bbox 149 1715 329 1786; x_wconf 86' lang='lat' dir='ltr'>institutos</span> <span class='ocrx_word' id='word_1_177' title='bbox 352 1737 444 1799; x_wconf 89' lang='lat' dir='ltr'>esse,</span> <span class='ocrx_word' id='word_1_178' title='bbox 469 1727 502 1784; x_wconf 92' lang='lat' dir='ltr'>et</span> <span class='ocrx_word' id='word_1_179' title='bbox 524 1713 663 1785; x_wconf 90' lang='lat' dir='ltr'>anobis</span> <span class='ocrx_word' id='word_1_180' title='bbox 681 1714 838 1785; x_wconf 89' lang='lat' dir='ltr'>retineri.</span> <span class='ocrx_word' id='word_1_181' title='bbox 878 1712 1026 1786; x_wconf 84' lang='lat' dir='ltr'>Constat</span> <span class='ocrx_word' id='word_1_182' title='bbox 1042 1714 1137 1783; x_wconf 89' lang='lat' dir='ltr'>enim</span> <span class='ocrx_word' id='word_1_183' title='bbox 1186 1708 1364 1783; x_wconf 85' lang='lat' dir='ltr'>Ecclesiae</span> <span class='ocrx_word' id='word_1_184' title='bbox 1393 1708 1548 1799; x_wconf 84' lang='lat' dir='ltr'>Christi,</span> <span class='ocrx_word' id='word_1_185' title='bbox 1568 1710 1573 1715; x_wconf 75' lang='grc'><em>’</em></span> <span class='ocrx_word' id='word_1_186' title='bbox 1595 1738 1659 1783; x_wconf 90' lang='lat' dir='ltr'>nec</span> <span class='ocrx_word' id='word_1_187' title='bbox 1695 1712 1855 1783; x_wconf 86' lang='lat' dir='ltr'>assentiri</span> <span class='ocrx_word' id='word_1_188' title='bbox 1888 1710 2009 1805; x_wconf 88' lang='lat' dir='ltr'>pravis</span> <span class='ocrx_word' id='word_1_189' title='bbox 2038 1707 2164 1803; x_wconf 85' lang='lat' dir='ltr'>opinio·</span> 
     </span>
     <span class='ocr_line' id='line_1_15' title="bbox 149 1812 1308 1908; baseline 0 -22"><span class='ocrx_word' id='word_1_190' title='bbox 149 1812 216 1887; x_wconf 91' lang='lat' dir='ltr'>hos</span> <span class='ocrx_word' id='word_1_191' title='bbox 241 1816 330 1887; x_wconf 89' lang='lat' dir='ltr'>ritus</span> <span class='ocrx_word' id='word_1_192' title='bbox 351 1816 618 1908; x_wconf 88' lang='lat' dir='ltr'>promotionum</span> <span class='ocrx_word' id='word_1_193' title='bbox 639 1841 700 1887; x_wconf 89' lang='lat' dir='ltr'>seu</span> <span class='ocrx_word' id='word_1_194' title='bbox 722 1817 913 1908; x_wconf 92' lang='lat' dir='ltr'>graduum,</span> <span class='ocrx_word' id='word_1_195' title='bbox 944 1830 986 1888; x_wconf 91' lang='lat' dir='ltr'>ut</span> <span class='ocrx_word' id='word_1_196' title='bbox 1007 1840 1139 1888; x_wconf 82' lang='lat' dir='ltr'>vocan-</span> <span class='ocrx_word' id='word_1_197' title='bbox 1187 1815 1308 1886; x_wconf 80' lang='lat' dir='ltr'>nibus·</span> 
     </span>
     <span class='ocr_line' id='line_1_16' title="bbox 149 1912 2166 2014; baseline -0.003 -24"><span class='ocrx_word' id='word_1_198' title='bbox 149 1933 229 2002; x_wconf 88' lang='lat' dir='ltr'>tur,</span> <span class='ocrx_word' id='word_1_199' title='bbox 260 1913 354 1987; x_wconf 92' lang='lat' dir='ltr'>nihil</span> <span class='ocrx_word' id='word_1_200' title='bbox 377 1918 475 1989; x_wconf 93' lang='lat' dir='ltr'>aliud</span> <span class='ocrx_word' id='word_1_201' title='bbox 498 1941 589 2005; x_wconf 90' lang='lat' dir='ltr'>esse,</span> <span class='ocrx_word' id='word_1_202' title='bbox 614 1943 720 2014; x_wconf 92' lang='lat' dir='ltr'>quam</span> <span class='ocrx_word' id='word_1_203' title='bbox 743 1918 1049 1990; x_wconf 90' lang='lat' dir='ltr'>renunciationem</span> <span class='ocrx_word' id='word_1_204' title='bbox 1071 1944 1138 2011; x_wconf 93' lang='lat' dir='ltr'>pu·</span> <span class='ocrx_word' id='word_1_205' title='bbox 1288 1914 1378 1987; x_wconf 90' lang='lat' dir='ltr'>Cum</span> <span class='ocrx_word' id='word_1_206' title='bbox 1410 1917 1519 2008; x_wconf 90' lang='lat' dir='ltr'>igitur</span> <span class='ocrx_word' id='word_1_207' title='bbox 1540 1914 1637 1987; x_wconf 90' lang='lat' dir='ltr'>Deus</span> <span class='ocrx_word' id='word_1_208' title='bbox 1657 1939 1721 1985; x_wconf 87' lang='lat' dir='ltr'>sua</span> <span class='ocrx_word' id='word_1_209' title='bbox 1743 1914 1913 1986; x_wconf 92' lang='lat' dir='ltr'>immensa</span> <span class='ocrx_word' id='word_1_210' title='bbox 1935 1912 2166 1986; x_wconf 80' lang='lat' dir='ltr'>misericordis</span> 
     </span>
     <span class='ocr_line' id='line_1_17' title="bbox 150 2010 2165 2109; baseline -0.002 -18"><span class='ocrx_word' id='word_1_211' title='bbox 150 2020 236 2091; x_wconf 86' lang='lat' dir='ltr'>bliei</span> <span class='ocrx_word' id='word_1_212' title='bbox 264 2019 475 2106; x_wconf 89' lang='lat' dir='ltr'>testimonii,</span> <span class='ocrx_word' id='word_1_213' title='bbox 508 2021 552 2091; x_wconf 92' lang='lat' dir='ltr'>de</span> <span class='ocrx_word' id='word_1_214' title='bbox 581 2022 742 2095; x_wconf 91' lang='lat' dir='ltr'>doctrina</span> <span class='ocrx_word' id='word_1_215' title='bbox 765 2035 798 2094; x_wconf 89' lang='lat' dir='ltr'>et</span> <span class='ocrx_word' id='word_1_216' title='bbox 822 2021 983 2092; x_wconf 88' lang='lat' dir='ltr'>moribus</span> <span class='ocrx_word' id='word_1_217' title='bbox 1004 2044 1141 2108; x_wconf 89' lang='lat' dir='ltr'>eorum,</span> <span class='ocrx_word' id='word_1_218' title='bbox 1188 2018 1290 2089; x_wconf 89' lang='lat' dir='ltr'>nobis</span> <span class='ocrx_word' id='word_1_219' title='bbox 1308 2020 1500 2091; x_wconf 89' lang='lat' dir='ltr'>restituerit</span> <span class='ocrx_word' id='word_1_220' title='bbox 1513 2015 1699 2109; x_wconf 87' lang='lat' dir='ltr'>Evangelii</span> <span class='ocrx_word' id='word_1_221' title='bbox 1717 2020 1850 2105; x_wconf 91' lang='lat' dir='ltr'>lucem,</span> <span class='ocrx_word' id='word_1_222' title='bbox 1873 2033 1907 2090; x_wconf 93' lang='lat' dir='ltr'>et</span> <span class='ocrx_word' id='word_1_223' title='bbox 1923 2018 1964 2087; x_wconf 90' lang='lat' dir='ltr'>in</span> <span class='ocrx_word' id='word_1_224' title='bbox 1977 2012 2048 2088; x_wconf 90' lang='lat' dir='ltr'>hac</span> <span class='ocrx_word' id='word_1_225' title='bbox 2063 2010 2165 2086; x_wconf 79' lang='lat' dir='ltr'>schola</span> 
     </span>
     <span class='ocr_line' id='line_1_18' title="bbox 149 2116 2166 2216; baseline -0.002 -27"><span class='ocrx_word' id='word_1_226' title='bbox 149 2135 323 2193; x_wconf 88' lang='lat' dir='ltr'>vocantur</span> <span class='ocrx_word' id='word_1_227' title='bbox 343 2125 388 2191; x_wconf 93' lang='lat' dir='ltr'>ad</span> <span class='ocrx_word' id='word_1_228' title='bbox 414 2123 559 2216; x_wconf 89' lang='lat' dir='ltr'>aliquod</span> <span class='ocrx_word' id='word_1_229' title='bbox 581 2124 763 2216; x_wconf 92' lang='lat' dir='ltr'>publicum</span> <span class='ocrx_word' id='word_1_230' title='bbox 787 2147 938 2211; x_wconf 90' lang='lat' dir='ltr'>munus,</span> <span class='ocrx_word' id='word_1_231' title='bbox 959 2139 1000 2196; x_wconf 93' lang='lat' dir='ltr'>ut</span> <span class='ocrx_word' id='word_1_232' title='bbox 1020 2124 1078 2195; x_wconf 85' lang='lat' dir='ltr'>vel</span> <span class='ocrx_word' id='word_1_233' title='bbox 1100 2125 1140 2194; x_wconf 96' lang='lat' dir='ltr'>in</span> <span class='ocrx_word' id='word_1_234' title='bbox 1188 2122 1326 2193; x_wconf 86' lang='lat' dir='ltr'>dederit</span> <span class='ocrx_word' id='word_1_235' title='bbox 1347 2123 1600 2213; x_wconf 86' lang='lat' dir='ltr'>gubernatores</span> <span class='ocrx_word' id='word_1_236' title='bbox 1624 2134 1858 2211; x_wconf 81' lang='lat' dir='ltr'>praestantes,</span> <span class='ocrx_word' id='word_1_237' title='bbox 1888 2121 2020 2191; x_wconf 88' lang='lat' dir='ltr'>merito</span> <span class='ocrx_word' id='word_1_238' title='bbox 2043 2116 2166 2210; x_wconf 87' lang='lat' dir='ltr'>praedi-</span> 
     </span>
     <span class='ocr_line' id='line_1_19' title="bbox 148 2220 2167 2318; baseline -0.003 -23"><span class='ocrx_word' id='word_1_239' title='bbox 148 2220 306 2295; x_wconf 86' lang='lat' dir='ltr'>Ecclesia</span> <span class='ocrx_word' id='word_1_240' title='bbox 327 2226 494 2306; x_wconf 90' lang='lat' dir='ltr'>doceant,</span> <span class='ocrx_word' id='word_1_241' title='bbox 519 2225 575 2295; x_wconf 91' lang='lat' dir='ltr'>vel</span> <span class='ocrx_word' id='word_1_242' title='bbox 595 2226 633 2294; x_wconf 88' lang='lat' dir='ltr'>in</span> <span class='ocrx_word' id='word_1_243' title='bbox 652 2224 795 2317; x_wconf 88' lang='lat' dir='ltr'>politica</span> <span class='ocrx_word' id='word_1_244' title='bbox 810 2227 1067 2318; x_wconf 88' lang='lat' dir='ltr'>gubernatione</span> <span class='ocrx_word' id='word_1_245' title='bbox 1084 2251 1140 2296; x_wconf 88' lang='lat' dir='ltr'>re-</span> <span class='ocrx_word' id='word_1_246' title='bbox 1187 2225 1341 2295; x_wconf 89' lang='lat' dir='ltr'>caudum</span> <span class='ocrx_word' id='word_1_247' title='bbox 1369 2238 1404 2296; x_wconf 89' lang='lat' dir='ltr'>et</span> <span class='ocrx_word' id='word_1_248' title='bbox 1431 2224 1692 2315; x_wconf 87' lang='lat' dir='ltr'>agnoscendum</span> <span class='ocrx_word' id='word_1_249' title='bbox 1717 2235 1770 2294; x_wconf 91' lang='lat' dir='ltr'>est</span> <span class='ocrx_word' id='word_1_250' title='bbox 1791 2221 1862 2295; x_wconf 92' lang='lat' dir='ltr'>Dei</span> <span class='ocrx_word' id='word_1_251' title='bbox 1884 2222 2118 2307; x_wconf 84' lang='lat' dir='ltr'>beneficium,</span> <span class='ocrx_word' id='word_1_252' title='bbox 2140 2231 2167 2289; x_wconf 91' lang='lat' dir='ltr'>et</span> 
     </span>
     <span class='ocr_line' id='line_1_20' title="bbox 149 2325 2166 2418; baseline -0.001 -23"><span class='ocrx_word' id='word_1_253' title='bbox 149 2328 347 2418; x_wconf 86' lang='lat' dir='ltr'>spondeant</span> <span class='ocrx_word' id='word_1_254' title='bbox 360 2328 404 2396; x_wconf 93' lang='lat' dir='ltr'>de</span> <span class='ocrx_word' id='word_1_255' title='bbox 421 2327 564 2418; x_wconf 90' lang='lat' dir='ltr'>publico</span> <span class='ocrx_word' id='word_1_256' title='bbox 582 2326 677 2412; x_wconf 88' lang='lat' dir='ltr'>iure,</span> <span class='ocrx_word' id='word_1_257' title='bbox 702 2329 759 2396; x_wconf 88' lang='lat' dir='ltr'>vel</span> <span class='ocrx_word' id='word_1_258' title='bbox 775 2329 842 2400; x_wconf 92' lang='lat' dir='ltr'>alia</span> <span class='ocrx_word' id='word_1_259' title='bbox 858 2328 973 2401; x_wconf 86' lang='lat' dir='ltr'>officia</span> <span class='ocrx_word' id='word_1_260' title='bbox 985 2329 1140 2399; x_wconf 90' lang='lat' dir='ltr'>admini-</span> <span class='ocrx_word' id='word_1_261' title='bbox 1187 2325 1320 2417; x_wconf 86' lang='lat' dir='ltr'>gratiae</span> <span class='ocrx_word' id='word_1_262' title='bbox 1338 2325 1413 2398; x_wconf 91' lang='lat' dir='ltr'>Deo</span> <span class='ocrx_word' id='word_1_263' title='bbox 1435 2329 1590 2416; x_wconf 88' lang='lat' dir='ltr'>agendae</span> <span class='ocrx_word' id='word_1_264' title='bbox 1604 2338 1705 2396; x_wconf 89' lang='lat' dir='ltr'>sunt:</span> <span class='ocrx_word' id='word_1_265' title='bbox 1732 2339 1766 2397; x_wconf 91' lang='lat' dir='ltr'>et</span> <span class='ocrx_word' id='word_1_266' title='bbox 1780 2326 1943 2396; x_wconf 88' lang='lat' dir='ltr'>accedere</span> <span class='ocrx_word' id='word_1_267' title='bbox 1958 2320 2166 2415; x_wconf 73' lang='lat' dir='ltr'>debeutpio</span> 
     </span>
     <span class='ocr_line' id='line_1_21' title="bbox 149 2417 2163 2522; baseline -0.001 -24"><span class='ocrx_word' id='word_1_268' title='bbox 149 2442 280 2515; x_wconf 87' lang='lat' dir='ltr'>strent,</span> <span class='ocrx_word' id='word_1_269' title='bbox 306 2453 395 2522; x_wconf 92' lang='lat' dir='ltr'>quae</span> <span class='ocrx_word' id='word_1_270' title='bbox 419 2443 501 2498; x_wconf 78' lang='lat' dir='ltr'>saint</span> <span class='ocrx_word' id='word_1_271' title='bbox 525 2430 716 2499; x_wconf 88' lang='lat' dir='ltr'>necessaria</span> <span class='ocrx_word' id='word_1_272' title='bbox 735 2431 777 2498; x_wconf 92' lang='lat' dir='ltr'>ad</span> <span class='ocrx_word' id='word_1_273' title='bbox 796 2434 964 2501; x_wconf 88' lang='lat' dir='ltr'>tuendam</span> <span class='ocrx_word' id='word_1_274' title='bbox 980 2455 1139 2501; x_wconf 91' lang='lat' dir='ltr'>commu·</span> <span class='ocrx_word' id='word_1_275' title='bbox 1188 2452 1267 2499; x_wconf 90' lang='lat' dir='ltr'>rum</span> <span class='ocrx_word' id='word_1_276' title='bbox 1284 2442 1383 2510; x_wconf 90' lang='lat' dir='ltr'>vota,</span> <span class='ocrx_word' id='word_1_277' title='bbox 1409 2443 1448 2501; x_wconf 91' lang='lat' dir='ltr'>ut</span> <span class='ocrx_word' id='word_1_278' title='bbox 1465 2422 1653 2500; x_wconf 90' lang='lat' dir='ltr'>nobishoc</span> <span class='ocrx_word' id='word_1_279' title='bbox 1668 2427 1878 2498; x_wconf 82' lang='lat' dir='ltr'>beneficium</span> <span class='ocrx_word' id='word_1_280' title='bbox 1896 2438 2100 2506; x_wconf 88' lang='lat' dir='ltr'>conservet,</span> <span class='ocrx_word' id='word_1_281' title='bbox 2118 2417 2163 2493; x_wconf 78' lang='lat' dir='ltr'>hir</span> 
     </span>
     <span class='ocr_line' id='line_1_22' title="bbox 148 2525 2166 2625; baseline -0.001 -26"><span class='ocrx_word' id='word_1_282' title='bbox 148 2553 232 2599; x_wconf 91' lang='lat' dir='ltr'>nem</span> <span class='ocrx_word' id='word_1_283' title='bbox 265 2531 374 2601; x_wconf 88' lang='lat' dir='ltr'>vitam</span> <span class='ocrx_word' id='word_1_284' title='bbox 405 2546 439 2601; x_wconf 91' lang='lat' dir='ltr'>et</span> <span class='ocrx_word' id='word_1_285' title='bbox 464 2529 664 2602; x_wconf 87' lang='lat' dir='ltr'>societatem</span> <span class='ocrx_word' id='word_1_286' title='bbox 698 2526 895 2607; x_wconf 88' lang='lat' dir='ltr'>hominum.</span> <span class='ocrx_word' id='word_1_287' title='bbox 946 2530 995 2605; x_wconf 86' lang='lat' dir='ltr'>Et</span> <span class='ocrx_word' id='word_1_288' title='bbox 1020 2535 1059 2602; x_wconf 91' lang='lat' dir='ltr'>in</span> <span class='ocrx_word' id='word_1_289' title='bbox 1083 2529 1139 2603; x_wconf 91' lang='lat' dir='ltr'>his</span> <span class='ocrx_word' id='word_1_290' title='bbox 1188 2531 1352 2622; x_wconf 90' lang='lat' dir='ltr'>precihus</span> <span class='ocrx_word' id='word_1_291' title='bbox 1382 2531 1411 2601; x_wconf 88' lang='lat' dir='ltr'>si</span> <span class='ocrx_word' id='word_1_292' title='bbox 1440 2555 1598 2625; x_wconf 91' lang='lat' dir='ltr'>unquam</span> <span class='ocrx_word' id='word_1_293' title='bbox 1628 2554 1718 2621; x_wconf 90' lang='lat' dir='ltr'>opus</span> <span class='ocrx_word' id='word_1_294' title='bbox 1746 2531 1816 2600; x_wconf 84' lang='lat' dir='ltr'>tuit</span> <span class='ocrx_word' id='word_1_295' title='bbox 1845 2525 2053 2614; x_wconf 84' lang='lat' dir='ltr'>Ecclesiae,</span> <span class='ocrx_word' id='word_1_296' title='bbox 2090 2545 2166 2597; x_wconf 80' lang='lat' dir='ltr'>uuus</span> 
     </span>
     <span class='ocr_line' id='line_1_23' title="bbox 147 2631 2167 2725; baseline -0.001 -24"><span class='ocrx_word' id='word_1_297' title='bbox 147 2632 391 2721; x_wconf 86' lang='lat' dir='ltr'>congressibus</span> <span class='ocrx_word' id='word_1_298' title='bbox 407 2634 450 2702; x_wconf 90' lang='lat' dir='ltr'>de</span> <span class='ocrx_word' id='word_1_299' title='bbox 468 2632 574 2702; x_wconf 87' lang='lat' dir='ltr'>rebus</span> <span class='ocrx_word' id='word_1_300' title='bbox 591 2633 807 2723; x_wconf 89' lang='lat' dir='ltr'>gravissimis</span> <span class='ocrx_word' id='word_1_301' title='bbox 820 2637 863 2704; x_wconf 93' lang='lat' dir='ltr'>ad</span> <span class='ocrx_word' id='word_1_302' title='bbox 878 2636 1139 2705; x_wconf 88' lang='lat' dir='ltr'>admonendam</span> <span class='ocrx_word' id='word_1_303' title='bbox 1187 2647 1282 2704; x_wconf 88' lang='lat' dir='ltr'>certe</span> <span class='ocrx_word' id='word_1_304' title='bbox 1301 2656 1392 2725; x_wconf 88' lang='lat' dir='ltr'>opus</span> <span class='ocrx_word' id='word_1_305' title='bbox 1411 2648 1482 2719; x_wconf 90' lang='lat' dir='ltr'>est,</span> <span class='ocrx_word' id='word_1_306' title='bbox 1504 2631 1761 2703; x_wconf 88' lang='lat' dir='ltr'>ardentissimis</span> <span class='ocrx_word' id='word_1_307' title='bbox 1782 2632 1875 2702; x_wconf 88' lang='lat' dir='ltr'>votis</span> <span class='ocrx_word' id='word_1_308' title='bbox 1896 2645 1932 2704; x_wconf 90' lang='lat' dir='ltr'>et</span> <span class='ocrx_word' id='word_1_309' title='bbox 1953 2644 2034 2703; x_wconf 90' lang='lat' dir='ltr'>toto</span> <span class='ocrx_word' id='word_1_310' title='bbox 2050 2643 2167 2722; x_wconf 78' lang='lat' dir='ltr'>pectore</span> 
     </span>
     <span class='ocr_line' id='line_1_24' title="bbox 147 2729 2166 2826; baseline 0.001 -26"><span class='ocrx_word' id='word_1_311' title='bbox 147 2735 385 2818; x_wconf 87' lang='lat' dir='ltr'>iuventutem,</span> <span class='ocrx_word' id='word_1_312' title='bbox 410 2749 444 2804; x_wconf 90' lang='lat' dir='ltr'>et</span> <span class='ocrx_word' id='word_1_313' title='bbox 463 2735 648 2805; x_wconf 85' lang='lat' dir='ltr'>excitanda</span> <span class='ocrx_word' id='word_1_314' title='bbox 665 2735 782 2808; x_wconf 91' lang='lat' dir='ltr'>studia</span> <span class='ocrx_word' id='word_1_315' title='bbox 798 2736 1032 2825; x_wconf 90' lang='lat' dir='ltr'>discentium,</span> <span class='ocrx_word' id='word_1_316' title='bbox 1058 2761 1139 2807; x_wconf 92' lang='lat' dir='ltr'>ora·</span> <span class='ocrx_word' id='word_1_317' title='bbox 1187 2758 1311 2806; x_wconf 91' lang='lat' dir='ltr'>omnes</span> <span class='ocrx_word' id='word_1_318' title='bbox 1336 2734 1470 2826; x_wconf 83' lang='lat' dir='ltr'>petere,</span> <span class='ocrx_word' id='word_1_319' title='bbox 1493 2748 1533 2805; x_wconf 92' lang='lat' dir='ltr'>ut</span> <span class='ocrx_word' id='word_1_320' title='bbox 1558 2731 1625 2804; x_wconf 90' lang='lat' dir='ltr'>hoc</span> <span class='ocrx_word' id='word_1_321' title='bbox 1642 2747 1817 2825; x_wconf 88' lang='lat' dir='ltr'>postremo</span> <span class='ocrx_word' id='word_1_322' title='bbox 1834 2749 1867 2805; x_wconf 91' lang='lat' dir='ltr'>et</span> <span class='ocrx_word' id='word_1_323' title='bbox 1882 2729 2166 2826; x_wconf 79' lang='lat' dir='ltr'>periculosissime</span> 
     </span>
     <span class='ocr_line' id='line_1_25' title="bbox 145 2832 2167 2929; baseline -0.002 -21"><span class='ocrx_word' id='word_1_324' title='bbox 145 2836 196 2908; x_wconf 92' lang='lat' dir='ltr'>tio</span> <span class='ocrx_word' id='word_1_325' title='bbox 210 2832 372 2908; x_wconf 91' lang='lat' dir='ltr'>habetur.</span> <span class='ocrx_word' id='word_1_326' title='bbox 822 2834 825 2842; x_wconf 74' lang='grc'><strong>’</strong></span> <span class='ocrx_word' id='word_1_327' title='bbox 1188 2852 1362 2928; x_wconf 90' lang='lat' dir='ltr'>tempore,</span> <span class='ocrx_word' id='word_1_328' title='bbox 1394 2837 1487 2906; x_wconf 92' lang='lat' dir='ltr'>inter</span> <span class='ocrx_word' id='word_1_329' title='bbox 1507 2851 1621 2906; x_wconf 88' lang='lat' dir='ltr'>tantas</span> <span class='ocrx_word' id='word_1_330' title='bbox 1642 2849 1864 2928; x_wconf 90' lang='lat' dir='ltr'>tempestates</span> <span class='ocrx_word' id='word_1_331' title='bbox 1887 2835 2075 2928; x_wconf 88' lang='lat' dir='ltr'>publicas,</span> <span class='ocrx_word' id='word_1_332' title='bbox 2098 2853 2167 2929; x_wconf 79' lang='lat' dir='ltr'>quas</span> 
     </span>
     <span class='ocr_line' id='line_1_26' title="bbox 250 2935 2167 3032; baseline -0.001 -25"><span class='ocrx_word' id='word_1_333' title='bbox 250 2935 370 3026; x_wconf 89' lang='lat' dir='ltr'>Quare</span> <span class='ocrx_word' id='word_1_334' title='bbox 393 2962 456 3027; x_wconf 89' lang='lat' dir='ltr'>ego</span> <span class='ocrx_word' id='word_1_335' title='bbox 479 2939 623 3032; x_wconf 89' lang='lat' dir='ltr'>quidem</span> <span class='ocrx_word' id='word_1_336' title='bbox 644 2938 823 3031; x_wconf 89' lang='lat' dir='ltr'>singulare</span> <span class='ocrx_word' id='word_1_337' title='bbox 838 2936 905 3010; x_wconf 85' lang='lat' dir='ltr'>Dei</span> <span class='ocrx_word' id='word_1_338' title='bbox 929 2940 1137 3012; x_wconf 86' lang='lat' dir='ltr'>beneficium</span> <span class='ocrx_word' id='word_1_339' title='bbox 1187 2940 1371 3010; x_wconf 88' lang='lat' dir='ltr'>minantur</span> <span class='ocrx_word' id='word_1_340' title='bbox 1386 2935 1565 3010; x_wconf 83' lang='lat' dir='ltr'>Ecclesiae</span> <span class='ocrx_word' id='word_1_341' title='bbox 1588 2937 1763 3008; x_wconf 86' lang='lat' dir='ltr'>infinitam</span> <span class='ocrx_word' id='word_1_342' title='bbox 1785 2937 2063 3028; x_wconf 88' lang='lat' dir='ltr'>dissipationem</span> <span class='ocrx_word' id='word_1_343' title='bbox 2080 2949 2167 3008; x_wconf 78' lang='lat' dir='ltr'>atvs-</span> 
     </span>
     <span class='ocr_line' id='line_1_27' title="bbox 145 3032 2162 3136; baseline -0 -26"><span class='ocrx_word' id='word_1_344' title='bbox 145 3063 219 3110; x_wconf 90' lang='lat' dir='ltr'>esse</span> <span class='ocrx_word' id='word_1_345' title='bbox 246 3061 416 3128; x_wconf 87' lang='lat' dir='ltr'>agnosco,</span> <span class='ocrx_word' id='word_1_346' title='bbox 452 3065 491 3110; x_wconf 90' lang='lat' dir='ltr'>ac</span> <span class='ocrx_word' id='word_1_347' title='bbox 519 3039 594 3112; x_wconf 91' lang='lat' dir='ltr'>Deo</span> <span class='ocrx_word' id='word_1_348' title='bbox 628 3043 757 3132; x_wconf 89' lang='lat' dir='ltr'>gratias</span> <span class='ocrx_word' id='word_1_349' title='bbox 787 3066 874 3133; x_wconf 91' lang='lat' dir='ltr'>ago,</span> <span class='ocrx_word' id='word_1_350' title='bbox 908 3046 1003 3136; x_wconf 91' lang='lat' dir='ltr'>quod</span> <span class='ocrx_word' id='word_1_351' title='bbox 1033 3043 1138 3114; x_wconf 90' lang='lat' dir='ltr'>nobis</span> <span class='ocrx_word' id='word_1_352' title='bbox 1188 3054 1328 3122; x_wconf 88' lang='lat' dir='ltr'>statem,</span> <span class='ocrx_word' id='word_1_353' title='bbox 1352 3037 1450 3111; x_wconf 89' lang='lat' dir='ltr'>Deus</span> <span class='ocrx_word' id='word_1_354' title='bbox 1472 3065 1534 3111; x_wconf 90' lang='lat' dir='ltr'>sua</span> <span class='ocrx_word' id='word_1_355' title='bbox 1556 3041 1716 3111; x_wconf 89' lang='lat' dir='ltr'>bonitate</span> <span class='ocrx_word' id='word_1_356' title='bbox 1736 3038 1874 3133; x_wconf 89' lang='lat' dir='ltr'>aliquas</span> <span class='ocrx_word' id='word_1_357' title='bbox 1893 3032 2162 3113; x_wconf 70' lang='grc' dir='ltr'><strong>11331εεὶ3333Ιί-</strong></span> 
     </span>
     <span class='ocr_line' id='line_1_28' title="bbox 145 3136 2166 3238; baseline 0 -26"><span class='ocrx_word' id='word_1_358' title='bbox 145 3137 303 3212; x_wconf 88' lang='lat' dir='ltr'>scholam</span> <span class='ocrx_word' id='word_1_359' title='bbox 338 3154 374 3212; x_wconf 89' lang='lat' dir='ltr'>et</span> <span class='ocrx_word' id='word_1_360' title='bbox 408 3136 474 3213; x_wconf 93' lang='lat' dir='ltr'>hos</span> <span class='ocrx_word' id='word_1_361' title='bbox 502 3159 622 3214; x_wconf 90' lang='lat' dir='ltr'>coetus</span> <span class='ocrx_word' id='word_1_362' title='bbox 651 3159 849 3219; x_wconf 84' lang='lat' dir='ltr'>conservat.</span> <span class='ocrx_word' id='word_1_363' title='bbox 907 3146 1057 3217; x_wconf 93' lang='lat' dir='ltr'>Nullum</span> <span class='ocrx_word' id='word_1_364' title='bbox 1087 3161 1138 3218; x_wconf 90' lang='lat' dir='ltr'>est</span> <span class='ocrx_word' id='word_1_365' title='bbox 1188 3144 1288 3238; x_wconf 90' lang='lat' dir='ltr'>quias</span> <span class='ocrx_word' id='word_1_366' title='bbox 1302 3159 1499 3229; x_wconf 87' lang='lat' dir='ltr'>conservet,</span> <span class='ocrx_word' id='word_1_367' title='bbox 1522 3144 1614 3214; x_wconf 89' lang='lat' dir='ltr'>sicut</span> <span class='ocrx_word' id='word_1_368' title='bbox 1627 3141 1728 3213; x_wconf 89' lang='lat' dir='ltr'>Pauli</span> <span class='ocrx_word' id='word_1_369' title='bbox 1744 3142 1866 3211; x_wconf 84' lang='lat' dir='ltr'>navim</span> <span class='ocrx_word' id='word_1_370' title='bbox 1881 3136 2166 3222; x_wconf 75' lang='lat' dir='ltr'>iactatamunds.</span> 
     </span>
     <span class='ocr_line' id='line_1_29' title="bbox 144 3243 2020 3342; baseline 0.001 -29"><span class='ocrx_word' id='word_1_371' title='bbox 144 3245 239 3313; x_wconf 91' lang='lat' dir='ltr'>enim</span> <span class='ocrx_word' id='word_1_372' title='bbox 261 3243 298 3312; x_wconf 92' lang='lat' dir='ltr'>in</span> <span class='ocrx_word' id='word_1_373' title='bbox 320 3245 423 3314; x_wconf 91' lang='lat' dir='ltr'>terris</span> <span class='ocrx_word' id='word_1_374' title='bbox 444 3245 558 3314; x_wconf 90' lang='lat' dir='ltr'>maius</span> <span class='ocrx_word' id='word_1_375' title='bbox 574 3243 641 3316; x_wconf 90' lang='lat' dir='ltr'>Dei</span> <span class='ocrx_word' id='word_1_376' title='bbox 662 3249 817 3333; x_wconf 88' lang='lat' dir='ltr'>donum,</span> <span class='ocrx_word' id='word_1_377' title='bbox 842 3274 949 3342; x_wconf 93' lang='lat' dir='ltr'>quam</span> <span class='ocrx_word' id='word_1_378' title='bbox 966 3272 1138 3341; x_wconf 90' lang='lat' dir='ltr'>propaga·</span> <span class='ocrx_word' id='word_1_379' title='bbox 1187 3269 1411 3333; x_wconf 90' lang='lat' dir='ltr'>concussam,</span> <span class='ocrx_word' id='word_1_380' title='bbox 1437 3272 1477 3317; x_wconf 90' lang='lat' dir='ltr'>ac</span> <span class='ocrx_word' id='word_1_381' title='bbox 1495 3269 1584 3339; x_wconf 90' lang='lat' dir='ltr'>pene</span> <span class='ocrx_word' id='word_1_382' title='bbox 1601 3243 1670 3315; x_wconf 90' lang='lat' dir='ltr'>iam</span> <span class='ocrx_word' id='word_1_383' title='bbox 1687 3246 1832 3315; x_wconf 84' lang='lat' dir='ltr'>fractam</span> <span class='ocrx_word' id='word_1_384' title='bbox 1847 3245 2020 3321; x_wconf 87' lang='lat' dir='ltr'>servavit.</span> 
     </span>
     <span class='ocr_line' id='line_1_30' title="bbox 142 3341 2170 3443; baseline 0.001 -28"><span class='ocrx_word' id='word_1_385' title='bbox 142 3345 194 3415; x_wconf 91' lang='lat' dir='ltr'>tio</span> <span class='ocrx_word' id='word_1_386' title='bbox 209 3344 392 3418; x_wconf 88' lang='lat' dir='ltr'>doctrinae</span> <span class='ocrx_word' id='word_1_387' title='bbox 406 3348 576 3433; x_wconf 89' lang='lat' dir='ltr'>coelestis,</span> <span class='ocrx_word' id='word_1_388' title='bbox 604 3374 694 3442; x_wconf 91' lang='lat' dir='ltr'>quae</span> <span class='ocrx_word' id='word_1_389' title='bbox 709 3352 909 3420; x_wconf 83' lang='lat' dir='ltr'>conservari</span> <span class='ocrx_word' id='word_1_390' title='bbox 924 3376 996 3421; x_wconf 90' lang='lat' dir='ltr'>non</span> <span class='ocrx_word' id='word_1_391' title='bbox 1014 3365 1139 3443; x_wconf 88' lang='lat' dir='ltr'>potest,</span> <span class='ocrx_word' id='word_1_392' title='bbox 1291 3347 1384 3438; x_wconf 83' lang='lat' dir='ltr'>Quis</span> <span class='ocrx_word' id='word_1_393' title='bbox 1399 3348 1479 3440; x_wconf 93' lang='lat' dir='ltr'>pius</span> <span class='ocrx_word' id='word_1_394' title='bbox 1495 3372 1569 3418; x_wconf 90' lang='lat' dir='ltr'>non</span> <span class='ocrx_word' id='word_1_395' title='bbox 1585 3361 1661 3419; x_wconf 92' lang='lat' dir='ltr'>toto</span> <span class='ocrx_word' id='word_1_396' title='bbox 1676 3370 1824 3438; x_wconf 89' lang='lat' dir='ltr'>corpore</span> <span class='ocrx_word' id='word_1_397' title='bbox 1840 3341 2085 3433; x_wconf 89' lang='lat' dir='ltr'>cohorrescat,</span> <span class='ocrx_word' id='word_1_398' title='bbox 2106 3363 2170 3417; x_wconf 76' lang='lat' dir='ltr'>cun</span> 
     </span>
     <span class='ocr_line' id='line_1_31' title="bbox 146 3442 2171 3542; baseline 0 -25"><span class='ocrx_word' id='word_1_399' title='bbox 146 3447 215 3517; x_wconf 91' lang='lat' dir='ltr'>nisi</span> <span class='ocrx_word' id='word_1_400' title='bbox 237 3447 311 3518; x_wconf 91' lang='lat' dir='ltr'>sint</span> <span class='ocrx_word' id='word_1_401' title='bbox 332 3448 470 3542; x_wconf 89' lang='lat' dir='ltr'>aliquae</span> <span class='ocrx_word' id='word_1_402' title='bbox 492 3445 634 3519; x_wconf 87' lang='lat' dir='ltr'>scholae</span> <span class='ocrx_word' id='word_1_403' title='bbox 655 3451 843 3524; x_wconf 88' lang='lat' dir='ltr'>adiunctae</span> <span class='ocrx_word' id='word_1_404' title='bbox 862 3448 1048 3539; x_wconf 87' lang='lat' dir='ltr'>Ecclesiis,</span> <span class='ocrx_word' id='word_1_405' title='bbox 1074 3457 1136 3525; x_wconf 93' lang='lat' dir='ltr'>ubi</span> <span class='ocrx_word' id='word_1_406' title='bbox 1188 3453 1347 3522; x_wconf 90' lang='lat' dir='ltr'>intuetur</span> <span class='ocrx_word' id='word_1_407' title='bbox 1382 3442 1513 3520; x_wconf 88' lang='lat' dir='ltr'>horum</span> <span class='ocrx_word' id='word_1_408' title='bbox 1540 3463 1739 3541; x_wconf 89' lang='lat' dir='ltr'>temporum</span> <span class='ocrx_word' id='word_1_409' title='bbox 1771 3448 1951 3541; x_wconf 77' lang='lat' dir='ltr'>pericula?</span> <span class='ocrx_word' id='word_1_410' title='bbox 2016 3447 2171 3519; x_wconf 77' lang='lat' dir='ltr'>Videmus</span> 
     </span>
     <span class='ocr_line' id='line_1_32' title="bbox 144 3546 2172 3647; baseline 0.001 -28"><span class='ocrx_word' id='word_1_411' title='bbox 144 3550 354 3620; x_wconf 88' lang='lat' dir='ltr'>erudiantur</span> <span class='ocrx_word' id='word_1_412' title='bbox 382 3546 439 3636; x_wconf 92' lang='lat' dir='ltr'>hi,</span> <span class='ocrx_word' id='word_1_413' title='bbox 475 3551 536 3644; x_wconf 89' lang='lat' dir='ltr'>qni</span> <span class='ocrx_word' id='word_1_414' title='bbox 570 3567 652 3624; x_wconf 77' lang='lat' dir='ltr'>stant</span> <span class='ocrx_word' id='word_1_415' title='bbox 679 3554 1069 3647; x_wconf 86' lang='lat' dir='ltr'>aliquandoaccessuri</span> <span class='ocrx_word' id='word_1_416' title='bbox 1092 3559 1136 3626; x_wconf 91' lang='lat' dir='ltr'>ad</span> <span class='ocrx_word' id='word_1_417' title='bbox 1187 3554 1393 3646; x_wconf 89' lang='lat' dir='ltr'>impendere</span> <span class='ocrx_word' id='word_1_418' title='bbox 1430 3576 1621 3643; x_wconf 91' lang='lat' dir='ltr'>regnorum</span> <span class='ocrx_word' id='word_1_419' title='bbox 1657 3551 1889 3622; x_wconf 90' lang='lat' dir='ltr'>mutationem</span> <span class='ocrx_word' id='word_1_420' title='bbox 1919 3574 1961 3620; x_wconf 92' lang='lat' dir='ltr'>ac</span> <span class='ocrx_word' id='word_1_421' title='bbox 1997 3570 2172 3644; x_wconf 79' lang='lat' dir='ltr'>propene-</span> 
     </span>
     <span class='ocr_line' id='line_1_33' title="bbox 142 3645 2186 3745; baseline 0.001 -24"><span class='ocrx_word' id='word_1_422' title='bbox 142 3651 363 3736; x_wconf 90' lang='lat' dir='ltr'>ministeria,</span> <span class='ocrx_word' id='word_1_423' title='bbox 401 3666 463 3723; x_wconf 93' lang='lat' dir='ltr'>aut</span> <span class='ocrx_word' id='word_1_424' title='bbox 493 3655 786 3740; x_wconf 88' lang='lat' dir='ltr'>gubernationem</span> <span class='ocrx_word' id='word_1_425' title='bbox 820 3656 858 3724; x_wconf 93' lang='lat' dir='ltr'>in</span> <span class='ocrx_word' id='word_1_426' title='bbox 887 3653 1064 3742; x_wconf 90' lang='lat' dir='ltr'>Ecclesia,</span> <span class='ocrx_word' id='word_1_427' title='bbox 1097 3674 1138 3730; x_wconf 91' lang='lat' dir='ltr'>ut</span> <span class='ocrx_word' id='word_1_428' title='bbox 1188 3658 1274 3727; x_wconf 89' lang='lat' dir='ltr'>dum</span> <span class='ocrx_word' id='word_1_429' title='bbox 1295 3653 1480 3726; x_wconf 87' lang='lat' dir='ltr'>interitum</span> <span class='ocrx_word' id='word_1_430' title='bbox 1502 3652 1687 3725; x_wconf 84' lang='lat' dir='ltr'>universae</span> <span class='ocrx_word' id='word_1_431' title='bbox 1701 3649 1936 3745; x_wconf 89' lang='lat' dir='ltr'>Reipublicae</span> <span class='ocrx_word' id='word_1_432' title='bbox 1961 3645 2186 3725; x_wconf 68' lang='lat' dir='ltr'>horribilem¹</span> 
     </span>
     <span class='ocr_line' id='line_1_34' title="bbox 143 3750 2174 3849; baseline 0 -27"><span class='ocrx_word' id='word_1_433' title='bbox 143 3752 342 3845; x_wconf 88' lang='lat' dir='ltr'>praeparati</span> <span class='ocrx_word' id='word_1_434' title='bbox 363 3766 399 3824; x_wconf 91' lang='lat' dir='ltr'>et</span> <span class='ocrx_word' id='word_1_435' title='bbox 421 3755 550 3825; x_wconf 82' lang='lat' dir='ltr'>exculti</span> <span class='ocrx_word' id='word_1_436' title='bbox 573 3755 755 3836; x_wconf 88' lang='lat' dir='ltr'>doctrina,</span> <span class='ocrx_word' id='word_1_437' title='bbox 782 3757 891 3845; x_wconf 92' lang='lat' dir='ltr'>magis</span> <span class='ocrx_word' id='word_1_438' title='bbox 912 3759 1033 3830; x_wconf 90' lang='lat' dir='ltr'>idonei</span> <span class='ocrx_word' id='word_1_439' title='bbox 1051 3760 1138 3831; x_wconf 87' lang='lat' dir='ltr'>liant</span> <span class='ocrx_word' id='word_1_440' title='bbox 1188 3758 1306 3847; x_wconf 87' lang='lat' dir='ltr'>Quam</span> <span class='ocrx_word' id='word_1_441' title='bbox 1331 3757 1400 3828; x_wconf 86' lang='lat' dir='ltr'>late</span> <span class='ocrx_word' id='word_1_442' title='bbox 1423 3770 1619 3849; x_wconf 88' lang='lat' dir='ltr'>grassatur,</span> <span class='ocrx_word' id='word_1_443' title='bbox 1651 3769 1821 3849; x_wconf 89' lang='lat' dir='ltr'>quantam</span> <span class='ocrx_word' id='word_1_444' title='bbox 1843 3753 2087 3826; x_wconf 82' lang='lat' dir='ltr'>vastationem</span> <span class='ocrx_word' id='word_1_445' title='bbox 2107 3750 2174 3823; x_wconf 73' lang='lat' dir='ltr'>tecit</span> 
     </span>
     <span class='ocr_line' id='line_1_35' title="bbox 144 3853 2174 3951; baseline 0.002 -27"><span class='ocrx_word' id='word_1_446' title='bbox 144 3856 190 3925; x_wconf 92' lang='lat' dir='ltr'>ad</span> <span class='ocrx_word' id='word_1_447' title='bbox 214 3856 335 3925; x_wconf 84' lang='lat' dir='ltr'>dextre</span> <span class='ocrx_word' id='word_1_448' title='bbox 359 3857 568 3925; x_wconf 88' lang='lat' dir='ltr'>tradendam</span> <span class='ocrx_word' id='word_1_449' title='bbox 592 3859 791 3928; x_wconf 90' lang='lat' dir='ltr'>doctrinam</span> <span class='ocrx_word' id='word_1_450' title='bbox 810 3858 1011 3951; x_wconf 90' lang='lat' dir='ltr'>religionis,</span> <span class='ocrx_word' id='word_1_451' title='bbox 1036 3857 1137 3932; x_wconf 88' lang='lat' dir='ltr'>et&#39;ad</span> <span class='ocrx_word' id='word_1_452' title='bbox 1188 3859 1339 3932; x_wconf 75' lang='lat' dir='ltr'>&#39;l&#39;urcica</span> <span class='ocrx_word' id='word_1_453' title='bbox 1361 3857 1582 3942; x_wconf 85' lang='lat' dir='ltr'>immanitas,</span> <span class='ocrx_word' id='word_1_454' title='bbox 1611 3856 1682 3926; x_wconf 92' lang='lat' dir='ltr'>iam</span> <span class='ocrx_word' id='word_1_455' title='bbox 1704 3857 1809 3927; x_wconf 91' lang='lat' dir='ltr'>etiam</span> <span class='ocrx_word' id='word_1_456' title='bbox 1832 3854 1966 3926; x_wconf 88' lang='lat' dir='ltr'>nostris</span> <span class='ocrx_word' id='word_1_457' title='bbox 1989 3853 2174 3929; x_wconf 80' lang='lat' dir='ltr'>cervicibus</span> 
     </span>
     <span class='ocr_line' id='line_1_36' title="bbox 142 3954 2174 4050; baseline 0 -24"><span class='ocrx_word' id='word_1_458' title='bbox 142 3957 368 4047; x_wconf 82' lang='lat' dir='ltr'>explicandas</span> <span class='ocrx_word' id='word_1_459' title='bbox 392 3958 649 4028; x_wconf 88' lang='lat' dir='ltr'>controversias</span> <span class='ocrx_word' id='word_1_460' title='bbox 672 3960 897 4050; x_wconf 89' lang='lat' dir='ltr'>dogmatum,</span> <span class='ocrx_word' id='word_1_461' title='bbox 923 3975 958 4032; x_wconf 89' lang='lat' dir='ltr'>et</span> <span class='ocrx_word' id='word_1_462' title='bbox 979 3964 1023 4033; x_wconf 90' lang='lat' dir='ltr'>ad</span> <span class='ocrx_word' id='word_1_463' title='bbox 1040 3964 1138 4035; x_wconf 86' lang='lat' dir='ltr'>relu·</span> <span class='ocrx_word' id='word_1_464' title='bbox 1187 3960 1403 4031; x_wconf 82' lang='lat' dir='ltr'>imminens?</span> <span class='ocrx_word' id='word_1_465' title='bbox 1451 3961 1508 4031; x_wconf 89' lang='lat' dir='ltr'>Ad</span> <span class='ocrx_word' id='word_1_466' title='bbox 1531 3954 1618 4029; x_wconf 93' lang='lat' dir='ltr'>haec</span> <span class='ocrx_word' id='word_1_467' title='bbox 1641 3961 1814 4031; x_wconf 90' lang='lat' dir='ltr'>accedunt</span> <span class='ocrx_word' id='word_1_468' title='bbox 1835 3956 2174 4030; x_wconf 79' lang='lat' dir='ltr'>intestinorumm·</span> 
     </span>
     <span class='ocr_line' id='line_1_37' title="bbox 143 4056 2175 4154; baseline 0 -25"><span class='ocrx_word' id='word_1_469' title='bbox 143 4061 270 4130; x_wconf 89' lang='lat' dir='ltr'>tandos</span> <span class='ocrx_word' id='word_1_470' title='bbox 286 4081 422 4128; x_wconf 88' lang='lat' dir='ltr'>errores</span> <span class='ocrx_word' id='word_1_471' title='bbox 439 4083 477 4128; x_wconf 92' lang='lat' dir='ltr'>ac</span> <span class='ocrx_word' id='word_1_472' title='bbox 493 4061 709 4151; x_wconf 91' lang='lat' dir='ltr'>corruptelas</span> <span class='ocrx_word' id='word_1_473' title='bbox 725 4087 833 4154; x_wconf 92' lang='lat' dir='ltr'>purae</span> <span class='ocrx_word' id='word_1_474' title='bbox 848 4063 1042 4137; x_wconf 85' lang='lat' dir='ltr'>doctrinae.</span> <span class='ocrx_word' id='word_1_475' title='bbox 1186 4078 1289 4136; x_wconf 90' lang='lat' dir='ltr'>tuum</span> <span class='ocrx_word' id='word_1_476' title='bbox 1311 4075 1445 4146; x_wconf 88' lang='lat' dir='ltr'>metus,</span> <span class='ocrx_word' id='word_1_477' title='bbox 1481 4077 1522 4132; x_wconf 93' lang='lat' dir='ltr'>ut</span> <span class='ocrx_word' id='word_1_478' title='bbox 1542 4076 1675 4131; x_wconf 90' lang='lat' dir='ltr'>taceam</span> <span class='ocrx_word' id='word_1_479' title='bbox 1698 4061 1766 4130; x_wconf 91' lang='lat' dir='ltr'>alia</span> <span class='ocrx_word' id='word_1_480' title='bbox 1787 4059 1944 4152; x_wconf 90' lang='lat' dir='ltr'>pericula</span> <span class='ocrx_word' id='word_1_481' title='bbox 1968 4056 2175 4152; x_wconf 80' lang='lat' dir='ltr'>persecutis·</span> 
     </span>
     <span class='ocr_line' id='line_1_38' title="bbox 247 4153 2197 4255; baseline 0.002 -27"><span class='ocrx_word' id='word_1_482' title='bbox 247 4155 303 4228; x_wconf 86' lang='lat' dir='ltr'>Ad</span> <span class='ocrx_word' id='word_1_483' title='bbox 318 4153 381 4228; x_wconf 90' lang='lat' dir='ltr'>has</span> <span class='ocrx_word' id='word_1_484' title='bbox 397 4183 452 4229; x_wconf 90' lang='lat' dir='ltr'>res</span> <span class='ocrx_word' id='word_1_485' title='bbox 466 4175 558 4231; x_wconf 87' lang='lat' dir='ltr'>terte</span> <span class='ocrx_word' id='word_1_486' title='bbox 572 4187 661 4254; x_wconf 89' lang='lat' dir='ltr'>opus</span> <span class='ocrx_word' id='word_1_487' title='bbox 676 4178 726 4233; x_wconf 90' lang='lat' dir='ltr'>est</span> <span class='ocrx_word' id='word_1_488' title='bbox 741 4160 890 4246; x_wconf 92' lang='lat' dir='ltr'>scholis,</span> <span class='ocrx_word' id='word_1_489' title='bbox 917 4165 1008 4237; x_wconf 91' lang='lat' dir='ltr'>sicut</span> <span class='ocrx_word' id='word_1_490' title='bbox 1022 4161 1136 4237; x_wconf 90' lang='lat' dir='ltr'>histo·</span> <span class='ocrx_word' id='word_1_491' title='bbox 1186 4189 1294 4249; x_wconf 76' lang='lat' dir='ltr'>utrm,</span> <span class='ocrx_word' id='word_1_492' title='bbox 1317 4177 1353 4233; x_wconf 89' lang='lat' dir='ltr'>et</span> <span class='ocrx_word' id='word_1_493' title='bbox 1372 4165 1601 4235; x_wconf 88' lang='lat' dir='ltr'>acerbitatum</span> <span class='ocrx_word' id='word_1_494' title='bbox 1624 4163 1741 4234; x_wconf 90' lang='lat' dir='ltr'>omnis</span> <span class='ocrx_word' id='word_1_495' title='bbox 1756 4162 1913 4253; x_wconf 91' lang='lat' dir='ltr'>generis,</span> <span class='ocrx_word' id='word_1_496' title='bbox 1935 4162 2075 4255; x_wconf 89' lang='lat' dir='ltr'>quibus</span> <span class='ocrx_word' id='word_1_497' title='bbox 2089 4155 2175 4231; x_wconf 82' lang='lat' dir='ltr'>duri-</span> <span class='ocrx_word' id='word_1_498' title='bbox 2192 4190 2197 4197; x_wconf 93' lang='lat'><strong>·</strong></span> 
     </span>
     <span class='ocr_line' id='line_1_39' title="bbox 143 4259 2175 4361; baseline 0 -33"><span class='ocrx_word' id='word_1_499' title='bbox 143 4259 215 4328; x_wconf 90' lang='lat' dir='ltr'>riae</span> <span class='ocrx_word' id='word_1_500' title='bbox 236 4283 353 4329; x_wconf 88' lang='lat' dir='ltr'>sacrae</span> <span class='ocrx_word' id='word_1_501' title='bbox 376 4274 567 4348; x_wconf 84' lang='lat' dir='ltr'>testantur,</span> <span class='ocrx_word' id='word_1_502' title='bbox 592 4265 675 4334; x_wconf 89' lang='lat' dir='ltr'>inde</span> <span class='ocrx_word' id='word_1_503' title='bbox 689 4291 800 4360; x_wconf 88' lang='lat' dir='ltr'>usque</span> <span class='ocrx_word' id='word_1_504' title='bbox 817 4268 862 4337; x_wconf 91' lang='lat' dir='ltr'>ab</span> <span class='ocrx_word' id='word_1_505' title='bbox 880 4267 984 4339; x_wconf 87' lang='lat' dir='ltr'>initio</span> <span class='ocrx_word' id='word_1_506' title='bbox 999 4293 1137 4361; x_wconf 88' lang='lat' dir='ltr'>semper</span> <span class='ocrx_word' id='word_1_507' title='bbox 1187 4263 1634 4338; x_wconf 77' lang='lat' dir='ltr'>tes-concutiturEcclesia.</span> <span class='ocrx_word' id='word_1_508' title='bbox 1688 4263 1730 4334; x_wconf 95' lang='lat' dir='ltr'>ln</span> <span class='ocrx_word' id='word_1_509' title='bbox 1746 4261 1800 4334; x_wconf 89' lang='lat' dir='ltr'>his</span> <span class='ocrx_word' id='word_1_510' title='bbox 1814 4264 1917 4334; x_wconf 91' lang='lat' dir='ltr'>malis</span> <span class='ocrx_word' id='word_1_511' title='bbox 1930 4265 2022 4358; x_wconf 88' lang='lat' dir='ltr'>qnid</span> <span class='ocrx_word' id='word_1_512' title='bbox 2035 4280 2175 4359; x_wconf 72' lang='lat' dir='ltr'>usquam</span> 
     </span>
     <span class='ocr_line' id='line_1_40' title="bbox 142 4360 2175 4460; baseline 0.002 -30"><span class='ocrx_word' id='word_1_513' title='bbox 142 4360 248 4432; x_wconf 86' lang='lat' dir='ltr'>luisse</span> <span class='ocrx_word' id='word_1_514' title='bbox 263 4362 401 4456; x_wconf 87' lang='lat' dir='ltr'>aliquos</span> <span class='ocrx_word' id='word_1_515' title='bbox 414 4366 758 4436; x_wconf 88' lang='lat' dir='ltr'>coetusdiscentium</span> <span class='ocrx_word' id='word_1_516' title='bbox 771 4369 967 4454; x_wconf 87' lang='lat' dir='ltr'>adiunctos,</span> <span class='ocrx_word' id='word_1_517' title='bbox 988 4373 1136 4441; x_wconf 89' lang='lat' dir='ltr'>summis</span> <span class='ocrx_word' id='word_1_518' title='bbox 1188 4367 1389 4439; x_wconf 89' lang='lat' dir='ltr'>ostenditur</span> <span class='ocrx_word' id='word_1_519' title='bbox 1421 4364 1625 4440; x_wconf 89' lang='lat' dir='ltr'>humanitus</span> <span class='ocrx_word' id='word_1_520' title='bbox 1652 4366 1801 4438; x_wconf 84' lang='lat' dir='ltr'>auxilii?</span> <span class='ocrx_word' id='word_1_521' title='bbox 1833 4380 1895 4437; x_wconf 94' lang='lat' dir='ltr'>aut</span> <span class='ocrx_word' id='word_1_522' title='bbox 1924 4367 2175 4460; x_wconf 70' lang='lat' dir='ltr'>quaerendem</span> 
     </span>
     <span class='ocr_line' id='line_1_41' title="bbox 143 4461 2177 4562; baseline 0 -30"><span class='ocrx_word' id='word_1_523' title='bbox 143 4464 216 4533; x_wconf 91' lang='lat' dir='ltr'>illis</span> <span class='ocrx_word' id='word_1_524' title='bbox 236 4464 344 4546; x_wconf 89' lang='lat' dir='ltr'>viris,</span> <span class='ocrx_word' id='word_1_525' title='bbox 377 4463 561 4549; x_wconf 88' lang='lat' dir='ltr'>Patribus,</span> <span class='ocrx_word' id='word_1_526' title='bbox 595 4461 783 4560; x_wconf 87' lang='lat' dir='ltr'>Prophetis</span> <span class='ocrx_word' id='word_1_527' title='bbox 805 4484 841 4541; x_wconf 88' lang='lat' dir='ltr'>ct</span> <span class='ocrx_word' id='word_1_528' title='bbox 863 4471 1067 4562; x_wconf 87' lang='lat' dir='ltr'>Apostolis,</span> <span class='ocrx_word' id='word_1_529' title='bbox 1099 4488 1135 4545; x_wconf 94' lang='lat' dir='ltr'>et</span> <span class='ocrx_word' id='word_1_530' title='bbox 1187 4469 1418 4554; x_wconf 48' lang='lat' dir='ltr'>consolatio?</span> <span class='ocrx_word' id='word_1_531' title='bbox 1443 4471 1512 4541; x_wconf 93' lang='lat' dir='ltr'>nisi</span> <span class='ocrx_word' id='word_1_532' title='bbox 1541 4467 1627 4540; x_wconf 91' lang='lat' dir='ltr'>haec</span> <span class='ocrx_word' id='word_1_533' title='bbox 1652 4494 1744 4554; x_wconf 89' lang='lat' dir='ltr'>una,</span> <span class='ocrx_word' id='word_1_534' title='bbox 1776 4482 1945 4561; x_wconf 90' lang='lat' dir='ltr'>tanquam</span> <span class='ocrx_word' id='word_1_535' title='bbox 1973 4474 2177 4540; x_wconf 84' lang='lat' dir='ltr'>extremaet</span> 
     </span>
     <span class='ocr_line' id='line_1_42' title="bbox 142 4564 2212 4663; baseline 0.002 -26"><span class='ocrx_word' id='word_1_536' title='bbox 142 4579 264 4658; x_wconf 88' lang='lat' dir='ltr'>postea</span> <span class='ocrx_word' id='word_1_537' title='bbox 276 4568 339 4638; x_wconf 89' lang='lat' dir='ltr'>diu</span> <span class='ocrx_word' id='word_1_538' title='bbox 354 4569 393 4636; x_wconf 89' lang='lat' dir='ltr'>in</span> <span class='ocrx_word' id='word_1_539' title='bbox 409 4564 594 4648; x_wconf 90' lang='lat' dir='ltr'>Ecclesiis,</span> <span class='ocrx_word' id='word_1_540' title='bbox 621 4585 661 4640; x_wconf 92' lang='lat' dir='ltr'>ut</span> <span class='ocrx_word' id='word_1_541' title='bbox 674 4568 915 4642; x_wconf 83' lang='lat' dir='ltr'>Alexandrina</span> <span class='ocrx_word' id='word_1_542' title='bbox 931 4589 965 4644; x_wconf 91' lang='lat' dir='ltr'>et</span> <span class='ocrx_word' id='word_1_543' title='bbox 980 4575 1076 4660; x_wconf 90' lang='lat' dir='ltr'>aliis,</span> <span class='ocrx_word' id='word_1_544' title='bbox 1100 4588 1135 4648; x_wconf 89' lang='lat' dir='ltr'>et</span> <span class='ocrx_word' id='word_1_545' title='bbox 1186 4594 1282 4644; x_wconf 87' lang='lat' dir='ltr'>sacra</span> <span class='ocrx_word' id='word_1_546' title='bbox 1311 4566 1467 4643; x_wconf 91' lang='lat' dir='ltr'>anchora</span> <span class='ocrx_word' id='word_1_547' title='bbox 1494 4572 1643 4643; x_wconf 84' lang='lat' dir='ltr'>salutis?</span> <span class='ocrx_word' id='word_1_548' title='bbox 1694 4571 1799 4661; x_wconf 86' lang='lat' dir='ltr'>Quod</span> <span class='ocrx_word' id='word_1_549' title='bbox 1827 4567 1924 4641; x_wconf 90' lang='lat' dir='ltr'>Deus</span> <span class='ocrx_word' id='word_1_550' title='bbox 1948 4582 2076 4641; x_wconf 84' lang='lat' dir='ltr'>tamen</span> <span class='ocrx_word' id='word_1_551' title='bbox 2099 4570 2212 4663; x_wconf 76' lang='lat' dir='ltr'>ciue·¹</span> 
     </span>
     <span class='ocr_line' id='line_1_43' title="bbox 144 4667 2212 4767; baseline 0.002 -31"><span class='ocrx_word' id='word_1_552' title='bbox 144 4668 182 4737; x_wconf 92' lang='lat' dir='ltr'>iu</span> <span class='ocrx_word' id='word_1_553' title='bbox 212 4670 376 4758; x_wconf 88' lang='lat' dir='ltr'>plurimis</span> <span class='ocrx_word' id='word_1_554' title='bbox 405 4670 561 4759; x_wconf 88' lang='lat' dir='ltr'>collegiis</span> <span class='ocrx_word' id='word_1_555' title='bbox 588 4667 728 4743; x_wconf 91' lang='lat' dir='ltr'>scholae</span> <span class='ocrx_word' id='word_1_556' title='bbox 749 4674 957 4747; x_wconf 90' lang='lat' dir='ltr'>constitutae</span> <span class='ocrx_word' id='word_1_557' title='bbox 978 4677 1135 4764; x_wconf 88' lang='lat' dir='ltr'>luerunt,</span> <span class='ocrx_word' id='word_1_558' title='bbox 1185 4688 1389 4746; x_wconf 88' lang='lat' dir='ltr'>servaturus</span> <span class='ocrx_word' id='word_1_559' title='bbox 1412 4675 1456 4744; x_wconf 89' lang='lat' dir='ltr'>sit</span> <span class='ocrx_word' id='word_1_560' title='bbox 1479 4674 1634 4767; x_wconf 92' lang='lat' dir='ltr'>aliquam</span> <span class='ocrx_word' id='word_1_561' title='bbox 1656 4668 1869 4758; x_wconf 87' lang='lat' dir='ltr'>Ecclesiam,</span> <span class='ocrx_word' id='word_1_562' title='bbox 1894 4672 1987 4744; x_wconf 88' lang='lat' dir='ltr'>sicut</span> <span class='ocrx_word' id='word_1_563' title='bbox 2011 4682 2177 4746; x_wconf 85' lang='lat' dir='ltr'>testantur</span> <span class='ocrx_word' id='word_1_564' title='bbox 2210 4676 2212 4695; x_wconf 93' lang='lat'>&#39;</span> 
     </span>
     <span class='ocr_line' id='line_1_44' title="bbox 143 4770 2177 4870; baseline 0.002 -31"><span class='ocrx_word' id='word_1_565' title='bbox 143 4783 181 4839; x_wconf 91' lang='lat' dir='ltr'>ut</span> <span class='ocrx_word' id='word_1_566' title='bbox 203 4770 288 4840; x_wconf 91' lang='lat' dir='ltr'>inde</span> <span class='ocrx_word' id='word_1_567' title='bbox 307 4786 531 4842; x_wconf 87' lang='lat' dir='ltr'>sumerentur</span> <span class='ocrx_word' id='word_1_568' title='bbox 544 4772 714 4844; x_wconf 87' lang='lat' dir='ltr'>Doctores</span> <span class='ocrx_word' id='word_1_569' title='bbox 734 4790 766 4846; x_wconf 91' lang='lat' dir='ltr'>et</span> <span class='ocrx_word' id='word_1_570' title='bbox 781 4774 942 4846; x_wconf 86' lang='lat' dir='ltr'>Pastores</span> <span class='ocrx_word' id='word_1_571' title='bbox 956 4775 1134 4851; x_wconf 90' lang='lat' dir='ltr'>Ecclesia·</span> <span class='ocrx_word' id='word_1_572' title='bbox 1186 4776 1453 4870; x_wconf 89' lang='lat' dir='ltr'>promissiones:</span> <span class='ocrx_word' id='word_1_573' title='bbox 1487 4774 1564 4865; x_wconf 87' lang='lat' dir='ltr'>Ego</span> <span class='ocrx_word' id='word_1_574' title='bbox 1584 4775 1779 4865; x_wconf 77' lang='lat' dir='ltr'>vobiscum</span> <span class='ocrx_word' id='word_1_575' title='bbox 1793 4799 1871 4844; x_wconf 90' lang='lat' dir='ltr'>sum</span> <span class='ocrx_word' id='word_1_576' title='bbox 1896 4797 2014 4868; x_wconf 90' lang='lat' dir='ltr'>usque</span> <span class='ocrx_word' id='word_1_577' title='bbox 2036 4776 2083 4845; x_wconf 82' lang='lat' dir='ltr'>ad</span> <span class='ocrx_word' id='word_1_578' title='bbox 2099 4792 2177 4845; x_wconf 78' lang='lat' dir='ltr'>eon·</span> 
     </span>
     <span class='ocr_line' id='line_1_45' title="bbox 143 4868 2177 4971; baseline 0.002 -32"><span class='ocrx_word' id='word_1_579' title='bbox 143 4895 235 4939; x_wconf 84' lang='lat' dir='ltr'>rum.</span> <span class='ocrx_word' id='word_1_580' title='bbox 289 4870 364 4942; x_wconf 94' lang='lat' dir='ltr'>lmo</span> <span class='ocrx_word' id='word_1_581' title='bbox 378 4888 412 4945; x_wconf 89' lang='lat' dir='ltr'>et</span> <span class='ocrx_word' id='word_1_582' title='bbox 425 4868 588 4944; x_wconf 89' lang='lat' dir='ltr'>Christus</span> <span class='ocrx_word' id='word_1_583' title='bbox 604 4875 685 4946; x_wconf 90' lang='lat' dir='ltr'>ideo</span> <span class='ocrx_word' id='word_1_584' title='bbox 702 4878 761 4947; x_wconf 92' lang='lat' dir='ltr'>dat</span> <span class='ocrx_word' id='word_1_585' title='bbox 774 4874 952 4948; x_wconf 84' lang='lat' dir='ltr'>Ecclesiae</span> <span class='ocrx_word' id='word_1_586' title='bbox 968 4904 1067 4965; x_wconf 89' lang='lat' dir='ltr'>suae,</span> <span class='ocrx_word' id='word_1_587' title='bbox 1092 4896 1133 4953; x_wconf 93' lang='lat' dir='ltr'>ut</span> <span class='ocrx_word' id='word_1_588' title='bbox 1184 4878 1458 4951; x_wconf 86' lang='lat' dir='ltr'>summationem</span> <span class='ocrx_word' id='word_1_589' title='bbox 1481 4879 1600 4952; x_wconf 89' lang='lat' dir='ltr'>seculi.</span> <span class='ocrx_word' id='word_1_590' title='bbox 1652 4875 1758 4946; x_wconf 88' lang='lat' dir='ltr'>Item:</span> <span class='ocrx_word' id='word_1_591' title='bbox 1789 4875 1873 4946; x_wconf 92' lang='lat' dir='ltr'>Non</span> <span class='ocrx_word' id='word_1_592' title='bbox 1896 4876 2104 4971; x_wconf 86' lang='lat' dir='ltr'>relinquam</span> <span class='ocrx_word' id='word_1_593' title='bbox 2122 4894 2177 4944; x_wconf 82' lang='lat' dir='ltr'>vet</span> 
     </span>
     <span class='ocr_line' id='line_1_46' title="bbox 142 4969 2212 5079; baseline 0.007 -38"><span class='ocrx_word' id='word_1_594' title='bbox 142 4972 193 5041; x_wconf 92' lang='lat' dir='ltr'>ait</span> <span class='ocrx_word' id='word_1_595' title='bbox 215 4969 425 5063; x_wconf 87' lang='lat' dir='ltr'>Apostolus,</span> <span class='ocrx_word' id='word_1_596' title='bbox 454 4973 634 5072; x_wconf 84' lang='lat' dir='ltr'>Pastores,</span> <span class='ocrx_word' id='word_1_597' title='bbox 666 4974 860 5068; x_wconf 86' lang='lat' dir='ltr'>Prophetas</span> <span class='ocrx_word' id='word_1_598' title='bbox 888 4995 922 5051; x_wconf 89' lang='lat' dir='ltr'>et</span> <span class='ocrx_word' id='word_1_599' title='bbox 948 4979 1131 5069; x_wconf 89' lang='lat' dir='ltr'>Doctores,</span> <span class='ocrx_word' id='word_1_600' title='bbox 1185 4975 1385 5074; x_wconf 79' lang='lat' dir='ltr'>orphanos,</span> <span class='ocrx_word' id='word_1_601' title='bbox 1409 4994 1474 5054; x_wconf 90' lang='lat' dir='ltr'>etc.</span> <span class='ocrx_word' id='word_1_602' title='bbox 2208 5060 2212 5079; x_wconf 33' lang='lat'><strong>⁴</strong></span> 
     </span>
     <span class='ocr_line' id='line_1_47' title="bbox 141 5071 2177 5173; baseline 0.001 -31"><span class='ocrx_word' id='word_1_603' title='bbox 141 5074 223 5167; x_wconf 92' lang='lat' dir='ltr'>quia</span> <span class='ocrx_word' id='word_1_604' title='bbox 241 5075 318 5145; x_wconf 88' lang='lat' dir='ltr'>vult</span> <span class='ocrx_word' id='word_1_605' title='bbox 335 5077 380 5146; x_wconf 93' lang='lat' dir='ltr'>ab</span> <span class='ocrx_word' id='word_1_606' title='bbox 399 5071 454 5146; x_wconf 92' lang='lat' dir='ltr'>his</span> <span class='ocrx_word' id='word_1_607' title='bbox 470 5073 662 5148; x_wconf 89' lang='lat' dir='ltr'>Ecclesiam</span> <span class='ocrx_word' id='word_1_608' title='bbox 679 5080 818 5154; x_wconf 90' lang='lat' dir='ltr'>institui</span> <span class='ocrx_word' id='word_1_609' title='bbox 835 5106 874 5152; x_wconf 89' lang='lat' dir='ltr'>ac</span> <span class='ocrx_word' id='word_1_610' title='bbox 891 5084 1029 5165; x_wconf 89' lang='lat' dir='ltr'>doceri,</span> <span class='ocrx_word' id='word_1_611' title='bbox 1055 5085 1133 5157; x_wconf 90' lang='lat' dir='ltr'>vult</span> <span class='ocrx_word' id='word_1_612' title='bbox 1286 5081 1358 5152; x_wconf 87' lang='lat' dir='ltr'>Sed</span> <span class='ocrx_word' id='word_1_613' title='bbox 1379 5107 1459 5152; x_wconf 92' lang='lat' dir='ltr'>cum</span> <span class='ocrx_word' id='word_1_614' title='bbox 1482 5075 1572 5151; x_wconf 90' lang='lat' dir='ltr'>mihi</span> <span class='ocrx_word' id='word_1_615' title='bbox 1590 5083 1757 5151; x_wconf 91' lang='lat' dir='ltr'>mandato</span> <span class='ocrx_word' id='word_1_616' title='bbox 1774 5079 2000 5173; x_wconf 86' lang='lat' dir='ltr'>superiorum</span> <span class='ocrx_word' id='word_1_617' title='bbox 2019 5075 2177 5172; x_wconf 80' lang='lat' dir='ltr'>imposita</span> 
     </span>
     <span class='ocr_line' id='line_1_48' title="bbox 141 5177 2176 5275; baseline 0.002 -28"><span class='ocrx_word' id='word_1_618' title='bbox 141 5177 341 5268; x_wconf 87' lang='lat' dir='ltr'>praeparari</span> <span class='ocrx_word' id='word_1_619' title='bbox 357 5200 432 5263; x_wconf 90' lang='lat' dir='ltr'>eos,</span> <span class='ocrx_word' id='word_1_620' title='bbox 458 5178 520 5272; x_wconf 90' lang='lat' dir='ltr'>qui</span> <span class='ocrx_word' id='word_1_621' title='bbox 537 5180 762 5270; x_wconf 83' lang='lat' dir='ltr'>praeficiendi</span> <span class='ocrx_word' id='word_1_622' title='bbox 776 5197 860 5254; x_wconf 90' lang='lat' dir='ltr'>suut</span> <span class='ocrx_word' id='word_1_623' title='bbox 873 5181 1062 5270; x_wconf 89' lang='lat' dir='ltr'>Ecclesiis,</span> <span class='ocrx_word' id='word_1_624' title='bbox 1086 5210 1132 5256; x_wconf 89' lang='lat' dir='ltr'>ne</span> <span class='ocrx_word' id='word_1_625' title='bbox 1183 5183 1228 5254; x_wconf 92' lang='lat' dir='ltr'>sit</span> <span class='ocrx_word' id='word_1_626' title='bbox 1249 5184 1437 5254; x_wconf 88' lang='lat' dir='ltr'>necessitas</span> <span class='ocrx_word' id='word_1_627' title='bbox 1460 5179 1627 5255; x_wconf 90' lang='lat' dir='ltr'>hocloco</span> <span class='ocrx_word' id='word_1_628' title='bbox 1650 5181 1814 5264; x_wconf 90' lang='lat' dir='ltr'>dicendi,</span> <span class='ocrx_word' id='word_1_629' title='bbox 1840 5204 1905 5249; x_wconf 88' lang='lat' dir='ltr'>nec</span> <span class='ocrx_word' id='word_1_630' title='bbox 1930 5182 2039 5254; x_wconf 87' lang='lat' dir='ltr'>liceat</span> <span class='ocrx_word' id='word_1_631' title='bbox 2065 5177 2176 5275; x_wconf 89' lang='lat' dir='ltr'>publi·</span> 
     </span>
     <span class='ocr_line' id='line_1_49' title="bbox 141 5280 2174 5379; baseline 0.003 -31"><span class='ocrx_word' id='word_1_632' title='bbox 141 5281 309 5350; x_wconf 86' lang='lat' dir='ltr'>accedant</span> <span class='ocrx_word' id='word_1_633' title='bbox 335 5303 480 5371; x_wconf 88' lang='lat' dir='ltr'>prorsus</span> <span class='ocrx_word' id='word_1_634' title='bbox 509 5282 644 5353; x_wconf 92' lang='lat' dir='ltr'>indocti</span> <span class='ocrx_word' id='word_1_635' title='bbox 673 5297 734 5354; x_wconf 92' lang='lat' dir='ltr'>aut</span> <span class='ocrx_word' id='word_1_636' title='bbox 758 5284 931 5374; x_wconf 91' lang='lat' dir='ltr'>imperiti,</span> <span class='ocrx_word' id='word_1_637' title='bbox 963 5287 1130 5379; x_wconf 91' lang='lat' dir='ltr'>quicum</span> <span class='ocrx_word' id='word_1_638' title='bbox 1184 5308 1261 5356; x_wconf 87' lang='lat' dir='ltr'>tam</span> <span class='ocrx_word' id='word_1_639' title='bbox 1283 5286 1509 5355; x_wconf 90' lang='lat' dir='ltr'>autoritatem</span> <span class='ocrx_word' id='word_1_640' title='bbox 1534 5287 1738 5355; x_wconf 86' lang='lat' dir='ltr'>detrectare.</span> <span class='ocrx_word' id='word_1_641' title='bbox 1794 5280 1872 5353; x_wconf 88' lang='lat' dir='ltr'>Etsi</span> <span class='ocrx_word' id='word_1_642' title='bbox 1894 5282 2061 5377; x_wconf 89' lang='lat' dir='ltr'>undique</span> <span class='ocrx_word' id='word_1_643' title='bbox 2078 5302 2174 5371; x_wconf 75' lang='lat' dir='ltr'>argu·</span> 
     </span>
     <span class='ocr_line' id='line_1_50' title="bbox 142 5381 2172 5482; baseline 0 -33"><span class='ocrx_word' id='word_1_644' title='bbox 142 5405 206 5451; x_wconf 91' lang='lat' dir='ltr'>nec</span> <span class='ocrx_word' id='word_1_645' title='bbox 222 5381 311 5452; x_wconf 90' lang='lat' dir='ltr'>alios</span> <span class='ocrx_word' id='word_1_646' title='bbox 326 5381 521 5469; x_wconf 90' lang='lat' dir='ltr'>audierint,</span> <span class='ocrx_word' id='word_1_647' title='bbox 546 5397 581 5456; x_wconf 91' lang='lat' dir='ltr'>et</span> <span class='ocrx_word' id='word_1_648' title='bbox 593 5384 666 5455; x_wconf 89' lang='lat' dir='ltr'>sint</span> <span class='ocrx_word' id='word_1_649' title='bbox 680 5383 757 5455; x_wconf 90' lang='lat' dir='ltr'>sine</span> <span class='ocrx_word' id='word_1_650' title='bbox 769 5386 846 5457; x_wconf 91' lang='lat' dir='ltr'>ullo</span> <span class='ocrx_word' id='word_1_651' title='bbox 861 5409 928 5457; x_wconf 92' lang='lat' dir='ltr'>usu</span> <span class='ocrx_word' id='word_1_652' title='bbox 944 5388 1132 5479; x_wconf 84' lang='lat' dir='ltr'>spirituali,</span> <span class='ocrx_word' id='word_1_653' title='bbox 1183 5399 1343 5457; x_wconf 86' lang='lat' dir='ltr'>mentum</span> <span class='ocrx_word' id='word_1_654' title='bbox 1358 5412 1509 5482; x_wconf 90' lang='lat' dir='ltr'>quaero,</span> <span class='ocrx_word' id='word_1_655' title='bbox 1532 5399 1650 5457; x_wconf 92' lang='lat' dir='ltr'>tamen</span> <span class='ocrx_word' id='word_1_656' title='bbox 1665 5406 1879 5479; x_wconf 90' lang='lat' dir='ltr'>quocunque</span> <span class='ocrx_word' id='word_1_657' title='bbox 1895 5408 1952 5452; x_wconf 90' lang='lat' dir='ltr'>me</span> <span class='ocrx_word' id='word_1_658' title='bbox 1965 5398 2082 5466; x_wconf 77' lang='lat' dir='ltr'>verto,</span> <span class='ocrx_word' id='word_1_659' title='bbox 2106 5401 2172 5452; x_wconf 88' lang='lat' dir='ltr'>nou</span> 
     </span>
     <span class='ocr_line' id='line_1_51' title="bbox 141 5479 2171 5584; baseline 0.002 -31"><span class='ocrx_word' id='word_1_660' title='bbox 141 5494 261 5553; x_wconf 88' lang='lat' dir='ltr'>tamen</span> <span class='ocrx_word' id='word_1_661' title='bbox 280 5483 350 5555; x_wconf 89' lang='lat' dir='ltr'>sibi</span> <span class='ocrx_word' id='word_1_662' title='bbox 366 5484 537 5555; x_wconf 89' lang='lat' dir='ltr'>videntur</span> <span class='ocrx_word' id='word_1_663' title='bbox 549 5479 834 5575; x_wconf 72' lang='lat' dir='ltr'>aecodldmos,</span> <span class='ocrx_word' id='word_1_664' title='bbox 859 5503 895 5562; x_wconf 88' lang='lat' dir='ltr'>et</span> <span class='ocrx_word' id='word_1_665' title='bbox 909 5502 1040 5562; x_wconf 88' lang='lat' dir='ltr'>temere</span> <span class='ocrx_word' id='word_1_666' title='bbox 1053 5488 1131 5562; x_wconf 92' lang='lat' dir='ltr'>sine</span> <span class='ocrx_word' id='word_1_667' title='bbox 1181 5511 1325 5584; x_wconf 86' lang='lat' dir='ltr'>possum</span> <span class='ocrx_word' id='word_1_668' title='bbox 1350 5490 1509 5562; x_wconf 86' lang='lat' dir='ltr'>animum</span> <span class='ocrx_word' id='word_1_669' title='bbox 1532 5501 1566 5559; x_wconf 91' lang='lat' dir='ltr'>et</span> <span class='ocrx_word' id='word_1_670' title='bbox 1587 5487 1834 5578; x_wconf 89' lang='lat' dir='ltr'>cogitationem</span> <span class='ocrx_word' id='word_1_671' title='bbox 1851 5485 2032 5558; x_wconf 90' lang='lat' dir='ltr'>abducere</span> <span class='ocrx_word' id='word_1_672' title='bbox 2050 5480 2171 5559; x_wconf 62' lang='grc'><strong>31311(-</strong></span> 
     </span>
    </p>
   </div>
   <div class='ocr_carea' id='block_1_3' title="bbox 0 0 2336 6022">
    <p class='ocr_par' dir='ltr' id='par_1_3' title="bbox 0 0 2336 6022">
     <span class='ocr_line' id='line_1_52' title="bbox 0 0 2336 6022; baseline 0 0"><span class='ocrx_word' id='word_1_673' title='bbox 0 0 2336 6022; x_wconf 95' lang='lat' dir='ltr'> </span> 
     </span>
    </p>
   </div>
  </div>
 </body>
</html>
