4664 6022
255 270 326 345 103

228 463 230 471 ·
251 441 459 513 tractatione
484 440 666 511 literarum
687 441 824 510 insania
849 455 918 522 est,
952 443 1125 532 attingere
1140 453 1242 511 auto·

251 568 344 630 rem,
370 544 431 636 qui
452 544 581 611 nostris
602 544 727 613 studiis
750 539 842 611 nihil
863 546 1029 616 foeneret.
1081 543 1242 612 Primum

251 646 371 739 itaque
394 646 677 714 constituendum
702 659 771 729 est,
805 671 1036 739 quaecunque
1059 647 1148 714 ratio
1167 659 1244 714 stu-

252 748 393 817 diorum
414 760 571 837 suscepta
589 747 715 830 fuerit,
741 773 846 840 quem
872 750 1026 817 fructum
1045 747 1147 814 nobis
1163 746 1243 838 pol-

251 849 426 920 liceantur
440 849 569 918 literae.
611 844 687 934 Ego
704 873 787 916 vero
806 875 907 939 saepe
921 850 1006 918 alias
1022 848 1165 933 monui,
1194 849 1241 917 ita

252 951 510 1021 instituendum
533 973 606 1017 esse
625 951 806 1035 animum,
837 966 878 1021 ut
895 955 982 1020 duas
1005 946 1068 1019 has
1085 952 1244 1034 virtutes,

250 1052 434 1143 scientiam
450 1051 633 1119 iudicandi
653 1054 696 1120 de
719 1056 824 1120 robus
839 1047 1028 1136 humanis,
1049 1065 1082 1120 et
1096 1053 1244 1122 faculta-

234 1169 321 1226 tem
345 1152 508 1236 dicendi,
540 1154 743 1222 meminerit
763 1156 832 1223 sibi
854 1156 1021 1224 ornnibus
1035 1155 1154 1224 nervis
1178 1178 1243 1245 pa-

251 1256 387 1324 randas
406 1278 491 1323 esse.
556 1251 606 1324 Et
633 1258 677 1323 ad
705 1251 784 1341 lias,
820 1272 988 1351 tanquam
1016 1259 1058 1325 ad
1087 1279 1244 1346 scopum,

251 1369 391 1447 oportet
419 1357 550 1425 referre
578 1356 736 1445 vigilias,
770 1360 1052 1443 lucubrationes,
1091 1358 1244 1449 denique

251 1458 366 1527 studia
385 1459 525 1526 omnia·
568 1456 658 1527 Nam
680 1461 741 1552 qni
759 1477 820 1531 aut
843 1485 916 1529 non
934 1464 1133 1531 formarunt
1149 1458 1243 1528 iudi·

250 1559 345 1630 cium
360 1559 490 1638 literis,
513 1574 553 1629 ut
566 1561 767 1649 intelligant
782 1587 899 1631 rernm
911 1588 949 1631 ac
964 1587 1102 1631 morum
1118 1558 1243 1629 discri-

250 1662 368 1743 mina,
401 1685 560 1755 quaeque
585 1663 620 1729 in
648 1664 766 1748 bonis,
798 1664 946 1756 quaein
963 1665 1065 1731 malis
1082 1665 1242 1732 (lucenda

250 1763 340 1847 sint,
364 1777 512 1831 autnon
530 1779 676 1855 possunt
692 1791 729 1832 ea
750 1792 838 1858 quae
855 1769 1031 1846 sentiunt,
1059 1765 1242 1856 perspicuo

251 1888 415 1934 sermone
429 1867 574 1943 docere,
601 1862 635 1933 hi
654 1863 741 1934 mihi
760 1885 896 1957 praeter
910 1869 1069 1957 corporis
1083 1866 1244 1956 speciem,

251 1961 345 2034 nihil
370 1961 519 2034 humani
543 1963 673 2037 habere
698 1970 874 2040 videntur.
930 1967 1069 2038 Deinde
1086 1970 1132 2038 ita
1150 1967 1244 2036 inter

251 2091 288 2137 se
316 2069 549 2138 coniurarunt
565 2066 730 2139 Eruditio
757 2086 787 2139 et
811 2069 1046 2164 Eloquentia,
1072 2083 1112 2138 ut
1130 2069 1243 2137 divel-

250 2168 323 2239 lere
340 2169 440 2237 nullo
458 2173 564 2239 modo
580 2174 700 2261 possis.
752 2170 842 2242 Nam
862 2187 893 2241 et
911 2175 1107 2241 orationem
1124 2194 1242 2239 rerum

251 2271 395 2339 scientia
419 2295 459 2361 ex
482 2296 517 2338 se
544 2273 651 2341 veluti
668 2275 806 2362 gennit,
836 2289 869 2344 et
886 2272 1171 2343 oratiovicissim
1189 2294 1243 2340 res

251 2372 418 2443 ostendit.
479 2371 552 2441 lam
577 2375 748 2444 caecutire
774 2378 809 2444 in
836 2380 942 2444 relius
958 2366 1157 2467 iudicandis
1181 2397 1244 2440 ue-

251 2497 344 2543 cesse
367 2489 414 2542 est
437 2498 515 2561 eos,
539 2477 599 2567 qni
619 2491 710 2545 recte
725 2480 866 2544 dicendi
891 2502 972 2546 cura
989 2489 1133 2560 vacant,
1160 2500 1244 2567 pro-

251 2589 370 2666 pterea
391 2578 487 2668 quod
512 2571 603 2644 nihil
628 2578 775 2666 perinde
793 2595 943 2646 mentem
961 2580 1073 2664 acuit,
1099 2591 1131 2647 et
1151 2578 1243 2647 exci-

251 2690 318 2760 tat,
344 2691 448 2770 atque
468 2681 648 2754 contentio
672 2681 731 2749 illa
749 2696 782 2750 et
806 2683 961 2749 studium
981 2695 1072 2750 recte
1090 2680 1243 2751 dicendi.

250 2775 332 2846 Non
349 2781 507 2871 estquod
526 2783 649 2870 procul
668 2784 824 2872 exempla
846 2798 951 2872 petas.
1013 2782 1134 2873 Nuper
1155 2784 1242 2849 adeo

251 2879 313 2972 qui
344 2874 611 2970 Philosophiam
643 2885 914 2972 profitebantur,
950 2910 1021 2953 non
1057 2885 1139 2952 satis
1164 2908 1243 2974 per-

251 2995 443 3072 spexerunt
459 2983 529 3049 vim
548 3007 666 3053 earnm
692 2987 821 3054 artium
841 3011 925 3078 quas
942 2988 1134 3068 docebant,
1161 2985 1242 3076 quia

253 3106 427 3172 exponere
442 3085 623 3174 perspicua
641 3089 801 3155 oratione
817 3113 854 3155 ea
871 3111 959 3181 quae
975 3088 1243 3178 profitebantur,

238 3206 358 3257 nemo
381 3186 587 3257 conabatur.
645 3185 801 3258 Proinde
833 3190 896 3282 qni
918 3213 954 3258 se
976 3192 1019 3256 ad
1047 3190 1165 3258 literas
1188 3188 1244 3256 di-

251 3286 399 3354 scendas
430 3288 675 3374 contulerunt,
725 3287 761 3359 hi
800 3292 869 3360 sibi
916 3293 1165 3381 persuadeant,
1195 3303 1244 3358 'et

251 3386 389 3472 oleum,
434 3391 529 3482 quod
558 3393 679 3476 aiunt,
720 3407 754 3462 et
787 3417 928 3484 operam
956 3394 1023 3461 sibi
1051 3393 1241 3485 perituram

249 3511 342 3571 esse,
384 3490 452 3558 nisi
480 3516 559 3560 cum
587 3518 704 3562 rernm
744 3496 888 3565 scientia
916 3496 1073 3564 studium
1102 3494 1242 3563 dicendi

252 3590 515 3659 coniunxerint.
579 3591 697 3687 Atque
728 3593 795 3666 hac
827 3601 871 3664 de
903 3621 941 3664 re
967 3598 1052 3664 alias
1078 3596 1242 3665 diximus.

252 3688 366 3758 Porro
402 3687 528 3759 harum
563 3696 764 3764 orationum
797 3698 951 3780 cognitio
986 3702 1028 3764 ad
1064 3711 1243 3788 utrunque

253 3792 405 3860 multum
427 3795 604 3867 conducit.
662 3795 752 3865 Nam
779 3813 817 3866 nt
832 3793 1042 3888 Philosophi
1061 3796 1241 3887 praecepta

254 3894 297 3961 de
315 3895 474 3962 moribus
498 3896 690 3977 tradidere,
725 3900 771 3968 ita
789 3895 854 3967 hae
872 3901 1049 3968 orationes
1067 3903 1240 3968 bo'norum

252 4018 293 4063 ac
325 3997 501 4064 malorum
536 3996 668 4066 civium
700 4002 855 4090 exempla
891 4019 1113 4092 proponunt,
1154 3997 1264 4093 quae'

252 4096 365 4165 multo
390 4097 563 4166 efficacius
588 4100 729 4170 virtutis
752 4104 907 4173 studium
932 4105 1037 4171 nobis
1061 4127 1242 4171 commen-

253 4197 356 4280 dant,
382 4222 488 4291 qnam
508 4199 655 4288 frigidae
673 4203 753 4270 illae
773 4205 1112 4294 praeceptinncnlae.
1165 4203 1244 4272 Sci-

252 4299 396 4388 pionem
422 4312 454 4367 et
480 4300 664 4394 plerosque
685 4306 772 4373 alius
794 4307 947 4375 illustres
962 4308 1055 4374 viros
1070 4307 1117 4374 ait
1136 4305 1241 4375 Salu-

253 4401 341 4478 stius
372 4401 488 4469 dicere
510 4402 651 4487 solitos,
684 4430 762 4475 curu
792 4408 961 4495 imagines
986 4409 1160 4477 maiorum
1185 4408 1241 4475 in-

252 4514 454 4583 tuerentur,
478 4498 784 4575 vehementissime
806 4510 962 4577 animum
982 4509 1050 4577 sibi
1067 4513 1108 4576 ad
1128 4510 1240 4578 virtu-

252 4615 324 4673 tem
350 4604 504 4674 accendi.
563 4604 664 4693 Quae
690 4626 806 4679 autem
831 4613 923 4678 boue
941 4608 1036 4679 Deus
1054 4635 1241 4695 marmora,

252 4727 343 4797 quae
366 4719 501 4775 statuae
524 4709 680 4777 conferri
692 4734 770 4777 curn
789 4707 844 4778 his
862 4712 1083 4782 orationibus
1101 4736 1241 4782 mereu-

251 4805 333 4876 tur'?
380 4831 470 4899 quae
493 4808 580 4876 alias
607 4809 850 4900 improborum
884 4814 1014 4882 civium
1044 4813 1239 4902 perniciosa

251 4907 420 4991 consilia,
460 4910 547 4977 alias
572 4906 736 4982 honestas
760 4917 959 4986 voluntates
990 4917 1165 4984 bonorum
1191 4916 1241 4982 ci·

250 5009 350 5077 vium
377 5010 424 5076 ita
446 5012 642 5100 depingunt
665 5016 955 5109 exprimuntque,
982 5031 1019 5085 ut
1038 5019 1171 5086 nullius
1186 5017 1240 5084 sa-

251 5111 339 5180 ciem
360 5110 493 5180 imitari
508 5115 652 5203 propius
668 5113 810 5207 Apelles
827 5120 991 5208 potuerit.
1046 5117 1168 5206 Quare
1191 5118 1239 5188 ita

251 5214 409 5283 statuetis
429 5215 472 5281 de
487 5210 544 5282 his
560 5218 697 5285 duabus
712 5222 951 5297 orationibus,
978 5222 1240 5291 absolutissima

252 5318 425 5410 quaedam
458 5318 633 5406 exempla,
671 5321 709 5388 in
744 5323 873 5391 illustri
907 5322 971 5390 sita
1000 5323 1096 5407 loco,
1134 5322 1239 5390 nobis

249 5418 406 5503 ostendi,
438 5441 528 5511 quae
545 5424 877 5508 commonefaciant,
909 5424 992 5517 quid
1015 5425 1052 5493 in
1077 5447 1237 5493 commu-

697 264 856 342 DECL.
896 268 970 343 DE
1002 265 1204 345 PRAEF.
1241 264 1300 341 IN
1324 261 1539 359 ausen.
1573 263 1647 341 ΕΤ
1688 254 1828 344 ΒΕΜ.

2188 230 2287 345 ’104

1295 439 1402 508 nibus
1417 439 1577 509 moribus
1592 453 1771 512 mereatur
1785 441 1944 526 laudem,
1966 452 2028 511 aut
2041 434 2289 533 reprehensio-

1294 564 1390 612 nem.
1458 539 1549 610 Nam
1573 543 1611 610 in
1643 543 1848 613 insectando
1872 538 2131 625 Demosthene,
2167 567 2288 614 veram

1295 645 1475 735 quandam
1492 644 1681 733 imaginem
1692 647 1878 714 sceleratae
1889 645 2016 715 mentis
2029 641 2290 735 fingitAeschi-

1296 767 1369 812 nes.
1427 742 1564 817 Contra
1587 747 1665 830 ille,
1703 770 1783 816 cum
1806 748 2026 817 voluntatem
2046 748 2173 839 optimi
2201 746 2290 818 civis

1296 860 1400 933 negat
1432 847 1501 916 sibi
1535 849 1687 918 defuisse
1716 873 1894 941 unquam,
1935 848 2021 916 boni
2066 849 2136 916 viri
2173 850 2288 918 simu·

1297 942 1456 1017 lachrum
1477 949 1635 1039 sculpere
1655 951 1805 1020 videtur.
1855 946 2091 1038 Explicantur
2106 963 2289 1042 praeterea

1297 1050 1408 1118 multa
1427 1051 1602 1119 maiorum
1623 1051 1804 1136 instituta,
1838 1052 1931 1139 leges
1948 1075 1988 1120 ac
2012 1076 2148 1137 mores,
2174 1053 2289 1122 multa

1296 1151 1471 1241 exempla,
1500 1176 1591 1246 qnae
1613 1167 1697 1222 sunt
1713 1154 1829 1223 obiter
1849 1175 1972 1221 causae
1989 1177 2150 1243 aspersa,
2176 1154 2217 1222 in
2232 1147 2288 1224 his

1296 1252 1518 1321 orationibus
1546 1254 1717 1327 invenies.
1776 1252 1843 1324 Est
1873 1255 1970 1322 enim
1999 1277 2108 1324 sonus
2136 1255 2289 1325 forensis

1297 1348 1403 1423 huius
1428 1355 1615 1439 dictionis,
1648 1355 1794 1425 classico
1812 1354 1960 1442 similis,
1991 1369 2025 1426 et
2054 1355 2194 1448 plenior
2223 1356 2288 1426 ali·

1296 1469 1447 1550 quanto‚
1474 1480 1580 1549 quam
1597 1452 1776 1527 historiae.
1826 1454 1989 1550 Denique
2013 1453 2102 1526 mihi
2117 1459 2287 1530 videntur

1295 1580 1418 1625 omnes
1434 1555 1587 1649 Reipnb.
1601 1561 1773 1648 gerendae
1788 1562 1942 1629 rationes
1958 1560 2085 1630 melius
2106 1556 2166 1629 hic
2181 1560 2286 1647 tradi,

1296 1683 1399 1751 quam
1419 1660 1455 1727 in
1474 1661 1557 1728 ullis
1573 1656 1871 1751 Philosophorum
1887 1662 2206 1756 disputationibus.
2240 1657 2286 1735 llt

1296 1784 1375 1827 cum
1398 1756 1583 1832 historiam
1600 1787 1703 1831 nemo
1728 1788 1802 1831 non
1821 1757 1888 1831 hoc
1903 1764 2049 1831 nomine
2067 1764 2218 1855 plurimi
2232 1764 2286 1834 fa·

1296 1862 1382 1946 ciat,
1417 1866 1512 1955 qnod
1538 1866 1697 1934 omnium
1719 1865 1877 1933 civilium
1908 1865 2106 1934 officiorum
2129 1864 2285 1958 exempla

1295 1969 1427 2047 tradat,
1467 1967 1553 2056 quid
1580 1961 1663 2034 huic
1693 1967 1894 2061 orationum
1922 1967 2044 2055 generi
2075 1966 2285 2054 tribuemus,

1294 2065 1333 2132 in
1349 2090 1420 2157 quo
1435 2067 1593 2157 exempla
1616 2068 1677 2135 illa
1695 2082 1730 2137 et
1745 2068 1892 2137 consilia
1911 2092 2030 2136 rerum
2049 2071 2283 2157 gerendarum

1294 2167 1489 2237 accuratius
1519 2182 1551 2237 et
1585 2170 1784 2259 copiosius?
1833 2167 1923 2238 Nam
1955 2172 2103 2239 eumad
2132 2194 2284 2262 pugnam

1294 2264 1353 2336 hic
1371 2266 1567 2338 instruatur
1584 2272 1717 2353 oratio,
1744 2272 1801 2354 lit,
1831 2282 1870 2339 ut
1885 2271 2020 2339 maiore
2040 2274 2192 2361 negocio
2204 2274 2283 2344 illu·

1294 2383 1452 2437 strentur
1466 2373 1586 2440 omnia
1608 2387 1700 2441 recte
1715 2385 1774 2440 aut
1798 2395 1896 2441 secus
1911 2373 2012 2442 lacta.
2061 2371 2190 2467 Neque
2205 2398 2280 2445 vero

1295 2486 1495 2562 praesentes
1524 2486 1662 2542 tantum
1690 2475 1868 2544 auditores
1899 2474 2118 2565 spectabant,
2152 2479 2217 2546 sed
2240 2478 2279 2546 sd

1296 2589 1452 2665 posteros
1475 2587 1591 2643 extare
1613 2569 1677 2645 has
1704 2577 1884 2646 orationes
1905 2577 2050 2645 voluere
2070 2590 2283 2655 testessuo-

1295 2700 1373 2770 rum
1398 2675 1650 2761 consiliorum,
1680 2678 1972 2770 reliqueruntque
1989 2673 2093 2757 haec,
2119 2690 2162 2749 ut
2179 2674 2283 2750 habs-

1295 2791 1372 2845 rent
1394 2779 1523 2866 posteri
1545 2802 1620 2846 non
1636 2780 1759 2860 modo,
1786 2794 1827 2849 ut
1841 2780 1890 2849 ait
1910 2776 2159 2872 Thucydides,
2186 2777 2283 2880 olym·

1292 2873 1477 2969 νίσματα,
1526 2881 1585 2948 sed
1624 2873 1814 2972 κτήματα,
1859 2876 1926 2949 hoc
1962 2894 2033 2960 est,
2078 2877 2283 2954 thesaurum

1294 2981 1546 3070 exemplorum.
1604 2979 1702 3069 Quid
1727 2997 1844 3051 autem
1866 2985 1910 3050 de
1933 2983 2134 3075 eloquentia
2156 2980 2281 3056 horum

1293 3082 1431 3150 dicam?
1481 3080 1571 3151 Nam
1592 3077 1679 3153 haec
1697 3084 1882 3175 praecipua
1897 3085 1974 3152 lans
1992 3097 2042 3152 est
2059 3080 2188 3155 harum
2206 3112 2281 3158 ors-

1294 3186 1443 3253 tionum.
1503 3180 1680 3277 Equidem
1705 3187 1899 3269 insaniam,
1924 3186 1952 3254 si
1973 3210 2052 3252 meo
2069 3189 2281 3277 testimonio,

1293 3309 1441 3377 meaque
1466 3310 1570 3366 voce,
1604 3290 1767 3357 accedere
1785 3287 1920 3379 aliquid
1950 3287 2096 3356 illorum
2118 3291 2283 3362 laudibus

1293 3389 1498 3461 existimem.
1558 3387 1678 3477 Quare
1706 3389 1895 3481 praeconio
1919 3387 2102 3460 Ciceronis
2126 3392 2283 3465 contenti

1293 3491 1445 3569 erimus,
1473 3489 1534 3582 qui
1551 3514 1630 3559 cnm
1646 3487 1859 3560 Aeschinem
1877 3491 2104 3581 amplissimis
2118 3494 2283 3567 laudibus

1292 3604 1414 3674 ornat,
1446 3605 1562 3660 tamen
1586 3592 1624 3659 in
1640 3588 1911 3661 Demosthenica
1937 3594 2116 3678 oratione,
2151 3610 2280 3668 tantam

1293 3693 1529 3783 eloquentiam
1554 3716 1626 3761 esse
1653 3692 1805 3774 iudicat,
1838 3707 1969 3786 quanta
1988 3695 2124 3763 includi
2146 3699 2185 3768 in
2207 3699 2280 3770 ani·

1293 3793 1359 3860 mis
1375 3788 1560 3862 hominum
1576 3795 1696 3884 possit.
1746 3794 1861 3865 Locos
1882 3797 2049 3864 nonnulli
2068 3799 2280 3891 decerpsere,

1293 3898 1387 3962 unde
1410 3896 1586 3986 specimen
1610 3897 1753 3990 aliquod
1773 3897 1994 3991 eloquentiae
2013 3898 2164 3970 istorum
2181 3928 2281 3996 cape·

1292 4012 1407 4080 retur,
1433 4000 1492 4065 sed
1514 3999 1629 4083 velut,
1653 3999 1682 4066 si
1705 4000 1917 4088 praeclaram
1932 4011 2082 4069 statuam
2100 4004 2279 4092 dissolvas,

1291 4123 1494 4193 quanquam
1520 4099 1604 4169 insit
1626 4100 1663 4167 in
1691 4101 1840 4191 singulis
1867 4102 2035 4171 membris
2058 4128 2143 4175 suus
2168 4109 2279 4194 decor,

1292 4217 1407 4271 tamen
1431 4201 1548 4270 minus
1570 4203 1661 4271 clare
1682 4203 1815 4295 percipi
1836 4228 1875 4272 ac
1898 4204 2023 4274 sentiri
2040 4221 2207 4278 venustas
2229 4210 2279 4280 vi-

1292 4305 1415 4387 detur,
1449 4326 1554 4397 quam
1583 4305 1611 4373 si
1638 4303 1773 4393 integra
1798 4317 1931 4391 statua,
1956 4307 2076 4377 videas
2093 4331 2158 4379 suo
2174 4336 2278 4405 quae·

1291 4430 1358 4498 quc
1373 4406 1451 4473 loco
1466 4405 1643 4475 collocata.
1696 4403 1748 4476 lta
1763 4408 1884 4476 malim
1901 4432 1963 4476 vos
1978 4409 2132 4498 integras
2146 4414 2278 4484 oratio·

1291 4531 1353 4576 nes
1379 4508 1491 4575 oculis
1512 4520 1616 4599 atque
1639 4508 1759 4578 auimo
1781 4510 2032 4601 contemplari,
2065 4537 2175 4605 quam
2201 4538 2277 4586 sen·

1291 4608 1455 4678 tentiolas
1489 4611 1658 4698 quasdam
1694 4633 1895 4703 excerpere,
1937 4636 1955 4680 e
1985 4614 2117 4706 quibus
2143 4617 2277 4711 reliqua

1290 4712 1403 4780 oratio
1427 4710 1648 4794 aestimetur,
1681 4725 1720 4780 ut
1742 4737 1782 4781 ex
1809 4713 1987 4802 unguibus
2004 4715 2142 4785 leonem
2169 4721 2276 4791 aiunt.

1287 4805 1379 4881 Nam
1398 4811 1427 4877 si
1448 4810 1649 4879 universnm
1668 4813 1732 4882 tibi
1753 4817 1997 4904 proposueris,
2023 4817 2072 4884 ibi
2095 4843 2179 4888 vero
2200 4845 2277 4891 sen·

1290 4915 1372 4997 ties,
1401 4937 1474 4980 non
1500 4916 1608 4982 modo
1631 4915 1761 5007 quibus
1785 4917 1974 4985 verborum
1997 4932 2058 4987 aut
2081 4924 2276 4992 sententia-

1289 5040 1368 5084 rum
1386 5014 1525 5103 figuris,
1559 5019 1618 5083 scd
1638 5041 1708 5108 quo
1734 5018 1881 5085 consilio
1899 5020 2021 5102 etiam,
2052 5035 2086 5090 et
2106 5047 2175 5114 qua
2191 5024 2275 5094 soli·

1288 5117 1445 5187 citudine
1468 5116 1637 5196 dixerint,
1670 5143 1776 5209 qnam
1802 5120 1927 5188 callide
1952 5120 1989 5188 in
2021 5126 2144 5213 populi
2176 5148 2274 5197 aures

1288 5221 1463 5309 irrepant,
1495 5242 1599 5308 quarn
1619 5218 1806 5307 diligenter
1828 5245 1901 5288 sese
1924 5226 2189 5310 communiant,
2216 5227 2273 5299 nbi

1288 5320 1436 5391 alacrius
1461 5335 1671 5408 procurrant
1695 5321 1731 5387 in
1758 5324 2016 5407 adversarium,
2041 5327 2105 5393 ubi
2124 5330 2273 5399 reserant

1286 5425 1430 5516 pedem,
1469 5422 1532 5489 ubi
1562 5422 1789 5492 ludificentur
1815 5418 1973 5509 hostem,
2012 5452 2101 5519 qnae
2133 5433 2272 5525 proprie
