4664 6022
140 294 211 369 m
640 285 798 365 unct.
832 284 909 365 nn
942 243 1688 371 uuooutoeonmcanuu.
2110 269 2185 374 ua

141 469 332 539 videbatur
351 468 515 558 ingenia,
541 488 726 558 moresque
741 478 775 535 et
791 477 901 535 totam
918 464 1137 557 quasiuolt-
1188 464 1339 555 intelligi
1368 479 1500 556 potest:
1536 491 1620 537 nam
1644 491 1726 537 eum
1752 488 1867 537 sacrae
1892 468 2017 539 literae
2041 468 2185 540 mittant

141 566 247 644 τείαν
266 571 495 641 formicarum
520 567 732 651 describere,
759 568 857 661 quod
878 568 963 636 inde
980 567 1135 659 plurima
1188 591 1255 639 nos
1276 570 1322 637 ad
1337 568 1523 650 formicas,
1549 566 1719 662 tanquam
1733 572 1778 640 ad
1796 571 1999 660 magistros,
2026 571 2185 664 protecto

142 670 462 768 pulcherrimarum
478 672 650 740 virtutum
663 671 841 760 exempla,
867 683 1012 755 strete,
1038 670 1135 762 quod
1189 671 1389 760 significant
1419 664 1487 740 hoc
1517 673 1667 742 consilio
1695 696 1715 742 a
1738 670 1816 742 Deo
1840 674 2048 744 fabrefactas
2074 670 2187 745 ethis

143 778 246 847 aiunt
275 774 422 860 Graeci,
451 765 647 868 μυρμήκια
676 769 841 870 ἀγαθῶν
868 796 992 864 capere
1017 772 1135 842 liceat.
1189 773 1323 862 ingenii
1346 773 1489 842 dotibus
1511 774 1701 845 instructas
1717 799 1807 862 esse,
1831 790 1872 847 ut
1888 778 2014 847 docere
2030 800 2098 847 nos
2113 777 2187 848 uti-

144 878 274 949 videte
299 893 418 949 autem
439 891 612 970 quantum
634 899 711 944 mea
732 899 789 943 me
813 875 980 945 fefellerit
1000 874 1137 965 opinio.
1189 875 1413 967 lia‘possent.
1465 873 1515 946 Ut
1533 877 1630 946 enim
1646 877 1769 947 nullus
1786 879 2056 970 paterfamilias,
2084 880 2188 950 sisa·

145 980 255 1070 Quod
283 982 379 1050 enim
410 979 610 1069 argumenti
637 999 747 1067 genus
773 978 972 1047 arbitrabar
993 989 1138 1069 propter
1190 979 1284 1071 piat,
1309 978 1423 1047 hlium
1446 981 1646 1048 docendum
1670 981 1779 1050 tradit
1802 982 1855 1061 ei,
1883 980 1984 1051 cuius
2007 1007 2084 1051 non
2102 1007 2188 1074 pro-

145 1082 353 1157 tennitatem
369 1084 444 1152 sine
460 1105 589 1172 magno
606 1080 753 1169 negocio
770 1080 900 1172 exponi
914 1093 950 1151 et
967 1079 1137 1171 perpoliri
1190 1082 1252 1149 bat
1274 1081 1530 1166 eruditionem,
1561 1082 1610 1151 ita
1633 1082 1803 1151 credibile
1825 1096 1895 1167 est,
1928 1107 1996 1154 nec
2019 1084 2187 1155 divinum

143 1211 264 1279 posse,
288 1187 325 1255 id
346 1186 384 1253 in
409 1185 629 1277 experiundo
648 1183 798 1270 cognovi
818 1186 922 1272 longe
938 1206 1037 1252 secus
1052 1205 1138 1254 esse.
1190 1181 1366 1274 Spiritum
1389 1207 1455 1251 nos
1476 1185 1519 1252 ad
1544 1184 1720 1253 eiusmodi
1736 1186 1922 1274 magistros
1937 1187 2099 1268 mittere,
2125 1188 2188 1282 qui

144 1287 424 1378 Comperienim
443 1312 517 1358 non
533 1285 721 1355 mediocris
732 1285 875 1355 artificis
891 1309 975 1370 esse,
999 1280 1138 1354 honore
1191 1309 1266 1354 non
1286 1287 1436 1354 doceant
1457 1285 1633 1357 coelestia.
1686 1285 1831 1357 Necesse
1854 1302 1905 1357 est
1927 1289 2038 1378 igitur
2054 1312 2114 1360 eas
2131 1314 2189 1359 ar·

144 1393 337 1461 verborum
359 1414 415 1460 res
438 1390 545 1460 exiles
565 1411 694 1459 ornare
715 1411 755 1456 ac
771 1388 961 1462 illustrare.
1013 1384 1139 1475 Quan-
1191 1402 1262 1472 tes,
1289 1410 1376 1480 quas
1399 1387 1504 1457 nobis
1523 1389 1612 1459 istae
1636 1387 1820 1459 discendas
1840 1405 2068 1482 proponunt,
2093 1392 2190 1462 divi·

145 1517 251 1589 quam
267 1494 376 1583 igitur
392 1494 585 1562 sentiebam
600 1515 657 1559 me
672 1505 832 1581 suscepto
850 1491 952 1561 oneri
967 1490 1138 1580 imparem
1191 1491 1289 1560 nitus
1320 1490 1358 1556 iu
1383 1491 1543 1559 sensibus
1567 1515 1608 1560 ac
1630 1504 1758 1561 natura
1783 1493 2015 1563 formicarum
2039 1495 2189 1585 scriptas

145 1597 241 1676 fore,
268 1609 388 1666 tamen
410 1595 581 1687 quoniam
602 1617 678 1661 non
694 1595 739 1662 ad
755 1593 890 1684 ingenii
905 1593 1052 1677 famam,
1077 1591 1138 1659 sed
1191 1608 1296 1686 atque
1319 1593 1473 1683 sculptas
1494 1615 1588 1678 esse,
1613 1617 1765 1686 vereque
1784 1619 1857 1663 esse
1875 1596 1997 1682 ineis,
2020 1612 2062 1669 ut
2078 1595 2187 1668 Po'e'ta

146 1697 333 1768 exercendi
353 1697 436 1790 styli
456 1720 558 1766 causa
580 1719 821 1787 susceperam,
846 1696 1012 1765 desistere
1025 1694 1139 1778 nolui,
1192 1696 1263 1778 ait,
1296 1708 1431 1785 partem
1457 1695 1614 1789 aliquam
1635 1696 1779 1766 divinae
1800 1698 1947 1778 mentis,
1981 1712 2017 1769 et
2040 1695 2190 1772 haustus

145 1803 206 1870 sed
224 1800 343 1891 peregi
358 1799 515 1869 fabulam
530 1823 636 1892 quam
651 1799 862 1889 inceperam.
914 1796 1054 1886 Quaeso
1069 1796 1139 1885 igi-

146 1917 206 1974 tur
221 1926 302 1988 vos,
325 1915 366 1972 ut
382 1926 448 1994 pro
467 1897 686 1971 humanitate
703 1914 818 1970 vestra
836 1923 892 1967 me
907 1899 1061 1989 benigne
1075 1923 1140 1968 au·

146 2004 269 2076 diatis:
295 2006 393 2098 quod
412 2004 442 2072 si
459 2003 558 2073 nulla
575 2004 644 2072 alia
662 2025 736 2087 res,
761 2015 881 2072 tamen
897 1998 1038 2072 scholae
1053 2024 1141 2072 con-

146 2107 297 2178 suetudo
320 2130 339 2175 a
362 2107 463 2176 vohis
488 2108 677 2198 impetrare
698 2107 821 2190 debet,
846 2118 880 2174 et
896 2105 927 2173 si
943 2127 1043 2173 suam
1059 2104 1139 2172 lau·

146 2213 228 2281 dem
241 2202 411 2279 honestus
427 2221 574 2278 conatus
587 2220 754 2288 meretur,
775 2230 849 2276 non
864 2206 1005 2296 indigni
1019 2207 1140 2275 favore

146 2311 329 2383 iudicandi
343 2334 467 2382 sumus
480 2306 729 2381 honestissimo
744 2322 953 2400 argumento
968 2321 1141 2398 suscepto,

147 2415 253 2484 etiarn
275 2414 305 2482 si
327 2415 397 2498 rei,
428 2438 535 2506 quam
556 2413 794 2497 instituimus,
825 2411 1033 2481 difficultate
1056 2407 1140 2479 victi

146 2539 280 2587 sumus.
339 2513 409 2587 Sed
434 2529 474 2584 ut
497 2509 712 2606 Philosophi
735 2513 773 2581 in
799 2513 1036 2604 descriptione
1061 2512 1141 2582 ani-

147 2618 342 2701 mantium,
369 2618 524 2707 primum
549 2619 594 2686 de
618 2618 789 2709 cuiusque
804 2616 1049 2708 procreatione
1065 2615 1141 2685 dis-

147 2733 295 2814 putant,
321 2721 372 2791 ita
393 2734 429 2790 et
452 2720 556 2789 nobis
582 2718 812 2789 formicarum
834 2732 953 2803 ortus,
977 2718 1063 2786 inde
1078 2739 1141 2785 ns-

149 2840 219 2918 que
235 2825 280 2892 ab
303 2846 390 2908 ovo,
415 2835 456 2892 ut
477 2823 598 2906 aiunt,
630 2824 841 2912 repetendus
865 2822 943 2894 erit.
1006 2818 1139 2888 Verum

145 2921 298 2996 historia
318 2925 549 2995 formicarum
572 2925 712 3013 longior
734 2924 847 2993 Iliade
866 2925 985 2993 futura
1009 2923 1074 3001 sit,
1109 2921 1141 2989 si

147 3028 268 3099 omnia
298 3050 574 3096 commemorare
604 3027 727 3094 velim:
762 3028 823 3095 sed
855 3022 924 3095 hoc
947 3027 992 3097 ad
1018 3047 1138 3094 earum

147 3131 288 3200 laudem
305 3151 518 3220 magnopere
531 3130 706 3221 pertinere
721 3129 1015 3212 existimavimus,
1042 3129 1139 3220 quod

128 3256 229 3302 ¹cum
253 3245 325 3301 tam
347 3233 459 3301 multa
482 3232 680 3302 divinitatis
702 3232 849 3320 vestigia
875 3232 914 3299 in
937 3232 987 3299 eis
1009 3243 1139 3310 extant,

146 3335 298 3425 intelligi
314 3335 440 3426 possit,
464 3357 522 3405 eas
535 3359 609 3404 non
625 3334 701 3402 sine
715 3347 812 3404 certo
827 3332 894 3402 Dei
910 3333 1059 3402 consilio
1075 3355 1140 3400 na-

147 3453 200 3508 tas
230 3461 323 3523 esse,
357 3439 542 3531 multoque
564 3437 683 3506 verius
706 3460 813 3530 quam
835 3437 991 3526 poeticos
1014 3431 1140 3504 heroas

147 3563 259 3628 genus
288 3564 306 3608 a
336 3537 420 3608 love
447 3563 585 3610 summo
617 3542 764 3624 ducere,
797 3553 838 3609 ut
868 3537 979 3608 Poe'ta
1010 3538 1139 3630 iuquit.

149 3641 340 3730 Quomodo
359 3641 452 3708 euim
469 3642 508 3708 in
525 3636 747 3733 hac'terreua
763 3654 890 3709 natura
905 3639 1019 3709 futuri
1035 3662 1138 3729 prae-

147 3743 295 3813 scientia
311 3741 388 3811 sine
403 3743 524 3811 divina
543 3742 578 3809 vi
595 3743 744 3813 existere
759 3741 898 3833 potest?
948 3737 1030 3809 Nou
1047 3736 1140 3808 hanc

146 3859 282 3916 tantam
305 3839 453 3914 haberet
470 3839 529 3914 hic
544 3844 759 3915 vermiculus
776 3843 1009 3925 industriam,
1036 3842 1139 3930 longe

146 3949 300 4017 alienam
324 3971 344 4017 a
366 3949 554 4017 brutorum
570 3960 693 4038 captu,
720 3947 818 4017 nulla
835 3945 1029 4036 gregalium
1044 3945 1139 4013 noti-

147 4049 220 4128 cia,
244 4050 344 4118 nulla
366 4064 490 4121 mutua
513 4049 703 4119 collocutio
725 4051 819 4118 inter
836 4072 893 4116 eas
910 4060 1016 4132 esset,
1040 4047 1139 4116 nulla

146 4163 292 4220 nossent
310 4164 511 4242 temporum
534 4151 760 4236 discrimina,
785 4150 856 4219 nisi
873 4162 1028 4219 mentem
1043 4148 1139 4219 Deus

145 4251 331 4322 indidisset
352 4266 531 4323 tantarum
552 4276 693 4338 rerum,
719 4267 861 4346 tamque
884 4252 1062 4321 variarum
1081 4275 1140 4320 ca-

145 4379 280 4448 pacem.
352 4351 497 4434 Etenim
523 4378 667 4445 sapere,
705 4355 908 4425 meminisse
938 4355 1144 4446 praeterita,

145 4460 397 4551 consequentia
423 4480 585 4541 cernere,
610 4458 730 4529 futura
752 4457 979 4549 praevidere,
1006 4480 1052 4524 ne
1071 4450 1139 4526 ho-

146 4561 260 4630 mines
291 4560 457 4653 quidem,
490 4559 559 4627 nisi
585 4560 759 4630 divinitus
782 4560 953 4629 commoti
979 4559 1138 4628 excitati-

146 4686 214 4754 que
245 4674 402 4748 possunt.
455 4659 549 4749 Quis
577 4662 692 4747 enim,
731 4662 894 4757 quamvis
922 4661 1138 4752 ingeniosus,

146 4766 222 4829 sine
246 4764 309 4831 [lei
334 4787 420 4854 ope,
447 4765 564 4831 varios
589 4777 706 4834 motus
730 4765 931 4849 stellamm,
958 4764 1137 4854 magnitu-

145 4864 336 4955 dinesque,
361 4865 491 4934 molem
514 4880 647 4951 terrae,
672 4880 706 4936 et
728 4868 796 4936 alia
812 4867 923 4937 multa
940 4861 1138 4959 deprehen-

144 4965 277 5034 disset?
329 4965 448 5036 Multo
478 4969 598 5036 minus
624 4968 733 5058 igitur
760 4969 894 5039 bestiae
921 4968 1137 5051 ratiocinari,

1191 1792 1385 1870 aethereos.

1293 1897 1377 1968 Dixi
1397 1894 1568 1971 hactenus
1593 1902 1637 1971 de
1653 1902 1882 1971 formicarum
1898 1915 1980 1972 ortu
1998 1926 2039 1973 ac
2054 1903 2191 1975 nobili-

1191 2014 1281 2086 tate,
1307 2025 1398 2094 quae
1425 2025 1500 2071 non
1527 2027 1672 2095 parvam
1695 2006 2042 2075 commendationem
2067 2002 2189 2079 habet:

1192 2104 1307 2174 adfert
1336 2104 1432 2172 euim
1463 2106 1633 2176 nobilitas
1663 2130 1736 2175 uon
1764 2109 1872 2176 modo
1902 2108 1941 2176 in
1965 2104 2190 2196 hominibus,

1192 2205 1382 2276 sedetiam
1404 2206 1443 2274 iu
1468 2209 1662 2297 pecudibus
1684 2209 1857 2300 quaedam
1878 2211 2020 2282 virtutis
2044 2212 2189 2299 semina,

1193 2332 1281 2402 quae
1304 2331 1324 2377 a
1349 2323 1537 2399 parentum
1555 2325 1681 2380 natura
1697 2313 1734 2379 in
1754 2325 1914 2402 posteros
1930 2326 2185 2406 propagantur.

1192 2409 1297 2480 Nunc
1325 2413 1370 2480 de
1401 2412 1553 2498 ingeniis
1582 2436 1623 2482 ac
1648 2414 1808 2483 moribus
1833 2416 1948 2508 deque
1972 2417 2077 2485 omni
2099 2417 2186 2489 vitae

1193 2515 1448 2583 consuetudine
1473 2515 1615 2584 illarum
1639 2517 1831 2586 dicendum
1850 2531 1912 2590 est.
1964 2513 2089 2612 Atque
2104 2514 2186 2590 haec

1193 2639 1273 2706 pars
1294 2616 1486 2697 orationis,
1511 2618 1597 2710 quid
1617 2618 1715 2687 aliud
1734 2613 1860 2704 habet,
1886 2644 1993 2713 quam
2010 2616 2188 2693 honestis·

1192 2720 1319 2788 simam
1344 2720 1529 2811 'quandam
1555 2720 1708 2789 formam
1724 2735 1825 2793 ‘recte
1849 2722 2022 2793 vivendi?
2075 2723 2185 2796 Nemo

1192 2816 1495 2913 Philosophorum
1528 2845 1603 2891 nou
1628 2823 1778 2892 tradidit
1800 2824 1891 2894 bene
1916 2826 2065 2895 vivendi
2088 2850 2186 2920 prae·

1193 2936 1304 3013 cepta.
1357 2922 1429 2994 Sed
1444 2919 1552 2993 huius
1567 2925 1691 2996 insecti
1703 2920 1861 3012 historia,
1884 2930 1972 3021 quid
1985 2929 2032 3000 sit
2044 2943 2186 3017 rectum,

1193 3025 1280 3118 quid
1303 3039 1426 3116 turpe,
1460 3027 1547 3119 quid
1570 3029 1676 3113 utile,
1697 3029 1795 3121 quid
1817 3053 1910 3115 non,
1944 3031 2033 3124 quid
2056 3033 2182 3117 deceat,

1193 3128 1320 3197 melius
1346 3123 1547 3222 Chrysippo
1579 3144 1614 3200 et
1634 3129 1808 3203 Crantore
1829 3133 1928 3206 dicit.
1995 3130 2093 3224 Quis
2115 3158 2178 3205 nou

1192 3225 1279 3300 haec
1299 3229 1489 3319 singularis
1511 3234 1723 3323 prudentiae
1741 3233 2018 3328 diligentiaeque
2035 3237 2181 3309 indefes·

1192 3357 1250 3402 sae
1272 3357 1380 3423 opera
1402 3357 1476 3403 csse
1499 3335 1620 3415 dicat?
1670 3334 1874 3426 Colligendi
1898 3337 2012 3408 victus
2028 3352 2179 3433 tempora

1192 3436 1414 3525 intelligunt,
1447 3437 1601 3528 proinde
1617 3460 1792 3507 acervum
1817 3439 1989 3509 frumenti
2013 3440 2054 3511 in
2078 3464 2181 3513 messe

1192 3552 1434 3628 comportant,
1475 3540 1654 3624 condunt,
1690 3556 1990 3636 compereuntque
2023 3544 2062 3613 in
2103 3541 2179 3640 hyc-

1192 3663 1305 3723 mem,
1330 3640 1540 3731 praevident
1556 3642 1651 3710 enim
1668 3637 1794 3737 hyeme
1808 3643 1855 3711 in.
1864 3644 1984 3715 vacuis
2001 3647 2097 3737 agris
2112 3647 2178 3718 fru-

1193 3754 1263 3810 stra
1286 3764 1322 3811 se
1343 3743 1514 3833 pabulum
1535 3744 1754 3837 quaesituras
1777 3769 1862 3821 esse.
1918 3743 2045 3818 Onera
2065 3771 2180 3821 morsu

1192 3857 1338 3934 gerunt,
1372 3844 1479 3932 longe
1508 3845 1663 3930 maiora,
1694 3869 1802 3939 quam
1831 3873 1898 3940 pro
1923 3850 2085 3941 corporis
2104 3875 2181 3945 por·

1192 3947 1291 4016 tione
1319 3946 1411 4016 ferre
1441 3954 1542 4039 posse
1571 3948 1741 4018 credibile
1762 3951 1818 4024 sit.
1871 3950 2057 4040 Quaedam
2081 3977 2181 4045 gran-
2217 3992 2221 3997 ·

1192 4049 1294 4119 diora
1306 4045 1541 4142 protrudunt,
1567 4063 1639 4120 tota
1654 4053 1815 4143 corporis
1829 4054 1923 4122 mole
1934 4054 2107 4138 obnixae,
2131 4080 2181 4127 se·

1191 4152 1288 4223 mina
1314 4151 1523 4246 priusquam
1555 4155 1729 4240 condant,
1762 4157 1957 4241 arrodunt,
1988 4181 2035 4227 ne
2063 4180 2182 4230 rursus

1192 4267 1315 4324 exeant
1337 4255 1378 4323 in
1398 4255 1518 4345 fruges
1540 4258 1562 4324 e'
1582 4268 1694 4340 terra,
1717 4258 1913 4328 madefacta
1934 4258 2051 4330 imbre
2070 4260 2182 4353 profe·

1191 4371 1277 4427 runt
1299 4369 1406 4450 atque
1425 4359 1569 4429 siccant.
1621 4357 1695 4427 Nee
1716 4375 1844 4445 noctu,
1867 4361 1974 4451 plena
1988 4361 2098 4448 luna,
2125 4385 2182 4433 va·

1191 4483 1276 4530 cuae
1298 4474 1393 4533 sunt.
1444 4458 1566 4553 Usque
1587 4463 1676 4530 adeo
1698 4472 1802 4553 turpe
1823 4464 1961 4534 ducunt
1981 4463 2124 4548 feriari,
2146 4476 2183 4536 ut

1189 4563 1331 4632 nullum
1352 4562 1422 4631 sibi
1446 4573 1585 4654 tempus
1606 4564 1775 4632 idoneum
1794 4565 1910 4635 labori
1924 4565 2042 4657 perire
2056 4568 2182 4642 sinant.

1191 4661 1391 4734 interlunio
1413 4678 1551 4736 cessant
1572 4665 1619 4735 ab
1642 4689 1768 4757 opere,
1794 4667 1917 4761 siquae
1934 4669 1974 4737 in
1991 4668 2184 4741 itinerefe·

1190 4766 1311 4834 rendis
1333 4767 1454 4856 granis
1474 4782 1639 4856 gravatae
1662 4758 1764 4853 sunt,
1790 4769 1946 4860 gregales
1969 4787 2127 4858 norunt,
2149 4784 2212 4844 et-

1190 4870 1362 4961 quoniam
1385 4893 1489 4964 saepe
1508 4883 1679 4964 tanquam
1702 4894 1744 4939 ex
1759 4871 1909 4941 diversis
1926 4872 2133 4950 civitatibus
2146 4875 2183 4946 in

1189 4972 1312 5040 eadem
1337 4971 1394 5041 via
1416 4972 1654 5057 conveniunt,
1686 4971 1726 5041 in
1748 4997 1863 5044 uuum
1885 4975 2041 5070 aliquem
2065 4977 2184 5049 locum

144 5081 178 5137 et
191 5067 310 5137 futura
325 5069 464 5154 videre,
489 5084 525 5139 et
537 5071 818 5141 animadvertere
832 5071 1040 5162 praesentia,
1064 5071 1136 5139 nisi
1189 5096 1312 5143 omnes
1325 5073 1531 5143 universum
1543 5089 1779 5147 commeatum
1794 5091 2036 5170 comportant,
2062 5079 2184 5176 ibique

143 5165 211 5239 Dei
234 5169 404 5240 beneficio
427 5186 587 5261 possunt.
637 5171 760 5266 Neque
777 5172 872 5242 enim
889 5168 975 5242 haec
989 5174 1135 5242 aliunde
1188 5198 1252 5245 sua
1278 5176 1378 5264 signa
1404 5188 1695 5266 recognoscunt,
1713 5177 1765 5248 ibi
1788 5179 1889 5251 velut
1910 5181 2106 5253 exercitum
2125 5206 2181 5254 re·
2222 5184 2225 5188 ’

143 5295 250 5364 quam
282 5297 302 5341 a
326 5269 403 5341 Deo
436 5275 475 5341 in
499 5286 672 5344 terrenam
696 5290 860 5347 naturam
884 5288 1135 5367 propagantur.
1186 5291 1386 5362 censentes,
1410 5277 1551 5369 agmina
1569 5293 1733 5369 separant
1742 5327 1759 5365 ,-
1776 5293 1812 5350 et
1829 5304 1935 5352 suum
1951 5282 2082 5378 cuique
2100 5307 2182 5355 ave-

141 5370 287 5445 Habent
312 5374 423 5462 igitur
450 5375 617 5447 formicae
642 5401 716 5447 nou
739 5378 892 5449 dubium
915 5378 1055 5467 generis
1078 5378 1134 5447 sui
1186 5373 1346 5449 hendnm
1374 5383 1533 5455 tradunt.
1584 5376 1727 5452 Obviae
1757 5381 1852 5453 inter
1880 5404 1918 5454 se
1943 5386 2045 5480 quasi
2071 5386 2182 5458 collo-

141 5489 301 5546 autorem
319 5474 454 5565 Deum,
477 5477 580 5551 cuins
599 5480 651 5550 rei
674 5480 712 5552 id
737 5504 881 5577 quoqne
899 5479 1042 5570 signnm
1060 5501 1134 5549 esse
1184 5495 1364 5576 qunntur,
1393 5506 1435 5554 ae
1455 5496 1728 5575 percontantur,
1751 5486 1868 5557 donec
1889 5503 2085 5580 agnoscant
2103 5489 2179 5561 ¹siu·
