4664 6022
159 304 241 381 us
893 270 1052 379 nucu.
1094 298 1168 376 ou
1199 295 1490 378 ruarouu.
2135 310 2212 384 414

157 476 254 549 Nam
269 477 300 547 si
318 491 462 570 propter
475 478 632 571 inopiam
654 494 689 551 et
708 490 947 571 contemptum
965 477 1162 548 excludun-
1211 464 1293 544 vota
1313 474 1444 560 farere,
1471 486 1512 543 ut
1533 468 1630 544 Deus
1655 469 1740 545 haec
1768 489 1974 548 ornamenta
1992 479 2101 564 vitae,
2127 481 2208 553 lite-

158 594 220 651 tur
243 572 333 651 baec
352 580 488 664 studia,
523 580 729 651 excludatur
751 584 872 651 eadem
899 605 1004 673 opera
1032 576 1161 650 huma·
1210 601 1285 663 ras,
1310 576 1421 666 leges,
1449 576 1657 667 religionem
1675 592 1868 652 conservet.
1922 578 2031 652 Venit
2046 584 2149 652 etiam
2167 586 2207 654 in

157 682 278 763 nitas,
312 683 520 753 excludatur
544 684 657 755 virtus
684 698 716 754 et
747 679 931 769 honestas,
964 706 1054 778 quae
1077 697 1161 753 sunt
1210 691 1384 763 mentem,
1411 703 1490 749 curn
1515 681 1675 779 omn-ium
1699 679 1968 781 disciplinarum
1993 685 2206 774 professores

156 784 328 855 alumnae
352 782 558 871 Musarum,
593 810 813 881 quarumque
834 808 960 877 parens
981 810 1021 855 ac
1043 786 1160 855 nutri-
1209 783 1369 867 intueor,
1397 796 1569 876 quantum
1593 783 1686 854 vitae
1703 783 1888 866 decussit,
1915 787 2053 875 integer
2074 789 2206 858 artium

157 886 236 956 cius
256 882 437 957 Homerus
459 902 528 971 est,
551 889 761 958 excludatur
789 889 963 982 quidquid
988 912 1068 956 vere
1092 889 1160 956 bo-
1209 880 1353 954 chorus.
1407 885 1527 975 Quare
1552 879 1619 954 hos
1645 898 1763 955 coetus
1792 887 1839 954 ita
1870 886 2102 959 celebrandus
2132 915 2205 961 esse

158 1012 260 1073 num,
286 1004 461 1074 sanctum,
488 990 656 1084 piumque
672 1005 722 1060 est
737 992 775 1059 in
793 993 939 1075 mundo,
967 985 1159 1059 hisomni-
1208 986 1491 1072 meminerimus,
1525 1000 1565 1056 ut
1600 1011 1664 1055 uos
1687 989 1732 1055 de
1762 988 1973 1060 coelestibus
2001 992 2126 1075 donis,
2160 995 2204 1063 de

158 1093 226 1160 bus
262 1092 358 1159 enim
394 1115 475 1159 vere
509 1088 576 1161 hoc
608 1088 826 1190 ἐπίγραμμα
853 1092 1000 1162 inscribi
1028 1106 1158 1185 potest,
1206 1086 1359 1179 Repub„
1385 1089 1940 1167 deuostroolticioadmoneaot.
1970 1091 2066 1182 Quid
2085 1108 2202 1165 autern

157 1192 257 1286 quud
274 1192 421 1285 quidam
437 1194 606 1264 aediculis
622 1197 694 1263 suis
711 1194 882 1286 praefixit:
1206 1192 1317 1281 magis
1334 1193 1433 1261 decet
1448 1192 1487 1260 iu
1510 1193 1707 1284 frequentia
1723 1193 1928 1282 docturum,
1956 1201 2120 1290 quamde
2138 1200 2204 1268 bo-

220 1303 307 1381 olieoe
329 1300 382 1371 ὁδ’
406 1305 469 1369 ἐστὶ
491 1307 603 1389 μικρὸς
625 1306 697 1372 τόὸἐ
718 1306 778 1392 ydp
802 1317 927 1391 σημεῖον
948 1305 1076 1392 ἄριστον
1205 1294 1262 1361 nis
1277 1295 1382 1362 rebus
1399 1294 1516 1363 dicere
1531 1317 1569 1360 ac
1584 1293 1706 1363 audire
1722 1294 1884 1387 aliquid?
1909 1322 1976 1391 qua
1992 1299 2030 1371 in
2046 1325 2094 1384 re,
2119 1300 2202 1393 quia

263 1396 323 1475 τῆς
344 1392 450 1466 πενίας
470 1389 638 1476 μικρότης,
661 1391 718 1475 τῆς
740 1391 774 1456 δ’
796 1392 909 1478 ἀρετῆς
932 1395 1029 1458 πενία.
1205 1396 1275 1463 mei
1300 1396 1460 1464 muneris
1476 1395 1566 1465 ratio
1590 1398 1764 1486 pustulat,
1791 1413 1830 1466 ut
1847 1393 1905 1467 hic
1922 1408 2118 1470 orationem
2138 1398 2202 1471 ha·

204 1501 599 1586 Nouestmagnadomus,
623 1505 805 1591 quidtum?
835 1511 890 1570 sub
906 1521 1128 1591 properassem
1204 1498 1325 1583 heom,
1359 1499 1462 1566 valde
1484 1496 1636 1589 optarim
1661 1523 1717 1566 me
1741 1524 1838 1590 posse
1863 1503 1964 1572 vobis
1990 1504 2199 1577 satisfacere.

260 1605 360 1690 saepe
376 1612 465 1670 anam
480 1614 574 1672 virtu,
589 1615 744 1692 ingeniosa
759 1615 840 1673 latet.
1205 1596 1274 1669 Sed
1298 1624 1450 1692 aequum
1474 1614 1544 1683 est,
1571 1624 1633 1668 vos
1657 1605 1740 1669 dare
1767 1603 1904 1671 veniam
1926 1604 2146 1690 dicentibus,
2171 1607 2202 1676 si

610 1721 705 1798 Dixi.
1204 1715 1321 1770 tamen
1337 1703 1421 1771 dent
1436 1726 1579 1794 operam
1595 1715 1633 1771 ut
1649 1706 1819 1794 probetur
1834 1705 1933 1775 vobis
1949 1707 2105 1797 ipsorum
2123 1723 2199 1777 stu·

1204 1804 1323 1883 diurn,
1348 1818 1382 1873 et
1403 1819 1441 1873 ut
1462 1818 1666 1892 argumenta
1689 1808 1850 1876 adierant
1872 1802 2019 1878 honesta
2036 1834 2076 1879 ac
2095 1805 2198 1878 scho-

1203 1906 1332 1975 lasticis
1348 1906 1459 1979 utilia.
1494 1903 1606 1975 Porro
1623 1931 1833 1998 magnopere
1851 1913 1994 1999 prodest
2009 1912 2196 1980 doctorum

1203 2022 1236 2077 et
1254 2009 1497 2077 excellentium
1522 2008 1682 2077 virorum
1706 2005 1871 2080 historias
1897 2025 2037 2096 tenere,
2064 2027 2199 2084 namet

152 2096 221 2169 No.
239 2098 301 2173 64.
1203 2110 1359 2197 exempla
1377 2135 1510 2192 eorum,
1537 2135 1576 2179 ac
1593 2110 1747 2201 pericula
1767 2126 1801 2180 et
1818 2113 1905 2180 varii
1922 2129 2068 2184 eventus
2086 2116 2196 2186 multa

155 2200 290 2229 Μ
973 2195 1145 2225 m
1204 2238 1268 2281 nos
1300 2226 1465 2297 monent,
1497 2214 1540 2279 de
1568 2212 1639 2281 vita
1670 2228 1704 2282 et
1730 2215 1907 2300 moribus,
1941 2231 1975 2286 et
2010 2218 2198 2309 opiniones

497 2297 573 2381 De
601 2296 811 2382 Platone.
1202 2339 1322 2383 eorum
1349 2314 1506 2383 formant
1523 2315 1654 2383 iudicia
1671 2316 1892 2386 discentium.
1947 2304 2065 2387 Probo
2088 2320 2197 2409 igitur

222 2469 307 2551 ⁵2⁰⁶
322 2466 436 2523 craton.
456 2468 529 2537 Myt.
548 2485 575 2538 p.
587 2469 638 2522 263
651 2487 726 2540 sqq..
749 2468 778 2522 in
798 2469 920 2524 nectam.
938 2470 972 2523 T·
987 2471 1020 2526 u·
1037 2489 1065 2542 P·
1078 2472 1137 2527 353·
1202 2415 1391 2486 consilium
1415 2416 1578 2501 illorum,
1612 2416 1673 2509 qui
1700 2433 1802 2487 antea
1826 2413 1885 2488 bic
1909 2420 2195 2490 doctissimorum

256 2536 466 2594 reservant.
481 2538 513 2594 u.
529 2538 625 2608 peu.
643 2548 669 2590 et
682 2540 753 2607 apud
769 2537 897 2611 ttichard.
910 2537 943 2595 Τ.
956 2539 977 2594 t.
995 2557 1022 2610 p.
1037 2510 1151 2598 517.ss
1200 2514 1388 2587 hominum
1407 2512 1574 2588 historias
1589 2518 1793 2590 recitarunt.
1830 2514 1877 2589 Et
1892 2534 1934 2590 ut
1947 2516 2012 2591 hos
2026 2523 2197 2607 imitarer,

255 2607 303 2663 ct.
319 2606 387 2679 Epp.
401 2606 466 2667 vot,
480 2607 527 2664 ttt.
542 2626 568 2678 p.
581 2607 640 2661 596.
652 2618 679 2660 ec
691 2606 751 2699 598.
1201 2620 1397 2689 orationem
1414 2623 1458 2689 de
1473 2619 1621 2690 Platone
1636 2621 1792 2707 institui,
1817 2623 1918 2692 cuius
1932 2624 2066 2709 studia,
2093 2649 2195 2716 pere·

305 2765 355 2839 e
1200 2720 2195 2922 Rc,

155 2892 239 2943 eum
265 2870 479 2943 decerneret
510 2872 665 2941 limium
679 2874 898 2966 Malll‘le'il
926 2872 1149 2967 ‘mimam
1202 2938 1346 3012 tractat,
1372 2926 1506 3019 etquid
1526 2925 1688 2997 utilitatis
1704 2928 1837 2997 adierat
1854 2927 2084 3010 discentibus,
2110 2955 2195 3022 pro-

424 2970 627 3064 ⁸l¹⁴dl⁰⁸l⁸2
653 2996 752 3045 ‘mm'
770 2972 882 3049 1538·
1199 3028 1291 3099 lecto
1312 3027 1465 3097 multum
1488 3031 1642 3119 prodest.
1695 3024 1870 3099 Omittam
1894 3044 2011 3101 autem
2035 3032 2095 3102 illa
2115 3033 2195 3101 vul·

151 3116 196 3199 ln
210 3122 472 3197 deliberatione
495 3123 699 3215 gravissima
722 3126 818 3215 apud
836 3122 1074 3222 Thucydiden
1091 3131 1149 3200 in·
1200 3131 1293 3221 garia
1311 3130 1482 3208 encomia,
1509 3154 1630 3223 quaea
1646 3132 1784 3218 generis
1799 3133 1997 3219 nobilitate,
2022 3147 2083 3204 aut
2097 3158 2115 3202 a
2131 3158 2196 3225 pa-

151 3229 230 3323 quit
242 3252 306 3297 rex
322 3228 517 3317 Spartanus
534 3222 791 3312 Archidamus,
816 3220 908 3299 haur
923 3253 996 3300 esse
1015 3232 1148 3322 patriae
1201 3233 1288 3302 triae
1311 3226 1480 3300 charitate
1505 3245 1705 3301 sumuntur.
1755 3230 1847 3301 Nam
1869 3259 1949 3303 cum
1971 3229 2057 3304 haec
2082 3236 2194 3305 oratio

152 3329 402 3422 disciplinam,
429 3342 469 3398 ut
491 3329 583 3398 cives
600 3352 675 3397 non
696 3330 862 3401 studeant
880 3328 1072 3403 calliditate
1096 3334 1148 3402 le·
1201 3329 1374 3402 habeatur
1397 3334 1441 3401 ad
1468 3332 1655 3403 utilitatem
1679 3333 1912 3414 discentium,
1944 3338 1988 3404 de
2010 3337 2194 3406 doctrinae

155 3454 237 3521 ges,
265 3442 328 3501 aut
346 3431 488 3500 vincere
511 3445 572 3501 aut
596 3431 825 3525 labefactare,
858 3435 919 3502 sed
943 3434 1020 3504 sine
1040 3436 1149 3524 tergi·
1200 3458 1325 3526 genere
1343 3432 1514 3523 prolixius
1533 3434 1724 3503 dicendum
1743 3434 1820 3505 erit.
1872 3434 1943 3506 Sed
1961 3436 2068 3506 vitam
2091 3451 2193 3506 antea

152 3531 353 3604 versatione
368 3535 625 3624 obtemperent.
657 3528 832 3604 Existimo
848 3547 1052 3605 autemnon
1067 3551 1147 3606 tau-
1200 3536 1354 3605 breviter
1368 3560 1557 3626 exponam:
1580 3534 1692 3606 Natus
1707 3551 1757 3605 est
1775 3534 1876 3608 Plato
1887 3534 2050 3622 Athenis,
2070 3563 2192 3609 mense

148 3650 229 3707 tum
247 3632 560 3715 Lacaedenroniis‚
585 3637 647 3704 sed
663 3636 830 3706 omnibus
847 3636 1049 3709 civitatibus
1067 3642 1148 3710 ubi·
1200 3638 1334 3709 Martio
1356 3662 1398 3706 eo
1414 3662 1529 3722 auno,
1557 3662 1628 3730 quo
1646 3639 1702 3706 vir
1716 3638 2026 3732 eloquentissimus
2039 3639 2193 3711 Pericles

144 3760 219 3836 que
241 3751 437 3822 terrarum,
463 3737 581 3826 legum
604 3739 838 3807 reverentiam
855 3740 1044 3811 salutarem
1063 3767 1147 3816 esse.
1198 3756 1359 3811 mortuus
1382 3754 1452 3821 est,
1487 3764 1527 3809 ae
1553 3741 1622 3811 luit
1646 3741 1676 3808 is
1690 3765 1806 3810 annus
1823 3742 1949 3811 tertius
1963 3742 2193 3813 funestissimi

144 3840 262 3933 Quod
284 3862 365 3909 cum
388 3840 438 3911 ita
460 3839 522 3925 sit,
548 3853 583 3908 et
605 3834 696 3907 mihi
718 3851 751 3910 et
769 3840 871 3911 vobis
890 3836 1147 3914 honestumest
1199 3845 1305 3928 belli,
1341 3844 1437 3936 quod
1464 3843 1558 3911 inter
1583 3867 1619 3911 se
1646 3840 1803 3912 Graecae
1829 3844 1987 3914 civitates
2012 3846 2193 3937 gerebant,

142 3943 244 4017 meri
279 3942 409 4031 gradus
434 3942 472 4011 iu
506 3936 637 4011 scholis
668 3943 897 4029 constitutos,
931 3960 971 4016 ut
996 3945 1146 4036 legibus,
1199 3947 1294 4041 quod
1320 3944 1661 4036 Peloponnesiacum
1682 3945 1825 4017 dicitnr.
1877 3942 2044 4016 Materno
2067 3970 2194 4037 genere

142 4067 242 4141 qnae
258 4068 335 4114 non
352 4047 429 4114 sine
447 4044 547 4135 gravi
569 4066 672 4114 causa
690 4038 832 4116 nobis'a
857 4047 1054 4117 maioribus
1075 4062 1147 4118 tra·
1200 4048 1365 4119 aSolone
1379 4060 1478 4116 ortus
1495 4060 1557 4118 est.
1604 4042 1864 4115 Patrimonium
1881 4042 2192 4143 habuitamplum,

140 4149 246 4220 ditae
261 4159 364 4231 sunt,
390 4168 585 4238 pareamus.
636 4143 756 4234 Quare
771 4160 805 4217 et
820 4161 974 4219 vestrum
990 4150 1147 4221 officium
1200 4175 1308 4245 quare
1329 4149 1525 4217 liberaliter
1546 4147 1728 4216 institutus
1747 4165 1817 4232 est,
1846 4174 1886 4217 ac
1901 4147 2041 4230 literas,
2067 4147 2192 4219 Arith-

141 4248 280 4333 laudo,
304 4250 402 4343 qnod
420 4248 554 4340 publici
568 4246 679 4318 moris
696 4251 932 4319 conservandi
953 4275 1055 4322 causa
1077 4249 1147 4322 huc
1200 4252 1349 4321 meticeu
1386 4265 1418 4319 et
1441 4247 1683 4318 Geometriam
1707 4250 1910 4319 adolescens
1936 4251 2079 4321 didicit:
2109 4276 2191 4320 narn

137 4351 380 4437 convenistis,
394 4365 427 4421 et
438 4365 529 4443 peto,
543 4365 582 4422 ut
597 4374 711 4419 meam
726 4352 923 4422 orationem
939 4378 1052 4448 aequo
1068 4355 1148 4424 aui·
1198 4349 1264 4423 hae
1287 4368 1378 4423 artes
1399 4347 1553 4421 Athenis
1576 4352 1807 4421 tradebantur
1833 4351 1936 4422 initio
1962 4354 2091 4444 pueris.
2144 4348 2193 4423 Et

139 4477 207 4527 mo
227 4453 402 4539 audiatis,
427 4453 634 4545 praesertim
646 4476 726 4523 curn
742 4476 816 4522 non
830 4458 1040 4547 sumpserim
1057 4454 1148 4526 mihi
1198 4456 1282 4551 quia
1307 4454 1450 4543 ingenio
1466 4452 1623 4536 valebat,
1648 4455 1787 4545 scripsit
1800 4452 1965 4523 Po'umata
1982 4468 2015 4525 et
2034 4454 2192 4544 Tragoe-

140 4550 215 4629 tus
231 4569 351 4648 partes
364 4556 498 4645 ingenii
515 4556 655 4639 fiducia,
672 4555 732 4624 sed
747 4556 989 4628 necessitatem
1004 4559 1149 4629 dicendi
1198 4559 1293 4642 dias,
1326 4553 1512 4649 Euripidis
1538 4554 1773 4625 admiratione
1799 4556 1991 4644 excitatus,
2032 4557 2088 4625 cui
2117 4569 2192 4626 erat

140 4652 219 4731 boe
241 4659 322 4729 loco
343 4659 449 4730 nobis
469 4660 629 4750 imponat
651 4657 873 4729 officiiratio.
914 4657 1040 4729 Nescio
1057 4686 1147 4754 quo·
1198 4658 1399 4730 familiaris:
1436 4656 1563 4728 incidit
1591 4658 1687 4727 enim
1711 4656 1946 4728 adolescentia
1969 4655 2129 4728 Platonis
2152 4657 2191 4726 io

141 4764 262 4833 modo
276 4762 339 4831 alii
353 4763 427 4833 sint
439 4759 568 4845 affecti,
590 4761 651 4829 sed
665 4760 710 4827 de
727 4782 806 4828 meo
823 4760 943 4831 auimo
961 4756 1029 4831 hoc
1044 4787 1148 4854 prae·
1198 4775 1336 4853 tempus
1352 4760 1515 4845 civitatis,
1535 4782 1610 4829 non
1627 4758 1770 4852 quidem
1787 4758 2040 4852 tranquillum,
2061 4761 2121 4827 sed
2139 4756 2193 4829 ta·

139 4865 273 4937 dicare
286 4888 447 4955 possum,
473 4858 540 4933 bos
557 4875 677 4932 coetus
689 4855 917 4932 scholasticos
932 4879 966 4934 et
981 4887 1148 4954 congres-
1197 4888 1280 4933 men
1296 4886 1371 4933 ooo
1389 4861 1497 4932 triste.
1552 4856 1767 4954 Quanquam
1783 4860 1879 4929 enim
1894 4858 1997 4929 initia
2013 4858 2097 4930 belli
2113 4863 2192 4930 fue·

137 4988 210 5039 sus
231 4981 374 5038 nostros
399 4961 491 5035 mibi
518 4965 642 5035 multis
662 4966 707 5032 de
728 4965 842 5033 causis
873 4964 1147 5037 iucundissimos
1196 4980 1276 5037 rant
1293 4963 1531 5057 inauspicata,
1555 4975 1590 5033 et
1605 4984 1752 5051 magnae
1768 4961 1886 5045 clades
1903 4973 2004 5032 erant
2017 4978 2189 5055 acceptae,

140 5092 237 5145 esse.
280 5066 383 5139 luvat
397 5068 494 5138 enim
510 5066 631 5136 videre
646 5061 731 5136 haec
747 5067 846 5159 quasi
868 5068 1040 5159 praesidia
1058 5066 1147 5139 Rei·
1196 5080 1315 5138 tameo
1338 5079 1457 5161 postea
1481 5069 1594 5136 anuos
1612 5063 1751 5165 circiter
1769 5062 1893 5152 viginti
1914 5065 2046 5136 multae
2064 5090 2119 5135 res
2136 5089 2191 5134 se·

144 5174 237 5268 pub.
253 5170 420 5241 videlicet
437 5192 518 5241 curu
534 5170 687 5238 maiores
701 5179 804 5252 natu,
830 5171 893 5262 qui
909 5170 979 5238 iam
995 5171 1145 5241 consilio
1197 5173 1334 5241 eundae
1367 5180 1574 5239 consecutae
1613 5164 1742 5235 iterum
1777 5178 1964 5237 erexerunt
1999 5166 2189 5239 civitatem.

144 5290 183 5347 et
198 5275 389 5345 autoritate
403 5296 466 5343 sua
482 5284 610 5362 regunt
624 5268 802 5361 Rempub.
818 5285 894 5341 tum
911 5265 1008 5342 hune
1021 5272 1146 5343 florem
1197 5270 1321 5343 Postea
1337 5295 1420 5342 eom
1441 5283 1535 5339 aetas
1551 5264 1710 5339 Platonis
1733 5291 1824 5359 pene
1842 5280 1978 5338 matura
2000 5282 2106 5348 esset,
2133 5266 2189 5335 vel

147 5377 367 5459 iuventutis,
408 5398 498 5469 quae
531 5373 772 5464 posteritatem
804 5372 1043 5464 gubernatura
1077 5388 1146 5446 est:
1196 5376 1364 5461 militiae,
1388 5372 1444 5441 vel
1466 5370 1630 5442 civilibus
1651 5370 1879 5456 muneribus,
1904 5369 2046 5440 fortuna
2065 5369 2190 5439 civita-

147 5481 209 5551 coi
224 5482 265 5550 io
278 5475 337 5549 bis
356 5476 602 5567 congressibus
618 5475 709 5546 bene
733 5477 870 5568 precari
889 5475 1079 5558 debemus,
1105 5500 1147 5547 ac
1195 5476 1241 5548 tis
1262 5489 1398 5550 mutata
1420 5473 1577 5558 obstitit,
1609 5496 1681 5567 quo
1703 5473 1888 5542 minusad
1914 5468 2189 5562 Rempublicam
