4664 6022
835 77 845 112 t

224 281 303 366 aaa
688 274 852 378 ouen.
882 276 958 358 nn
989 256 1301 359 enarrare
1333 275 1684 357 nocvxmau
1721 298 1808 360 nc.
2197 268 2277 359 oar

231 461 328 534 ultro
344 457 607 551 amplectuntur
621 455 824 528 occasiones
840 454 993 528 invicem
1019 455 1232 543 insectandi,
1283 440 1458 527 docentes.
1518 452 1707 526 Summum
1729 451 1913 524 malorum‘
1928 464 1998 540 est,
2030 464 2066 524 et
2084 451 2277 525 certissima

232 563 336 636 facile
357 560 503 654 rapiunt
525 560 564 630 in
581 559 794 629 calumniam
811 559 963 630 aliorum
987 560 1099 645 dicta,
1127 559 1232 632 etiam
1283 554 1460 631 Ecclesiae
1476 558 1603 649 pestis,
1630 581 1738 649 purae
1753 555 1936 626 doctrinae
1950 554 2176 647 depravatio:
2220 557 2279 626 sed

235 667 331 737 bona
355 675 416 735 aut
437 676 529 732 certe
553 658 772 743 tolerabilia,
799 679 838 735 ut
862 687 901 732 ea
916 662 1001 732 odio
1027 664 1233 755 depravent.
1284 655 1464 746 adhaec,
1501 657 1701 730 occasiones
1725 673 1761 730 et
1790 680 1911 729 causas
1932 656 2279 750 praebet-discordia

237 764 297 841 Ab
313 762 370 836 his
386 765 500 838 initiis
517 764 718 836 decurritur
742 766 786 835 ad
802 765 973 834 sactiones
991 778 1024 834 et
1039 779 1173 856 partes,
1200 778 1235 835 et
1285 763 1500 834 docentium.
1555 759 1675 851 Quare
1691 762 1917 853 quantumin
1934 759 2118 846 nobisest,
2140 782 2278 837 summa

238 895 339 943 suam
356 868 505 962 quisque
522 867 735 937 sententiam
758 867 872 958 pergit
888 868 1117 960 pertinaciter
1132 868 1236 952 tueri,
1286 890 1369 938 cura
1403 890 1444 934 ac
1474 864 1593 934 studio
1621 867 1815 934 cavendnm
1837 878 1906 946 est,
1941 887 1987 932 ne
2014 875 2136 932 nostra
2151 862 2279 956 aliqua

240 972 371 1067 quibus
393 983 508 1062 potest
533 970 649 1042 modis
683 984 718 1041 et
746 970 987 1040 adversarium
1015 969 1236 1040 odiosissime
1286 969 1388 1059 culpa
1406 966 1580 1037 eiusmodi
1595 967 1729 1036 malum
1747 967 1841 1035 inter
1856 988 1922 1034 nos
1940 965 2122 1040 excitetur.
2158 960 2280 1057 Neque

240 1072 442 1157 criminari,
469 1073 640 1166 quaedam
656 1072 763 1143 etiarn
779 1087 916 1143 tantum
935 1072 1015 1143 ideo
1037 1073 1244 1144 delendum,

211 1230 214 1245 .
241 1192 320 1258 tur,
351 1200 425 1245 non
449 1176 544 1267 quod
566 1199 648 1244 vcra
672 1199 745 1246 esse
768 1177 955 1260 videntur,
991 1177 1052 1245 sed
1072 1175 1155 1269 quia
1171 1200 1237 1244 vo·

239 1278 367 1370 luptati
388 1290 439 1348 est
460 1278 505 1346 ab
520 1277 724 1347 adversario
745 1276 944 1352 dissentire.
994 1276 1121 1349 Postea
1137 1277 1237 1347 latis-

239 1381 327 1452 sime
351 1392 525 1470 vagantur
552 1376 741 1463 factiones,
778 1379 925 1449 dissidia
953 1381 998 1450 ab
1027 1376 1238 1450 authoribus

241 1482 410 1568 excitata,
443 1506 517 1549 non
538 1495 675 1552 tantum
691 1483 821 1569 urbes,
855 1484 916 1551 sed
941 1494 1031 1552 totas
1049 1496 1160 1552 terras
1177 1506 1236 1550 oc-

241 1597 384 1677 cupant.
444 1581 495 1652 lta
527 1586 700 1677 quaedam
730 1584 867 1676 privata
892 1584 974 1654 odia
1005 1584 1237 1664 ulciscuntur,

241 1685 387 1778 publica
401 1680 641 1754 Ecclesiarum
658 1685 866 1757 calamitate.
917 1682 972 1756 Ac
995 1685 1079 1755 satis
1094 1701 1238 1777 apparet

242 1784 335 1857 hanc
360 1788 527 1856 omnibus
550 1788 623 1856 lere
646 1789 865 1879 temporibus
888 1787 1043 1858 extitisse
1065 1789 1236 1878 originem

242 1885 443 1967 haereseoin
475 1904 509 1960 et
541 1884 803 1970 schismatum,
842 1890 912 1960 iam
945 1890 1030 1959 inde
1059 1892 1104 1960 ab
1133 1890 1238 1961 initio

242 1992 394 2081 evulgati
409 1987 613 2079 Evangelii,
640 1992 735 2085 quod
751 1988 926 2062 Diabolus
942 2018 983 2063 ex
999 1993 1074 2084 ipso
1091 2016 1239 2085 corpore

240 2088 419 2163 Ecclesiae
443 2088 590 2184 pulchre
616 2093 869 2164 consentientis
893 2095 932 2165 in
958 2119 1040 2165 vera
1065 2094 1239 2179 doctrina,

142 2284 147 2295 ¹
244 2194 411 2266 excitavit
425 2195 580 2287 aliquos,
607 2196 668 2290 qui
687 2211 832 2289 propter
848 2197 1003 2288 privatas
1019 2197 1239 2288 cupiditates,

241 2309 302 2367 acrt
330 2297 463 2365 similes
491 2321 628 2381 causas,
659 2300 705 2367 ab
727 2299 927 2369 animorum
952 2313 986 2369 et
1013 2300 1238 2370 voluntatum

242 2398 478 2481 dissensione,
505 2401 547 2468 ad
566 2399 803 2469 dissensiones
823 2404 866 2471 de
883 2402 1044 2471 doctrina
1070 2400 1239 2493 provecti,

241 2514 410 2591 perpetua
431 2501 577 2570 dissidia
600 2501 637 2570 in
651 2497 820 2571 Ecclesiis
838 2519 1061 2595 pepererunt.
1121 2502 1237 2591 Quam

242 2626 262 2672 a
279 2602 418 2672 levibus
437 2601 625 2695 principiis
637 2605 825 2676 excitatum
840 2619 890 2675 est
905 2607 1072 2696 pestilens
1086 2601 1167 2676 ,trit
1182 2606 1239 2674 in-

244 2705 430 2789 cendium,
456 2730 527 2797 quo
543 2717 659 2795 postea
677 2730 799 2776 omnes
814 2732 925 2800 prope
939 2702 1101 2778 Orientis
1115 2705 1239 2778 Eccle-

242 2805 314 2876 siae
331 2807 616 2895 conflagrarunt,
640 2810 735 2902 quod
761 2812 799 2877 in
815 2810 987 2880 electione
1004 2806 1240 2901 Episcopatus

243 2907 334 2978 alius
357 2904 446 2978 Ario
481 2910 656 3000 praelatus
676 2911 801 2980 fuerat.
861 2908 971 2981 Plena
999 2913 1238 3004 exemplorum

244 3024 295 3080 est
326 2998 475 3080 historia
499 3013 660 3082 omnium
684 3025 857 3100 aetatum,
889 3014 949 3084 sed
975 3028 1124 3086 nonest
1150 3039 1238 3105 opus

243 3111 369 3202 procul
383 3114 541 3204 exempla
557 3127 732 3205 repetere,
758 3140 837 3186 cum
855 3115 927 3187 sint
937 3115 983 3185 ob
999 3117 1122 3186 oculos
1137 3141 1237 3207 prae-

242 3213 365 3288 sentia.
417 3212 649 3286 Meminimus
665 3240 705 3286 ex
729 3211 795 3286 hac
816 3218 893 3310 ipsa
915 3212 1034 3288 schola
1051 3220 1238 3312 quosdam,

243 3340 323 3387 cum
343 3316 448 3386 initio
472 3318 512 3386 in
534 3319 718 3388 asserenda
743 3343 830 3410 pura
854 3320 1017 3390 doctrina
1040 3317 1238 3409 Evangelii,

244 3419 375 3488 nostris
412 3418 620 3490 viderentur
650 3442 724 3490 esse
757 3422 1058 3504 coniunctissimi,
1107 3437 1239 3514 postea,

244 3543 325 3589 cum
344 3545 385 3588 ex
411 3522 484 3591 suis
511 3522 723 3615 quibusdam
749 3525 1012 3617 suspicionibus
1036 3550 1110 3595 non
1138 3526 1238 3594 vide-

1287 1095 1369 1139 vero
1395 1068 1607 1159 cogitemus,
1638 1093 1703 1138 nos
1719 1069 1850 1139 liberos
1868 1090 1943 1137 esse
1965 1068 2011 1137 ab
2027 1061 2085 1138 his
2101 1064 2279 1163 periculis.

1286 1172 1376 1242 Nam
1390 1169 1582 1257 Diabolus,
1607 1184 1646 1242 ut
1660 1170 1753 1257 dixi,
1771 1194 1845 1239 non
1861 1170 1991 1241 desinit
2004 1191 2071 1240 nos
2086 1169 2208 1241 omnis
2223 1192 2280 1261 gc-

1286 1275 1382 1345 neris
1415 1273 1556 1344 insidiis
1582 1287 1688 1367 atque
1714 1275 1850 1343 artibus
1877 1284 2051 1364 appetere.
2111 1266 2162 1343 Et
2185 1296 2280 1344 nun-

1287 1401 1393 1473 quam
1406 1389 1477 1446 tam
1494 1376 1668 1446 foeliciter
1677 1391 1799 1467 agetur
1812 1375 1852 1444 in
1867 1376 1972 1445 rebus
1980 1369 2169 1461 humanis,
2194 1366 2281 1469 quin

1287 1479 1438 1551 existant
1469 1479 1576 1548 etiam
1600 1478 1694 1548 inter
1723 1479 1838 1548 bonos
1876 1478 2016 1572 aliquae
2041 1474 2281 1548 offensionum

1287 1583 1499 1654 occasiones.
1550 1579 1681 1670 Magna
1698 1595 1749 1651 est
1767 1580 1859 1651 inter
1877 1575 2040 1649 homines
2055 1577 2282 1665 ingeniorum

1287 1698 1322 1754 et
1345 1697 1554 1755 naturarum
1580 1683 1853 1763 dissimilitudo,
1896 1683 2014 1776 itaque
2035 1680 2141 1752 facile
2169 1692 2283 1773 potett

1288 1786 1464 1869 accidere,
1490 1799 1530 1855 ut
1544 1784 1606 1854 alii
1628 1785 1781 1855 aliorum
1798 1785 1899 1855 lactis
1918 1808 1957 1855 ac
1974 1783 2283 1855 dictisotiendan·

1288 1903 1360 1960 tur.
1410 1883 1546 1958 Etcum
1563 1889 1670 1957 semel
1687 1886 2138 1973 admittimusoccasiones,
2165 1900 2283 1979 postea

1289 1990 1358 2083 ipsi
1380 1990 1485 2059 nobis
1505 1989 1749 2080 indulgemus,
1781 1990 1894 2059 animi
1917 1987 2087 2080 paulatim
2105 1987 2284 2083 incipiunt

1288 2092 1457 2179 alienari,
1500 2095 1673 2163 accedunt
1707 2092 1871 2163 sinistrae
1904 2090 2143 2184 suspiciones,
2196 2114 2282 2187 quae

1289 2194 1515 2266 etiamsinon
1539 2207 1732 2286 erumpunt
1754 2195 1791 2263 in
1817 2195 2012 2266 simultates
2035 2206 2070 2263 et
2093 2193 2200 2275 odia,
2233 2207 2282 2265 ta-

1288 2322 1371 2367 men
1387 2320 1462 2365 non
1477 2298 1611 2367 abeunt
1625 2297 1702 2366 sine
1717 2296 1944 2367 incommodo
1961 2295 2126 2386 publico,
2153 2295 2281 2369 multae

1288 2400 1404 2470 bonae
1428 2422 1484 2468 res
1507 2399 1770 2491 impediuntur,
1804 2424 1884 2469 cnm
1902 2399 2012 2468 animi
2030 2421 2105 2466 non
2122 2397 2208 2469 satis
2221 2422 2282 2469 co·

1289 2496 1458 2587 haerent,
1492 2526 1597 2572 nemo
1629 2502 1730 2588 alteri
1755 2501 1918 2587 confidit,
1949 2514 2011 2572 aut
2039 2524 2117 2571 sese
2146 2498 2282 2595 aperire

2318 722 2324 845 t]

1289 2605 1406 2677 audet.
1462 2602 1511 2674 lta
1529 2627 1603 2673 non
1619 2605 1852 2676 conternntur
1867 2604 2001 2688 studia,
2032 2602 2077 2672 ad
2094 2603 2285 2677 conmten-
2322 2674 2324 2687 ,

1289 2709 1375 2776 dum
1397 2702 1575 2776 Ecclesiae
1596 2708 1810 2788 commodis,
1837 2731 1910 2776 non
1934 2719 2017 2776 sunt
2036 2705 2208 2777 derebus
2223 2726 2285 2777 na·

1289 2809 1448 2877 cessariis
1469 2809 1763 2893 deliberationes,
1797 2823 1858 2879 aut
1887 2807 2166 2889 collocutiones,
2198 2832 2285 2901 quo·

1288 2912 1395 2980 modo
1417 2909 1641 2981 obscuriores
1663 2911 1922 2982 controversiae
1954 2910 2163 3000 religionis,
2194 2910 2284 2983 clare

1289 3026 1323 3082 et
1344 3012 1508 3104 proprie,
1540 3038 1580 3082 ac
1604 3014 1648 3082 ad
1672 3038 1780 3083 unam
1806 3015 1961 3107 aliquam
1985 3027 2116 3084 certam
2133 3014 2282 3083 sonnam'

1288 3118 1483 3185 secundum
1500 3116 1710 3207 scripturam
1727 3116 1958 3206 explicentur.
2009 3113 2123 3207 Saepe
2137 3138 2213 3186 non
2224 3134 2276 3183 sa-

1288 3217 1334 3288 tis
1358 3217 1508 3307 intelligi
1534 3231 1668 3309 potest,
1700 3219 1787 3312 quid
1811 3216 1961 3311 quisque
1985 3216 2130 3288 sentiat.
2190 3212 2281 3287 llaec

1289 3320 1359 3388 iam
1378 3319 1462 3390 satis
1480 3336 1723 3409 magnasunt,
1748 3321 1834 3416 quid
1851 3336 1967 3392 autem
1982 3321 2147 3390 futurum
2163 3331 2232 3403 est,
2256 3316 2282 3388 si

1288 3424 1461 3493 accedunt
1479 3424 1612 3494 stillae
1633 3439 1764 3515 pestes,
1789 3423 2012 3504 simultates,
2030 3422 2134 3506 odia,
2160 3419 2284 3491 factio·
2320 3398 2324 3489 l

1288 3547 1370 3608 nes,
1428 3524 1602 3596 tumultus
1643 3538 1678 3596 et
1721 3526 1963 3596 amarulentae
2005 3522 2281 3608 criminationes,

244 3635 370 3690 rentur
384 3646 420 3688 se
437 3625 520 3692 satis
537 3625 801 3711 admirationis,
827 3640 862 3696 ct
882 3627 1015 3715 gloriae
1032 3644 1239 3699 consecutos
1290 3649 1445 3717 pugnae,
1480 3651 1567 3721 quas
1594 3628 1720 3697 merito
1754 3628 1915 3721 quisquis
1939 3640 2008 3706 est,
2048 3620 2278 3711 Christianus,

245 3732 337 3800 esse,
372 3746 436 3790 nec
460 3724 536 3814 pari
568 3719 782 3796 authoritate
806 3750 845 3796 ac
867 3728 1126 3798 existimatione
1158 3755 1238 3799 cunr
1289 3743 1363 3798 toto
1398 3728 1518 3798 animo
1551 3730 1706 3799 execrari
1742 3746 1847 3825 atque
1883 3725 2131 3799 exhorrescere
2169 3730 2278 3799 debet.
2320 3694 2324 3781 l

244 3821 461 3894 Doctoribus
492 3820 634 3911 haberi,
678 3852 762 3897 mox
785 3830 954 3899 exarsisse
983 3830 1136 3916 invidia,
1176 3833 1238 3900 ad·
1289 3828 1549 3918 Quamobrem,
1575 3832 1713 3902 tametsi
1727 3827 1814 3902 haec
1829 3832 1971 3925 quidem
1989 3825 2139 3915 Schola,
2166 3825 2280 3901 hacte-
2322 3858 2324 3863 ·

244 3925 400 3995 iunxisse
430 3926 498 3996 sibi
522 3923 685 3998 homines
714 3929 882 4016 furiosos,
923 3957 1077 4024 quorum
1106 3934 1237 4004 auxilio
1289 3956 1356 4001 nus
1372 3935 1631 4023 pacataluerit,
1657 3948 1690 4004 et
1710 3936 1804 4006 inter
1817 3933 1990 4006 Doctores
2011 3932 2197 4020 singulare
2211 3946 2280 4004 stu·

243 4041 449 4117 spargerent
462 4029 632 4100 fanaticas
642 4029 850 4122 opiniones,
872 4036 970 4104 unde
983 4037 1027 4104 ad
1044 4048 1237 4105 extremum
1289 4035 1388 4103 (lium
1406 4037 1616 4106 concordiae
1628 4051 1818 4128 appareat,
1841 4050 1958 4108 tamen
1976 4049 2015 4106 ut
2024 4059 2063 4105 ea
2079 4059 2190 4124 porro
2199 4058 2280 4105 cou-

245 4125 559 4219 Anabaptistarum
579 4133 678 4203 furor
693 4134 857 4205 invaluit.
907 4135 976 4205 Sed
995 4137 1077 4229 quia
1093 4137 1236 4231 quidam
1290 4150 1466 4222 servetur,
1496 4133 1567 4207 huc
1589 4141 1831 4224 conseramus,
1859 4163 1977 4208 coram
2001 4152 2035 4208 et
2053 4137 2279 4226 cogitationes
2322 4202 2324 4245 Ι

245 4232 654 4323 poenasdederuntnon
676 4237 835 4308 nomino.
888 4238 971 4309 Scio
987 4240 1164 4332 plerisque
1179 4267 1236 4305 ve-
1290 4254 1447 4324 nostras,
1470 4235 1579 4310 uthis
1595 4243 1714 4327 malis,
1738 4268 1829 4335 quae
1847 4230 2196 4325 dixi,occurramus.
2235 4232 2278 4311 Et

246 4346 359 4401 strum
377 4347 501 4402 notum
516 4359 588 4405 esse
606 4335 828 4424 Wicelium‚
854 4353 894 4410 ut
915 4354 965 4411 est
988 4336 1095 4410 homo
1112 4356 1237 4410 natura
1290 4354 1341 4410 est
1356 4365 1439 4411 sane
1463 4344 1506 4411 ad
1528 4338 1622 4413 hanc
1640 4367 1714 4413 rem
1734 4368 1824 4436 opus
1847 4341 2018 4433 singulari
2035 4366 2121 4413 cura
2140 4367 2182 4413 ac
2199 4364 2278 4435 pru-

247 4433 476 4516 ambitiosus,
506 4451 539 4506 et
562 4440 606 4506 de
629 4463 665 4508 se
692 4443 875 4531 magnifice
892 4444 1064 4524 sentiens,
1089 4470 1167 4513 curn
1186 4459 1236 4514 ta·
1290 4443 1426 4528 dentia,
1460 4457 1495 4513 et
1516 4438 1601 4530 hoc,
1631 4460 1672 4516 ut
1693 4446 1731 4514 in
1753 4447 1833 4515 aliis
1847 4445 1972 4525 rebus,
2001 4444 2049 4515 ita
2068 4439 2279 4539 hicqooqne

246 4559 329 4605 men
349 4551 437 4606 esset
456 4532 564 4608 homo
584 4541 770 4623 obscurus,
801 4567 866 4612 nec
884 4547 1073 4639 quicquam
1090 4547 1237 4633 dignum
1290 4545 1525 4614 necessarium
1542 4559 1576 4616 et
1591 4549 1679 4618 utile
1702 4562 1927 4641 praeceptum
1948 4560 2014 4632 est,
2045 4548 2144 4641 quod
2163 4558 2279 4618 monet

246 4649 344 4707 tanta
363 4639 532 4729 opinione
548 4643 697 4713 eruditis
714 4638 937 4731 hominibus,
965 4673 1071 4742 quarn
1087 4649 1155 4718 sibi
1171 4648 1238 4739 ipsi
1290 4647 1476 4739 principiis
1489 4672 1562 4716 esse
1581 4650 1805 4721 obstandum.
1864 4647 1956 4721 Litis
1974 4649 2138 4737 initium,
2166 4647 2279 4745 inquit

250 4734 430 4827 induerat,
464 4743 686 4833 protulisset,
719 4746 802 4840 quia
824 4750 1086 4840 suspicabatur,
1110 4775 1237 4820 senon
1290 4747 1479 4832 Salomon,
1511 4750 1660 4841 perinde
1677 4767 1746 4833 est,
1771 4753 1841 4823 acsi
1866 4754 2005 4821 alveum
2025 4753 2165 4844 ruperit
2183 4775 2281 4848 aqua,

248 4840 334 4909 satis
366 4866 428 4932 pro
452 4845 624 4934 dignitate
656 4849 817 4934 tractari,
853 4846 919 4921 hac
950 4853 1024 4921 sola
1055 4855 1099 4921 de
1124 4877 1238 4938 causa,
1290 4874 1380 4943 qnae
1397 4865 1513 4941 postea
1532 4854 1630 4922 nulla
1647 4854 1780 4924 invitus
1804 4854 1979 4925 contineri
1996 4867 2122 4944 potest.
2175 4852 2277 4927 ltain

248 4940 397 5028 coepita
414 4948 541 5017 nostris
556 4948 753 5024 dissentire.
811 4949 955 5024 Etcum
972 4957 1143 5044 quaedam
1163 4957 1238 5025 eius
1290 4951 1446 5023 Ecclesia
1462 4977 1481 5022 a
1502 4956 1619 5044 parvis
1643 4955 1754 5025 initiis
1771 4973 1867 5028 ortae
1884 4957 2141 5042 dissensiones,
2164 4970 2284 5049 postea

249 5042 376 5137 scripta
393 5047 438 5115 ab
451 5050 571 5119 amieis
588 5050 716 5121 leniter
726 5068 840 5124 essent
855 5050 1084 5147 reprehensa,
1112 5059 1238 5127 exarsit
1290 5080 1369 5126 cum
1392 5056 1643 5144 invaluerunt,
1675 5059 1785 5128 nullis
1805 5058 1971 5129 remediis
1992 5058 2110 5128 sanari
2126 5072 2293 5152 possunt,

250 5143 539 5238 iraatqueodio,
565 5165 601 5221 et
623 5153 769 5223 miscere
791 5159 910 5226 omnia
929 5170 1077 5228 conatus
1102 5173 1170 5237 est,
1205 5173 1239 5230 et
1290 5156 1409 5248 Quare
1448 5173 1622 5251 quantum
1662 5184 1864 5250 possumus,
1903 5162 2054 5231 vitemus
2082 5162 2291 5234 occasiones

249 5248 428 5341 quidquid
441 5252 557 5339 potuit
571 5257 699 5325 veneni
714 5257 752 5324 in
768 5272 907 5329 nostros
919 5261 1089 5332 evomuit.
1141 5258 1238 5330 Haec
1288 5284 1429 5345 omnes,
1463 5263 1706 5351 praecidamus
1729 5264 1896 5356 quicquid
1923 5264 2091 5354 impedit,
2124 5279 2187 5336 aut
2215 5265 2282 5335 ob⁶

250 5350 408 5441 exempla
432 5354 557 5422 docere
579 5378 644 5426 nos
672 5372 836 5449 possunt,
868 5375 1041 5454 quantum
1061 5365 1237 5432 malorum
1288 5377 1371 5447 stat,
1391 5364 1525 5434 etiamsi
1540 5389 1630 5457 qnae
1645 5364 1755 5434 iustae
1767 5367 1932 5437 videntur
1945 5389 2153 5438 esseeausae
2167 5367 2281 5438 offen·

249 5450 375 5524 afferat
406 5452 446 5523 in
478 5450 656 5544 Ecclesia,
693 5461 865 5532 dissensio
890 5464 1117 5537 voluntatum
1145 5466 1240 5536 inter
1287 5466 1449 5548 sionum,
1476 5469 1720 5538 condonemus
1741 5483 1885 5556 mulcro,
1915 5467 2177 5555 dissimulemus
2201 5463 2277 5559 pri·
