4664 6022
633 329 796 408 nsua.
829 256 915 402 nu
937 315 1344 449 narraremus
1379 294 1700 391 tuscanas.

143 336 222 412 99⁷
2106 319 2182 396 998

144 527 223 602 pter
235 510 346 579 blicam
362 506 427 578 Dei
442 506 568 576 donari
584 505 827 576 remissionem
846 514 1080 593 peccatorum,
1104 504 1139 565 et
1187 492 1298 572 mala,
1335 504 1376 560 ut
1407 489 1547 558 numeri
1577 489 1792 579 gignuntur,
1824 492 1904 560 eum
1937 496 1981 564 ad
2008 492 2183 568 unitatem

144 614 380 703 imputatione
394 609 553 679 iusticias
571 631 632 699 per
648 609 752 678 fidem
767 600 1140 690 aereusamaSpiritu
1188 597 1371 664 adduntur
1392 595 1557 681 deinceps
1583 595 1701 682 plures
1724 594 1888 665 unitates.
1943 595 2052 667 ltaad
2072 601 2180 669 vitam
2298 636 2302 642 ·

143 729 277 788 mem·
1189 697 1297 765 totius
1314 709 1433 765 coetus
1448 699 1627 776 tuendam,
1652 697 1844 765 necessaria
1862 713 1913 768 est
1928 721 2008 787 erga
2024 715 2180 771 caeteros

244 829 321 901 llac
337 829 529 899 necessaria
547 827 706 896 doctrina
724 823 863 906 omissa,
887 815 1138 892 Enthnsiastae
1188 800 1392 916 affluam-l·
1445 795 1542 864 ielis
1565 800 1686 865 ‘³1¹⁸'ss
1707 800 1799 867 ¹³⁰¹¹³
1819 798 1977 920 civibus..
2002 826 2091 895 quae
2112 804 2181 872 tibi

145 949 179 1004 et
201 935 333 1003 similes
352 934 527 1003 iactabant
549 953 629 998 suos
652 928 822 1006 adflatus,
851 920 1047 1011 theurgicas
1065 924 1139 989 vir·
1189 924 1261 981 V¹⁵=
1289 899 1445 989 depellas
1466 903 1587 967 ‘fldem
1610 901 1855 1020 mllilsfumss
1872 904 1917 971 ab
1932 904 2002 972 ³¹¹0
2019 929 2180 991 mercem»

145 1051 248 1116 tutes,
269 1051 302 1104 et
317 1035 446 1104 similia
461 1026 645 1123 datiuum
660 1028 848 1122 (legaturum,
873 1050 963 1118 quae
979 1026 1138 1092 sciebant
1189 1003 1296 1119 fffddfl
1316 1003 1535 1071 lamundfflb
1593 998 1682 1070 Nam
1709 1027 1739 1071 ⁸¹
1763 1027 1832 1123 ¹¹¹¹³t
1856 1028 1937 1094 pars
1960 1020 2097 1126 tautum
2123 1034 2180 1077 ra·

143 1139 416 1207 admirationem
434 1135 519 1225 ipsis
535 1157 658 1225 parere
673 1132 764 1220 apud
785 1131 966 1220 populum.
998 1125 1138 1196 Deinde
1189 1117 1277 1194 9¹³¹,
1310 1098 1614 1222 illesifflh'ffilfl
1645 1104 1736 1173 sime
1759 1120 1858 1225 pent.
1910 1104 1964 1225 ῌΧ
1991 1103 2045 1227 h.¹⁸
2067 1124 2180 1229 ¹.⁰¹.¹¹¹⁸

143 1240 374 1308 multitudine
388 1237 491 1320 freti,
518 1235 758 1304 moliebantur
777 1256 868 1301 nova
888 1254 994 1319 regna
1016 1242 1048 1297 et
1070 1252 1138 1295 no·
1189 1219 1301 1295 potest
1315 1206 1489 1324 Jntelligt,
1518 1231 1582 1275 cur
1598 1220 1750 1278 vetustas
1770 1211 2179 1328 toties·d1cat·rust1cram

144 1363 206 1408 vas
232 1340 479 1431 lerosolymas,
506 1338 595 1408 sicut
616 1337 774 1405 ferenmt
791 1333 1001 1423 l’epusiani,
1027 1343 1062 1398 et
1081 1354 1137 1397 re·
1188 1309 1432 1400 ³‘q¹¹³¹l¹¹³¹l⁰f¹¹
1457 1332 1548 1427 ἓξὲξ,
1584 1312 1736 1427 (tumlti
1760 1306 1843 1426 baffi
1867 1314 2180 1432 1psaft1v1na0ra.

144 1465 225 1510 cens
239 1439 504 1530 Anabaptistae.
540 1438 660 1526 Quare
674 1439 841 1505 adversus
859 1437 992 1504 semina
1010 1433 1135 1500 talium
1188 1410 1265 1478 ‘¹¹¹³
1281 1411 1422 1478 d⁰⁰⁰¹¹l²
1451 1407 2085 1507 D¹l¹8³⁸l³f⁰x¹¹⁰1¹mStcultetpsum.
2117 1412 2179 1489 Et:

143 1544 327 1620 furorum,
353 1541 461 1610 animi
486 1565 569 1609 vera
591 1540 751 1608 doctrina
775 1552 809 1608 et
827 1537 1051 1606 invocatione
1072 1534 1135 1601 lilii
1189 1508 1294 1599 Q¹¹⁰sl
1319 1513 1394 1630 ‘ilbi
1431 1538 1504 1630 ¹¹⁰¹{
1531 1515 1582 1580 Vl⁸
1615 1513 1846 1632 barnaban
1874 1539 1918 1582 ne
1943 1517 2060 1589 facito.
2111 1515 2181 1589 Hic

144 1642 210 1714 Dei
227 1645 384 1714 studiose
400 1643 587 1711 muniendi
602 1655 695 1714 sum·
1188 1637 1346 1701 agnoscis
1369 1614 1613 1707 aequalitatem
1636 1617 1788 1698 sanciri,
1815 1629 1854 1686 ut
1872 1616 1962 1689 sicut
1981 1635 2013 1689 te
2036 1619 2089 1687 vis
2107 1644 2180 1691 esse

247 1761 351 1832 Nunc
371 1762 475 1831 venio
500 1764 543 1831 ad
564 1762 712 1831 alterum
736 1761 935 1829 membrum
958 1754 1136 1825 delinitio-

144 1865 219 1948 nis,
244 1865 282 1932 in
307 1890 377 1957 quo
396 1862 527 1934 dicitur
552 1863 686 1933 iusticia
713 1885 786 1932 esse
810 1857 1033 1954 aequalitatis
1051 1880 1136 1925 con-

145 1968 307 2040 servatio.
359 1963 428 2035 Hic
444 1967 541 2034 vides
559 1964 785 2035 constitutam
802 1986 875 2033 esse
892 1960 1134 2032 definitionem

146 2092 187 2135 cx
203 2070 350 2136 (liversis
365 2068 614 2156 opinionibus,
642 2068 718 2137 vult
735 2065 908 2135 iusticiam
932 2086 1004 2132 esse
1019 2076 1136 2129 motus

146 2171 287 2240 divinos
316 2172 353 2238 in
382 2170 495 2238 nobis.
548 2168 671 2239 Postea
696 2193 740 2238 ne
766 2168 958 2257 negligeret
988 2187 1136 2254 operum

147 2272 363 2354 doctrinam,
386 2270 513 2339 adiecit
532 2263 624 2340 banc
646 2270 874 2362 particulam,
900 2262 993 2361 μετὰ
1013 2259 1137 2358 ἰσότη-

146 2397 227 2457 τος,
253 2367 311 2441 hic
328 2371 442 2441 voluit
461 2372 644 2460 complecti
669 2372 781 2440 officia
798 2370 973 2440 secundae
996 2369 1137 2437 tabulae

147 2474 251 2563 legis,
278 2477 337 2541 scd
355 2472 505 2559 intelligi
528 2472 660 2541 dictum
678 2473 721 2541 de
743 2473 905 2542 ordinata
928 2472 1138 2564 aequalitate

147 2597 286 2643 neccsse
303 2574 382 2643 erit.
433 2569 498 2643 Est
520 2586 636 2642 autem
659 2567 1022 2667 norma·aeqnalifatis
1039 2596 1137 2641 mens

146 2675 267 2742 divina
292 2674 329 2743 in
355 2674 429 2764 lege
451 2699 622 2767 expressa.
678 2672 778 2747 Olim
792 2698 934 2768 quoque
950 2674 1138 2766 plausibile

147 2797 278 2844 nomen
301 2777 521 2869 aequalitatis
549 2776 706 2846 armabat
731 2771 896 2846 homines
919 2776 1137 2860 tribunitius,

146 2889 186 2944 ut
201 2899 346 2965 magnos
363 2878 535 2948 tumultus
551 2877 588 2945 in
606 2878 808 2949 civitatibus
823 2879 1025 2949 excitarent.

248 3009 368 3099 Quare
393 3006 556 3081 homines
577 3013 670 3081 docti
695 3036 821 3103 magna
837 3012 979 3083 solertia
998 3014 1137 3103 qnaesi-

146 3126 285 3193 verunt,
305 3112 419 3204 qualis
437 3114 480 3181 sit
499 3113 690 3206 aequalitas
706 3113 855 3184 iusticia.
908 3112 1138 3203 sagacissime

146 3208 248 3281 Plato
266 3227 299 3283 et
316 3214 523 3284 Aristoteles
531 3265 543 3299 ,
570 3213 661 3284 utin
677 3215 833 3283 numeris
851 3215 1016 3286 viderunt
1031 3215 1137 3283 aliam

146 3338 219 3384 esse
244 3340 494 3401 ninnerorum,
525 3314 630 3384 aliam
650 3317 921 3409 proportionum
945 3316 1137 3410 aequalita-

146 3430 235 3503 tem,
262 3421 310 3489 ita
334 3419 502 3488 viderunt
522 3417 560 3487 in
584 3418 654 3487 vita
679 3418 925 3512 aequalitatem
947 3443 1022 3487 non
1046 3442 1139 3487 sern-

146 3543 209 3609 per
231 3525 353 3590 eodem
378 3523 485 3591 modo
513 3519 675 3610 intelligi.
737 3514 889 3610 Emptor
911 3523 971 3590 dat
993 3521 1137 3613 aequale

142 3622 303 3711 precium
319 3647 384 3713 pro
403 3647 527 3693 merce.
569 3619 665 3691 Haec
680 3634 731 3691 est
746 3623 939 3716 aequalitas
954 3638 987 3691 et
1000 3645 1137 3691 summa

145 3737 180 3791 et
197 3723 320 3812 prima.
372 3721 562 3794 Distribuit
581 3746 711 3814 poenas
730 3723 845 3796 iudex.
897 3720 1014 3794 Aliter
1035 3724 1138 3815 punit

147 3825 342 3908 latronem,
368 3825 431 3919 qni
453 3849 493 3895 ex
515 3825 655 3895 insidiis
675 3826 844 3895 viatorem
862 3827 1009 3908 occidit,
1035 3825 1138 3897 aliter

146 3927 381 3997 temulentum
412 3922 614 4013 hominem,
647 3928 708 4020 qui
738 3927 854 3997 vicino
883 3928 987 4019 fregit
1015 3928 1136 4000 ollam.

147 4025 216 4096 Hic
232 4052 366 4118 poenae
384 4031 621 4121 respondeant
638 4029 795 4112 delictis,
821 4053 948 4121 corpus
971 4055 1033 4119 pro
1057 4055 1131 4099 cor-

145 4153 232 4219 pore
249 4132 443 4221 pendatur,
469 4154 532 4221 pro
549 4133 679 4200 damno
696 4132 855 4222 pecunia.
910 4130 1061 4225 Utrique
1078 4132 1136 4201 in-

146 4234 213 4299 dex
229 4233 386 4325 aequalia
405 4233 533 4304 tribuit
553 4232 787 4303 similitudine
804 4235 1085 4324 proportionum.

248 4363 353 4436 Scitis
372 4366 542 4437 noticiam
567 4390 797 4437 numerorum
818 4382 921 4461 atque
940 4370 1077 4438 ordinis
1098 4370 1134 4438 in

147 4480 272 4537 natura
289 4469 440 4556 primam
452 4492 536 4553 esse,
554 4469 639 4539 etin
657 4493 697 4537 ea
712 4470 862 4539 maxime
877 4472 1031 4562 conspici
1048 4473 1133 4563 quid

147 4571 194 4639 sit
216 4569 423 4660 aequalitas:
458 4569 576 4663 itaque
597 4571 640 4639 ad
664 4571 948 4661 perspicuitatem
970 4574 1137 4643 conducit

146 4671 303 4760 exempla
321 4695 339 4739 a
363 4672 518 4742 numeris
542 4697 691 4742 sumere.
741 4669 788 4744 Et
809 4674 1032 4744 dulcissimae
1053 4691 1137 4745 sunt

1188 1715 1421 1801 incolumem,
1457 1735 1490 1784 et
1514 1731 1613 1786 tutam
1637 1742 1786 1808 corpus,
1813 1718 2003 1805 familiam,
2032 1722 2179 1791 domum

1187 1817 1340 1899 servari,
1364 1818 1411 1888 ita
1429 1819 1515 1887 velis
1532 1833 1566 1888 et
1582 1820 1670 1888 alios
1686 1843 1758 1888 esse
1777 1820 1982 1905 incolumes,
2008 1836 2180 1893 eteorum

1187 1944 1352 2011 corpora,
1379 1920 1529 1988 familias
1555 1935 1588 1990 et
1617 1925 1741 1990 domos
1765 1924 1908 1991 servari.
1958 1920 2180 1994 Exltociui-

1187 2022 1237 2090 tio
1268 2035 1402 2092 caetera
1436 2022 1592 2093 iusticias
1623 2025 1737 2093 officia
1763 2024 1870 2109 oriri,
1901 2024 2003 2096 facile
2029 2026 2180 2117 intelligi

1187 2138 1314 2213 potest.

1289 2272 1359 2344 Sed
1375 2274 1458 2367 quia
1472 2275 1647 2345 falluntur
1659 2276 1840 2346 interdum
1858 2271 2021 2348 homines
2035 2279 2073 2348 in
2090 2304 2180 2350 con·

1187 2377 1341 2444 ferendis
1358 2378 1574 2467 aequalibus,
1599 2393 1639 2449 ut
1654 2374 1768 2472 Cyrus
1786 2379 1991 2464 fallebatur,
2018 2383 2080 2475 qui
2099 2383 2180 2453 lon·

1187 2479 1321 2567 giorem
1339 2480 1493 2547 tunicam
1510 2495 1662 2571 ereptam
1680 2482 1799 2566 alteri,
1825 2483 2040 2553 attribuebat
2055 2505 2178 2573 proce-

1188 2580 1275 2649 riori
1304 2579 1462 2673 corpori‚
1499 2584 1651 2652 addatur
1679 2582 1716 2651 in
1748 2582 1972 2664 delinitione,
2004 2584 2177 2654 iusticiam

1188 2706 1260 2751 esse
1284 2682 1587 2779 conservationem
1615 2684 1836 2778 aequalitatis
1867 2687 2060 2760 ordinatae.
2122 2684 2179 2757 Sit

1188 2784 1241 2852 lex
1273 2784 1414 2867 divina,
1445 2810 1567 2855 norma
1599 2786 1833 2879 aequalitatis.
1887 2784 1986 2857 Haec
2013 2788 2180 2874 ostendit,
2300 2868 2303 2872 ¹

1188 2909 1277 2980 quae
1300 2909 1355 2955 res
1377 2887 1628 2956 communicari
1646 2889 1800 2980 possint,
1827 2892 2006 2982 quomodo
2026 2891 2065 2959 in
2081 2915 2179 2961 com-

1187 2988 1427 3057 municatione
1446 2988 1629 3059 efficienda
1650 2991 1696 3059 sit
1717 2991 1917 3085 aequalitas.
1972 2990 2091 3065 Sumit
2103 3016 2179 3061 em-

1188 3103 1269 3178 ptor
1283 3091 1327 3156 ab
1340 3086 1508 3177 Agricola
1524 3092 1754 3164 frumentum.
1805 3090 1884 3161 Non
1903 3095 2056 3183 postulet
2073 3093 2178 3163 vicis-
2219 3113 2223 3119 ·

1187 3190 1251 3257 sim
1268 3190 1336 3258 sibi
1351 3191 1426 3260 dari
1443 3193 1488 3259 ab
1503 3206 1661 3283 emptore
1680 3192 1863 3281 coniugem
1880 3208 1940 3265 aut
1962 3195 2090 3276 liliam,
2117 3196 2178 3264 sed

1186 3316 1261 3360 rem
1286 3317 1376 3384 quae
1399 3295 1652 3391 communicari
1675 3306 1800 3386 potest.
1854 3290 1900 3364 Et
1916 3296 1975 3366 fiat
1994 3296 2177 3389 exequatio

1187 3395 1350 3465 ordinata
1371 3394 1517 3484 legibus.
1572 3393 1620 3462 lta
1646 3396 1688 3465 sit
1714 3397 1865 3481 iustum,
1891 3397 1975 3469 ἴσον
1999 3391 2187 3495 νόμιμον,Ι

1187 3521 1259 3565 non
1281 3497 1473 3589 aequalitas
1497 3496 1690 3588 cupiditate
1711 3498 1899 3569 aestimata.
1951 3498 2034 3570 Non
2060 3502 2178 3570 nomi-

1187 3612 1291 3667 netur
1320 3599 1529 3691 aequalitas,
1572 3622 1692 3691 rapere
1721 3601 1853 3669 alienas
1882 3601 2081 3687 facultates,
2115 3615 2178 3673 aut

1186 3701 1371 3790 coniuges,
1403 3716 1444 3771 ut
1466 3701 1608 3772 fanatici
1633 3697 1795 3771 homines
1819 3704 1978 3773 furenter
2002 3705 2178 3799 interpre-

1186 3801 1247 3870 tati
1265 3815 1357 3871 sunt.
1411 3801 1497 3872 Vult
1512 3798 1608 3874 Deus
1624 3819 1658 3875 te
1673 3804 1853 3898 aequalem
1874 3828 1947 3874 esse
1960 3806 2056 3892 aliis,
2086 3832 2176 3901 quo-

1186 3904 1318 3973 modo?
1348 3904 1530 3974 servandis
1559 3906 1657 3989 aliis,
1692 3919 1732 3975 et
1747 3906 1783 3974 in
1809 3930 1849 3975 eo
1878 3908 2004 3977 ordine
2032 3911 2177 3989 tuendo,

1186 4030 1291 4098 quem
1309 4019 1448 4074 aeterua
1466 4022 1499 4077 et
1516 4006 1728 4077 immutabili
1745 4002 1913 4097 sapientia
1930 4010 2055 4079 sanxit.
2089 4007 2177 4080 Vult

1186 4109 1338 4197 intelligi
1360 4108 1534 4177 iusticiam
1558 4124 1591 4179 et
1617 4110 1703 4178 alias
1728 4110 1875 4179 virtutes
1898 4111 1934 4178 in
1959 4133 2085 4198 genere
2104 4107 2176 4181 lnt-

1187 4234 1309 4294 mauo,
1332 4223 1367 4279 et
1389 4204 1536 4280 honesta
1555 4228 1587 4281 et
1610 4212 1726 4301 turpia
1744 4224 1887 4280 aeterno
1906 4225 1941 4282 et
1961 4214 2176 4282 immutabili

1185 4312 1372 4381 intervallo
1397 4313 1552 4381 seiuncta
1580 4336 1670 4393 esse,
1698 4315 1883 4406 praecipue
1907 4308 1999 4384 hanc
2022 4317 2070 4385 ob
2090 4338 2175 4383 cau-

1185 4436 1278 4499 sam,
1305 4426 1343 4483 ut
1358 4413 1474 4504 ipsum
1492 4412 1622 4501 Deum,
1648 4415 1782 4485 fontem
1799 4414 1993 4504 sapientiae
2012 4429 2047 4487 et
2060 4415 2176 4486 virtu-

1185 4530 1258 4585 tum
1277 4538 1515 4606 agnoscamus.

1287 4667 1407 4756 Quare
1434 4669 1471 4736 in
1497 4664 2007 4756 virtutumdescriptionibus,
2040 4691 2115 4738 non
2137 4685 2177 4741 ut

147 4767 215 4840 liae
238 4772 366 4842 artium
390 4787 424 4843 et
444 4774 536 4843 vitae
557 4774 772 4846 collationes.
833 4774 903 4846 Sed
925 4799 990 4846 nos
1011 4778 1137 4845 rudius
1185 4768 1352 4863 Epicurei
1375 4785 1512 4842 tautum
1529 4790 1755 4862 quaeramus,
1781 4791 1872 4860 quae
1895 4789 1950 4837 res
1965 4763 2050 4838 huic
2065 4786 2176 4844 mate-

145 4875 329 4966 aliquanto
370 4869 429 4945 hic
461 4875 723 4960 definitionem,
762 4879 806 4945 de
844 4901 913 4970 qua
944 4877 1136 4970 loquimur,
1186 4877 1259 4943 riae
1276 4897 1464 4963 corporum
1482 4893 1605 4941 suaves
1619 4872 1707 4952 sint,
1733 4871 1793 4937 sed
1815 4870 1920 4939 etiam
1936 4871 2099 4942 ordinem
2117 4875 2175 4943 in-

146 4998 362 5047 enarremus.
425 4973 603 5047 iusticiam
640 4978 691 5047 ait
723 5001 797 5048 esse
831 4980 1134 5048 conservationem
1185 4990 1347 5045 tueamur
1363 4975 1400 5043 in
1419 4975 1553 5064 legibus
1568 4971 1811 5064 propositum,
1835 4994 1940 5064 quem
1958 4973 2107 5048 sciamus
2123 4991 2176 5049 te-

146 5077 387 5170 aequalitatis,
416 5079 579 5150 videlicet
601 5081 805 5164 ordinatae,
833 5080 1050 5173 reloquitur
1069 5077 1136 5150 boc
1184 5079 1392 5148 stimonium
1410 5100 1483 5146 esse
1502 5077 1545 5144 de
1561 5071 1649 5143 Deo.
1700 5069 1796 5141 llaec
1811 5073 1988 5163 copiosius
2004 5075 2176 5148 declarari

145 5181 346 5249 membrum
363 5180 581 5252 definitionis
595 5183 639 5250 de
658 5182 784 5252 officiis
799 5182 1002 5252 necessariis
1017 5182 1054 5251 in
1071 5175 1136 5252 bac
1185 5191 1340 5271 possent,
1367 5181 1426 5248 sed
1442 5179 1633 5269 prudentes
1649 5174 1873 5263 intelligunt,
1899 5198 2007 5267 quare
2023 5199 2096 5246 non
2111 5180 2175 5251 ad-

146 5280 328 5352 communi
357 5275 545 5354 bominum
577 5284 761 5366 societate,
792 5308 897 5376 qnam
924 5285 1135 5377 aequalitate
1185 5285 1266 5352 dam
1289 5281 1390 5372 plura
1412 5280 1579 5370 exempla.
1632 5275 1726 5347 lllud
1746 5289 1862 5346 autem
1878 5274 2075 5346 oroDeum
2095 5280 2191 5373 fon-¹

147 5381 350 5454 corrservari
364 5385 589 5456 manifestum
605 5400 667 5458 est.
700 5383 824 5456 Veliut
839 5400 1000 5477 parentes
1013 5388 1134 5455 eadem
1185 5399 1255 5454 tem
1277 5383 1469 5473 sapientiae
1493 5396 1528 5451 et
1552 5379 1727 5462 iusticias,
1749 5390 1790 5449 ut
1802 5378 1876 5469 ipse
1892 5391 2036 5470 propter
2051 5379 2177 5469 lilium,

145 5485 242 5556 bona
268 5483 377 5572 natis,
410 5511 500 5582 quae
529 5488 596 5558 sibi
624 5488 768 5569 volunt,
799 5488 981 5582 depellant
1012 5490 1135 5561 eadem
1184 5501 1219 5558 et
1235 5508 1297 5581 per
1314 5509 1396 5557 eum
1410 5496 1563 5656 sparogsat.
1567 5481 1606 5550 in
1627 5495 1764 5553 mentes
1781 5494 1919 5552 nostras
1933 5501 2034 5551 suem
2049 5481 2176 5570 lucem,
