4664 6022
130 312 219 388 '429
736 302 897 385 DECL.
932 304 1007 381 DE
1042 302 1323 398 QUERELA
1358 298 1591 378 LAZARl.
2110 303 2187 388 430

134 482 319 558 Ecclesiae
348 505 450 577 opes,
491 494 611 554 tamen
640 479 691 551 eis
713 504 790 551 non
811 483 909 553 deest
933 477 1140 575 hospitium,
1191 481 1227 573 pi
1250 493 1395 551 tuentur
1418 479 1547 570 impios
1564 480 1697 566 cultus,
1722 481 1751 549 si
1766 504 1884 550 voram
1904 480 2104 553 doctrinam
2120 508 2188 577 op-

136 602 174 662 ct
194 586 252 659 vel
276 610 398 671 canes,
426 586 464 656 id
486 600 555 670 est,
580 586 626 655 de
649 586 782 677 populo
804 584 936 677 aliqui,
961 608 1021 655 eos
1038 609 1137 653 com·
1190 585 1362 675 primunt,
1387 598 1426 653 ut
1443 584 1558 671 palam
1575 583 1728 667 faciunt,
1748 585 1836 653 falso
1853 585 1995 657 titulum
2011 601 2186 678 usurpant

136 691 365 783 plectuntur,
396 689 586 773 adiuvant,
618 687 732 757 lenire
761 710 948 757 aerumnas
978 687 1138 778 cupiunt.
1188 684 1380 760 Ecclesiae.
1433 681 1486 754 Ac
1501 682 1639 773 Regum
1662 686 1818 755 officium
1834 702 1904 771 est,
1930 689 2114 758 facultates
2128 713 2186 758 ec-

136 790 284 865 Habent
313 805 349 862 et
378 792 540 863 custodes
566 786 741 881 Angelos,
782 790 844 883 qui
871 790 1073 859 viventibus
1105 802 1138 858 et
1188 790 1397 859 clesiasticas
1421 787 1609 857 transferre
1633 791 1677 857 ad
1700 789 1859 859 coelestis
1883 791 2066 860 doctrinae
2083 815 2187 882 prae-

138 894 379 966 morientibus
402 895 543 965 adsunt.
594 891 692 961 Haec
708 891 885 962 affirmant
899 893 1042 961 oracula
1058 917 1137 961 coe·
1188 915 1313 973 conos,
1348 892 1392 959 ad
1417 913 1476 959 eos
1504 890 1564 982 qui
1586 890 1735 979 gloriam
1759 889 1826 960 Dei
1850 917 1932 963 vere
1953 916 2081 962 ornare
2109 907 2185 964 stu-

140 997 260 1083 tescia,
294 1010 328 1068 et
350 997 585 1088 comprobant
608 995 676 1086 ipsi
702 1007 865 1080 eventus;
900 1008 1016 1063 servat
1040 995 1135 1062 eninr
1188 997 1285 1067 dent.
1339 992 1487 1064 Utinam
1506 991 1689 1084 Principes
1710 995 1967 1085 intelligerent,
1995 989 2086 1065 hanc
2108 1020 2185 1065 rem

141 1096 234 1171 Deus
258 1122 359 1169 suam
380 1095 594 1183 Ecclesiam,
618 1097 853 1167 frementibus
876 1096 947 1166 illis
971 1091 1137 1191 hypocri-
1188 1099 1231 1165 ad
1254 1097 1409 1165 officium
1432 1118 1535 1164 suum
1561 1098 1765 1186 pertinere,
1784 1121 1936 1191 qnorum
1956 1099 2183 1188 praecipuum

142 1202 195 1288 tis,
222 1202 287 1296 qui
303 1201 513 1291 sanguinem
529 1200 673 1292 piorum
689 1198 856 1269 exorbere
871 1200 1030 1291 cupiunt.
1065 1197 1135 1269 Sed
1187 1212 1239 1269 est
1262 1222 1410 1283 munus,
1437 1197 1643 1287 religionem
1667 1205 1815 1286 ornare,
1848 1202 2037 1270 defendere
2060 1196 2184 1270 Eccle-

142 1326 212 1376 oon
245 1314 389 1375 tantum
420 1302 558 1373 institui
587 1302 784 1396 querelam,
825 1302 1031 1393 praesertim
1055 1327 1134 1370 cum
1187 1303 1287 1370 siam.
1339 1300 1435 1369 Ilaec
1449 1313 1529 1369 sunt
1547 1323 1627 1369 vere
1644 1297 1803 1386 heroica,
1829 1316 1973 1394 propter
1989 1300 2183 1395 quaeDeus
2239 1329 2244 1342 ·

142 1400 224 1477 baec
241 1406 392 1475 vulnera
409 1401 586 1475 Ecclesiae
602 1428 708 1473 nemu
726 1428 799 1472 non
816 1405 993 1496 deploret:
1021 1428 1135 1473 reme·
1187 1405 1343 1494 impertit
1361 1402 1561 1473 societatem
1577 1405 1734 1473 nominis
1750 1406 1805 1474 sui
1821 1406 1925 1475 bonis
1942 1404 2182 1496 Principibus,

143 1509 195 1579 tia
227 1506 432 1601 quaerenda
460 1522 553 1580 sunt.
623 1504 725 1594 Quae
751 1507 888 1577 utinam
921 1506 1076 1576 salubria
1102 1520 1136 1575 et
1187 1522 1227 1576 ut
1243 1508 1307 1578 ait:
1334 1503 1412 1596 Ego
1429 1505 1503 1575 dixi
1522 1506 1586 1574 Dii
1605 1506 1698 1591 estis,
1721 1503 1789 1576 hoc
1806 1520 1867 1591 est,
1892 1530 1946 1576 res
1965 1508 2104 1575 divinas
2121 1531 2184 1576 cu-

139 1602 321 1683 druidama
335 1604 534 1681 monstrare
550 1632 697 1701 possem.
748 1608 817 1679 Sed
835 1632 915 1678 vere
930 1609 1049 1701 inquit
1061 1606 1135 1677 De·
1186 1611 1397 1691 studientes,
1422 1604 1677 1696 Evangelium,
1703 1611 1781 1701 pios
1806 1611 1921 1680 cultus
1942 1611 2184 1693 defendentes,

140 1708 364 1785 laosthenes:
397 1708 675 1803 Reprehendere
704 1711 855 1802 quilibet
885 1724 1017 1802 potest,
1051 1713 1135 1780 dare
1186 1712 1335 1801 gloriam
1352 1709 1440 1791 Dei,
1471 1712 1639 1781 adversus
1651 1709 1865 1797 Diabolum,
1890 1713 1952 1805 qui
1968 1712 2099 1803 spargit
2115 1711 2182 1779 im-

136 1816 331 1889 consitium
356 1814 459 1906 pauci
478 1827 636 1903 possunt.
689 1810 780 1881 Cum
799 1827 916 1883 autem
933 1809 1135 1883 ltaecscho-
1188 1815 1262 1905 pias
1278 1815 1487 1905 opiniones,
1513 1814 1576 1906 qni
1593 1815 1752 1884 incendit
1770 1828 1940 1910 tyrannos
1953 1816 1998 1883 ad
2016 1836 2183 1882 exercen-

130 1916 259 1991 hstias
276 1919 514 2007 consuetudo,
540 1930 581 1986 ut
596 1915 701 1986 initio
716 1916 810 1999 dixi,
834 1918 1004 1986 concedat
1017 1916 1135 2000 nobis,
1187 1918 1269 1985 dam
1293 1916 1487 1987 saevitiam.
1548 1914 1630 1985 Non
1653 1929 1793 1988 tantum
1818 1918 2028 2008 corporibus
2053 1915 2183 1985 nostris

129 2034 172 2094 ut
203 2023 255 2090 dc
275 2016 454 2103 Ecclesia,
488 2033 656 2112 tanquam
682 2017 719 2084 iu
745 2017 911 2111 Synodu,
944 2016 1134 2088 sententias
1186 2020 1297 2090 seruit
1316 2018 1563 2108 Magistratus,
1588 2019 1648 2086 sed
1672 2021 1787 2090 multo
1811 2020 1922 2110 magis
1946 2019 2079 2110 gloriae
2103 2014 2182 2088 Det.

124 2124 320 2205 dicamus,
346 2123 572 2206 monstrabo,
599 2133 639 2189 ut
655 2131 755 2188 vocat
771 2116 1042 2203 Demosthenes,
1066 2117 1136 2213 τὴν
1188 2121 1294 2211 Quod
1318 2122 1348 2191 si
1370 2134 1483 2190 essent
1502 2121 1652 2206 alicubi,
1675 2123 1737 2214 qui
1755 2122 1872 2213 palam
1889 2118 2083 2213 Epicureas
2099 2119 2181 2211 opi-

123 2222 278 2316 εὐοεβῆ
300 2218 363 2294 aod
385 2218 537 2296 δικαίαν
556 2228 705 2318 pisper:
732 2244 796 2291 nec
819 2223 848 2291 si
872 2224 910 2290 in
927 2222 1073 2319 Synodo
1097 2225 1133 2290 in
1185 2225 1312 2293 niunes
1331 2224 1598 2315 profiterentur,
1630 2246 1675 2292 an
1700 2248 1774 2294 nun
1796 2222 2045 2313 Magistratum
2071 2246 2182 2311 opor-

130 2325 349 2413 suffragium
374 2329 532 2397 eundum
553 2327 637 2410 erit,
662 2324 766 2391 aliam
783 2326 992 2395 sententiam
1008 2325 1135 2396 dicam·
1185 2326 1255 2397 tuit
1290 2350 1426 2397 summa
1463 2326 1646 2394 severitate
1684 2328 1722 2394 in
1756 2328 1843 2397 tales
1877 2323 2182 2395 animadvertere?

125 2426 242 2499 Bona
264 2428 407 2516 ingenia
424 2424 615 2511 adhortor,
641 2439 681 2497 ut
698 2427 859 2497 deserant
875 2427 936 2496 illa
953 2429 1062 2519 impia
1077 2451 1135 2496 so·
1185 2428 1267 2499 Non
1286 2443 1337 2498 est
1353 2430 1653 2498 contemnendum
1671 2443 1912 2521 praeceptum,
1934 2429 2029 2522 quod
2047 2426 2180 2519 inquit:

128 2528 289 2614 dslicia,
324 2531 459 2621 polluta
489 2529 673 2614 idolatria,
707 2528 797 2597 sicut
829 2530 998 2621 praecipit
1023 2529 1135 2600 Deus:
1185 2526 1419 2623 Blaspbemus
1448 2543 1563 2599 morte
1592 2531 1777 2604 moriatur.
1842 2528 2057 2617 Etrursus:
2097 2526 2179 2596 Non

126 2630 266 2722 Fugite
291 2631 506 2703 idolatriam.
559 2629 696 2701 Deinde
723 2626 790 2699 hoc
813 2634 926 2716 addo,
959 2630 1075 2723 Reges
1101 2647 1136 2703 et
1185 2635 1373 2725 usurpabis
1391 2658 1523 2701 numen
1539 2628 1605 2700 Dei
1622 2657 1722 2701 vane.
1774 2632 1912 2702 Harum
1929 2632 2045 2720 legum
2063 2642 2181 2699 custos

125 2734 325 2825 Principes
345 2736 472 2803 debere
494 2731 580 2804 haec
600 2734 715 2803 officia
732 2730 828 2817 Deo,
853 2747 894 2804 ut
912 2735 1040 2824 impios
1058 2736 1135 2805 cul·
1186 2760 1265 2806 cum
1292 2738 1337 2806 sit
1355 2735 1602 2825 Magistratus,
1635 2731 1728 2805 band
1757 2737 1865 2804 dubie
1888 2736 2028 2804 abolere
2051 2733 2181 2823 impios

130 2852 191 2909 tus
209 2838 362 2920 tollant,
388 2839 430 2905 ad
456 2837 533 2926 pius
552 2852 657 2916 usus',
684 2836 896 2906 adolendos
920 2851 1134 2928 pasturesac
1186 2840 1301 2909 cultus
1326 2840 1448 2927 debet,
1473 2838 1658 2907 restituere
1683 2839 1776 2927 pius,
1806 2853 1840 2909 et
1862 2837 2037 2907 ministris
2057 2832 2182 2904 Evan-

130 2934 386 3021 stltolasticos,
433 2941 657 3008 transferant
676 2938 858 3007 facultates
882 2937 1134 3012 Ecclesiarum.
1187 2941 1268 3030 gelii
1295 2941 1469 3033 stipendia
1496 2941 1596 3023 dare,
1630 2941 1826 3031 quaeipsis
1852 2939 1890 3008 iu
1914 2936 2071 3008 Ecclesia
2094 2960 2182 3005 con-

130 3038 240 3113 Itane
266 3041 478 3111 sententiam
504 3065 577 3111 non
600 3043 675 3131 ipse
697 3064 794 3107 nunc
816 3041 928 3128 fingo,
961 3042 1135 3112 divinitus
1186 3044 1306 3112 stituta
1329 3054 1425 3112 sunt.
1476 3040 1549 3109 Nec
1573 3054 1695 3132 putent
1719 3037 2181 3133 seleriterpeccarePrin-

130 3144 270 3217 tradita
293 3157 347 3213 est
369 3143 408 3210 in
430 3145 536 3213 sacris
562 3143 691 3222 literis,
718 3156 752 3210 et
775 3144 887 3212 multa
910 3138 1017 3213 babet
1032 3145 1135 3213 lucu-
1186 3146 1299 3236 cipes,
1326 3145 1354 3212 si
1381 3146 1416 3211 id
1434 3144 1587 3211 officium
1605 3132 1801 3233 negligant;
1829 3170 1910 3211 nam
1929 3145 2021 3235 apud
2038 3140 2181 3211 Esaiam

133 3246 238 3317 lenta
260 3244 469 3336 Principum
494 3261 529 3316 et
551 3245 778 3339 Synodorum
803 3244 1025 3329 testimonia,
1045 3269 1136 3339 qnae
1186 3260 1359 3317 vocantur
1375 3245 1569 3314 nutritores
1584 3242 1771 3314 Ecclesiae.
1822 3244 1870 3314 Et
1885 3242 2024 3333 dggeus
2040 3267 2079 3311 ac
2100 3241 2181 3310 Ma-

131 3362 265 3419 vetant
284 3370 341 3416 res
360 3350 509 3417 donatas
526 3344 723 3429 Ecclesiae,
749 3348 794 3414 ab
808 3346 935 3415 ociosis
949 3361 983 3416 et
997 3346 1136 3435 ignavis
1186 3343 1318 3417 laubias
1343 3370 1463 3416 severe
1487 3346 1676 3433 obiurgant
1703 3348 1876 3437 populum
1894 3371 1967 3415 uon
1984 3347 2180 3414 solventem

137 3448 328 3533 devorari,
349 3449 413 3542 qui
430 3463 605 3520 nunaunt
622 3449 700 3517 usui
718 3445 907 3520 Ecclesiae.
959 3445 1064 3519 Extat
1080 3450 1135 3517 lex
1185 3450 1371 3542 pensiones
1387 3449 1524 3518 debitas
1538 3448 1690 3538 templo,
1716 3474 1754 3517 ac
1766 3448 2031 3518 Sacerdotibus:
2058 3459 2091 3516 et
2106 3445 2181 3512 mi-

135 3546 337 3621 Tlteodosii
358 3552 396 3619 in
420 3550 571 3635 Codice,
603 3575 694 3643 quae
716 3552 845 3619 diserte
872 3544 1057 3642 probibet,
1091 3575 1136 3620 ne
1187 3566 1318 3621 nantur
1333 3553 1574 3634 sterilitatem,
1601 3574 1640 3618 ac
1654 3552 1800 3635 fantem,
1824 3551 1894 3619 nisi
1910 3549 2093 3619 liberalius
2108 3547 2181 3614 sul-

134 3652 309 3723 auantur
325 3653 499 3723 reditibus
513 3648 571 3735 hi,
598 3652 659 3746 qni
676 3678 754 3722 cnm
772 3654 894 3721 titulos
909 3652 1135 3723 functionum
1186 3668 1283 3725 vant.
1336 3651 1426 3724 Cum
1449 3655 1557 3743 igitur
1580 3652 1709 3722 iniuste
1732 3666 1875 3723 teneant
1897 3648 1981 3721 baeu
2004 3650 2181 3742 stipendia

136 3754 455 3825 ecclesiasticarum
493 3750 666 3839 babeant,
704 3756 859 3825 officium
885 3778 959 3823 non
987 3756 1136 3829 faciunt.
1185 3754 1372 3848 Episcopi,
1415 3754 1589 3827 Canonici
1619 3769 1652 3825 et
1679 3751 1870 3844 Monachi,
1913 3778 1993 3824 cum
2026 3767 2184 3844 pastores

135 3852 291 3931 Tulerat
311 3857 424 3946 legem
440 3852 685 3941 Theodosius,
707 3871 747 3927 ut
769 3857 949 3926 facultates
972 3857 1135 3928 ecclesia·
1187 3861 1264 3950 pios
1291 3874 1324 3929 et
1347 3854 1475 3928 horum
1500 3858 1666 3946 coniuges
1689 3871 1723 3926 et
1748 3858 1880 3926 liberos
1896 3859 1987 3925 fame
2004 3857 2118 3946 perire
2134 3853 2183 3920 si-

137 3960 265 4038 titae,
297 3982 386 4052 quas
410 3955 619 4029 Donatistae
649 3961 833 4040 tenebant,
862 3961 1138 4029 transferrentur
1187 3974 1292 4046 nant,
1325 3985 1405 4032 cum
1432 3962 1643 4030 defraudent
1672 3953 1921 4043 scholasticos,
1953 3983 2033 4029 cunt
2065 3956 2182 4027 studia

137 4060 184 4132 ad
206 4061 288 4152 pias
310 4056 498 4131 Ecclesias.
549 4059 692 4131 Novum
715 4060 914 4151 exemplum
936 4061 1058 4131 odiose
1079 4087 1137 4131 ca·
1187 4065 1348 4147 deleant,
1375 4061 1470 4133 Deus
1485 4061 1658 4153 postulat,
1685 4075 1726 4130 ut
1741 4059 1925 4152 Principes
1941 4084 2044 4129 verae
2058 4056 2183 4129 Eccle-

136 4162 413 4233 hauriebantur
427 4160 653 4244 Donatistae,
679 4163 966 4233 vociferabantur
979 4164 1135 4233 alienum
1187 4167 1258 4237 siae
1280 4179 1315 4236 et
1335 4166 1533 4235 studiorum
1549 4188 1668 4233 cursam
1685 4164 1900 4253 suscipiant,
1925 4178 1959 4233 et
1978 4163 2056 4231 illas
2072 4175 2183 4251 pestes

137 4286 257 4337 csse-a
282 4265 430 4354 pietate,
455 4266 640 4335 facultates
664 4265 816 4334 aliorum
840 4279 1023 4355 appetere,
1053 4291 1137 4356 pro·
1186 4262 1365 4338 Ecclesiae
1382 4278 1590 4335 removeant
1604 4267 1650 4335 ab
1666 4265 1986 4339 administratione.
2036 4262 2182 4351 Prospi-

136 4380 220 4463 ptcr
238 4367 433 4437 certamina
453 4369 498 4436 de
520 4368 682 4437 doctrina
708 4366 844 4435 nemini
866 4367 1050 4437 facultates
1066 4368 1137 4436 eri·
1188 4394 1265 4441 cere
1286 4371 1416 4439 debent
1432 4367 1634 4459 Principes,
1661 4380 1693 4436 et
1718 4381 1758 4437 ut
1775 4368 1814 4436 in
1831 4366 2028 4458 praesentia
2041 4366 2184 4433 alantur

137 4470 290 4565 piendas
312 4491 396 4542 esse.
454 4468 526 4541 Sed
551 4466 773 4558 Augustinus
795 4464 993 4540 Theodosii
1016 4472 1136 4540 decre·
1187 4472 1276 4542 boni
1297 4486 1469 4561 pastores,
1495 4484 1532 4540 et
1553 4483 1592 4539 ut
1610 4470 1796 4559 posteritas
1812 4465 1939 4539 lrabeat
1956 4466 2114 4536 eruditos
2130 4463 2184 4529 vi-
2221 4480 2226 4489 ·

139 4584 216 4643 mm
239 4584 335 4640 recte
355 4571 532 4655 defendit,
557 4573 708 4642 affirmat
724 4572 804 4639 illas
819 4573 1054 4663 possessiones
1072 4576 1137 4643 do·
1188 4598 1267 4658 ros,
1302 4574 1449 4642 idoneus
1478 4574 1522 4641 ad
1546 4568 1723 4641 Ecclesias
1753 4574 1935 4661 regendas.
2004 4567 2184 4637 Historiae

138 4688 242 4746 utu
267 4674 379 4745 fuisse
401 4670 570 4743 Ecclesiis
599 4675 687 4764 piis,
721 4687 754 4742 et
781 4675 827 4741 ad
855 4675 932 4764 piae
954 4676 1137 4746 doctrinae
1189 4692 1322 4746 veteres
1337 4687 1633 4755 commemorant,
1661 4672 1846 4742 mirificum
1864 4674 1969 4741 fuisse
1985 4671 2108 4739 luxiam
2123 4665 2185 4738 Si·

138 4775 461 4849 couservationcm.
513 4772 588 4845 Has
611 4800 691 4846 cum
715 4776 816 4866 impii
839 4800 879 4844 ac
900 4771 1018 4846 hostes
1034 4802 1137 4847 verae
1188 4779 1404 4860 baritarum,
1435 4776 1663 4869 quiquidem
1685 4776 1733 4843 ita
1757 4790 1930 4857 creverat,
1962 4786 2004 4841 ut
2027 4770 2184 4862 praemia

137 4879 326 4951 doctrinae
343 4891 523 4958 tenerent,
548 4880 617 4949 fuit
635 4877 861 4970 Imperatoris
878 4878 1048 4965 officium,
1071 4883 1139 4949 do-
1189 4882 1293 4951 etiam
1326 4880 1539 4968 turpitudini
1576 4889 1610 4945 et
1641 4877 1888 4945 irwentoribns
1920 4900 2094 4944 novarum
2119 4897 2185 4942 vo-

140 4981 252 5053 ninis
273 4980 482 5063 restituere,
511 4975 579 5050 boc
603 4994 673 5065 est,
704 5003 808 5048 verae
827 4976 1012 5050 Ecclesiae.
1066 4982 1140 5052 Nec
1190 4985 1365 5075 luptatum
1386 4981 1575 5050 constituta
1599 4992 1724 5050 essent.
1775 4978 1843 5049 Sed
1869 4991 2003 5049 tanturn
2025 4975 2186 5071 discipli·

137 5085 253 5176 magis
273 5084 356 5153 licet
377 5081 572 5151 idolatricis
594 5083 752 5173 collegiis
773 5077 881 5151 buius
904 5084 1047 5169 aetatis,
1081 5107 1137 5153 res
1190 5109 1256 5154 nae
1275 5086 1537 5171 corruptionem
1554 5078 2010 5150 Densnundiutoleravit.
2064 5078 2187 5170 ltaque

139 5188 291 5259 donatas
318 5186 363 5253 ad
391 5184 580 5255 ministerii
611 5185 805 5273 evangelici
834 5188 1137 5256 conservationem
1190 5188 1336 5256 exitium
1358 5186 1512 5256 civitatis
1527 5182 1622 5251 varia
1641 5182 1802 5273 prodigia
1817 5184 2090 5251 denunciarunt„
2144 5178 2186 5246 ln

138 5300 280 5372 tenere,
306 5312 412 5380 mrum
428 5282 519 5376 Regi
536 5284 739 5383 Babylonio
762 5286 864 5356 licuit
880 5287 918 5354 in
933 5289 1138 5358 convivium
1191 5284 1246 5358 his
1274 5301 1452 5378 spectrum
1482 5288 1565 5357 fuit:
1602 5281 1693 5353 luno
1724 5285 1870 5352 veniens
1894 5285 1933 5352 in
1956 5284 2072 5353 forum
2094 5282 2188 5350 clara

140 5395 300 5481 proferre
315 5412 413 5459 sacra
428 5412 509 5458 vasa
525 5389 1004 5482 templiHierosolymorum.
1039 5390 1138 5478 Quid
1192 5392 1290 5474 lnce,
1316 5403 1350 5459 et
1371 5413 1518 5459 vomens
1541 5410 1705 5477 maguam
1728 5384 1865 5476 copiam
1889 5384 1975 5455 bilis
1993 5400 2026 5457 et
2044 5383 2188 5472 sangni-

142 5486 270 5565 lsorum
289 5493 328 5561 in
344 5493 588 5585 quaestionem
604 5493 723 5562 vocari
741 5490 882 5583 potest?
932 5490 972 5563 Si
989 5488 1140 5583 Episco·
1192 5493 1267 5572 nis,
1292 5515 1363 5585 quo
1387 5490 1550 5583 prodigio
1576 5488 1810 5579 significatum
1835 5500 1888 5557 est
1910 5488 2007 5571 fore,
2031 5500 2072 5556 ut
2088 5484 2189 5555 brevi
