4664 6022
144 299 218 375 sos
686 291 849 373 osor.
881 291 958 375 oa
987 288 1325 395 nostorum
1357 290 1647 375 astuciae.
1933 386 1937 395 ,
2124 307 2186 386 m

142 473 436 548 contemnendae.
485 467 563 561 Ego
578 469 710 543 vindex
724 494 806 558 ero,
831 469 951 565 iuquit
965 467 1083 556 Deus,
1107 469 1138 541 si
1187 493 1279 564 pene
1308 467 1545 543 exanimatur:
1580 483 1616 544 et
1643 494 1850 567 quanquam
1875 470 1917 548 in
1946 499 1993 549 co
2018 475 2186 556 celsitudo

142 576 224 671 quis
252 599 328 646 non
357 573 511 648 audierit
538 568 775 668 Prophetam,
806 572 991 660 videlicet,
1021 572 1137 644 filium
1187 571 1318 654 animi,
1344 571 1384 642 in
1407 572 1507 643 omni
1528 573 1693 646 fortunae
1716 576 1887 649 varietate
1904 601 2040 671 magns
2058 602 2187 676 sempe

143 676 223 754 Dei.
267 676 348 750 Hoc
359 678 494 750 fulmen
508 677 633 747 nosad
647 677 865 749 audiendum
880 689 914 748 et
927 676 1138 747 discendum
1187 674 1274 756 luit,
1299 688 1418 746 tamen
1439 698 1537 747 nunc
1558 674 1649 770 peu'e
1667 679 1868 751 succumbit
1881 682 2068 769 moerori,
2088 697 2124 757 ct
2137 686 2186 759 vis

144 774 382 873 Evangelium
398 779 578 853 exuscitet.
1189 776 1293 867 erigit
1318 798 1392 848 sese
1414 775 1500 870 ipse,
1549 777 1689 851 Deinde
1705 796 1836 872 augent
1853 781 2063 871 tristitiam,
2089 781 2184 863 buius

247 882 339 956 Cum
360 895 478 955 autem
498 881 576 952 sine
599 894 659 952 tna
679 904 748 973 ope
764 892 906 951 aeterne
920 876 1018 950 Deus
1032 876 1140 950 Pater
1188 880 1360 972 temporis
1382 880 1472 950 aliae
1493 880 1718 959 calamitates.
1764 880 1857 956 Cum
1877 884 1917 955 iu
1936 881 2008 957 hoc
2025 881 2183 963 horribili

144 983 295 1058 Domini
314 985 428 1057 nostri
442 981 522 1055 lesu
533 977 688 1069 Christi,
709 982 874 1053 conditor
894 979 1059 1056 omnium
1080 1004 1140 1051 re-
1191 979 1406 1052 Gcrmaniae
1428 983 1525 1053 bello
1546 984 1686 1075 magnis
1710 986 1806 1057 euris
1828 987 1874 1058 de
1894 988 2088 1081 republica
2105 995 2182 1069 etde

146 1111 228 1159 rum
250 1101 286 1158 et
306 1082 484 1157 Ecclesiae
505 1099 606 1172 tuae,
630 1109 695 1155 nec
716 1085 777 1154 lux
801 1083 983 1157 doctrinae
1006 1082 1140 1154 servari
1190 1083 1290 1153 omni
1319 1085 1522 1178 posteritate
1546 1100 1785 1175 exerceretur,
1817 1090 1882 1160 etsi
1907 1089 1956 1159 iis
1978 1094 2182 1169 consolatio·

145 1189 275 1282 possit,
299 1201 334 1260 tc
356 1212 419 1261 oro
445 1201 590 1281 propter
609 1187 723 1258 filium
743 1199 844 1257 tuum
859 1183 1056 1257 Dominum
1072 1209 1140 1255 no-
1190 1186 1318 1272 nibus,
1343 1210 1431 1280 quas
1446 1188 1546 1259 Deus
1556 1182 1733 1260 Ecclesiae
1750 1214 1833 1262 suae
1848 1191 2023 1279 tradidit,
2048 1218 2091 1266 ac
2105 1212 2181 1273 ratas

146 1304 261 1363 strum
285 1287 402 1361 lesum
424 1285 626 1375 Christum,
658 1302 701 1360 ut
732 1289 769 1357 in
794 1283 851 1358 bis
874 1287 1080 1378 regionibus
1106 1299 1141 1357 et
1191 1311 1265 1358 csse
1288 1288 1410 1374 iussit,
1437 1289 1754 1388 magnitudineque
1774 1292 1886 1363 animi
1908 1317 1947 1365 se
1962 1300 2180 1385 sustentabat,

146 1393 234 1464 alibi
254 1393 321 1463 tibi
344 1405 517 1485 perpetuo
531 1391 674 1482 colligas
689 1386 901 1476 Ecclesiam,
925 1403 959 1460 te
974 1389 1014 1459 in
1028 1402 1141 1459 aeter·
1191 1403 1310 1461 tanmn
1338 1385 1403 1460 has
1431 1391 1691 1464 sollicitudines
1721 1417 1824 1488 saepe
1854 1396 1962 1468 leniit
1984 1399 2180 1477 dulcissima

146 1519 194 1569 tta
216 1494 356 1565 laeticia
376 1519 458 1565 cum
481 1494 555 1563 filio
578 1494 853 1577 celebraturam,
873 1505 908 1563 et
929 1491 1060 1564 tuearis
1082 1492 1140 1561 lu·
1191 1494 1411 1564 consuetudo
1425 1493 1667 1565 nobilissimae
1682 1510 1717 1567 et
1726 1497 2013 1589 sapientissimae
2023 1502 2178 1595 coniugis,

146 1619 222 1666 cem
237 1592 443 1685 Evangelii,
467 1609 502 1666 et
516 1597 644 1666 reddas
658 1595 753 1686 piam
766 1608 801 1665 et
813 1595 1005 1665 salutarem
1019 1606 1141 1685 pacem
1192 1618 1273 1665 curn
1303 1619 1373 1689 qua
1396 1618 1476 1667 suas
1497 1620 1600 1667 curas
1622 1597 1724 1691 quasi
1742 1598 1977 1691 partiebatur.
2034 1600 2082 1675 ld
2104 1606 2174 1679 sols·

146 1693 206 1768 his
228 1699 410 1789 gentibus,
442 1721 483 1767 ac
502 1698 726 1790 disciplinam
752 1698 947 1787 gubernes,
976 1708 1012 1766 et
1033 1692 1141 1766 Prin·
1190 1697 1282 1768 tium
1305 1721 1403 1768 nunc
1424 1722 1566 1792 quoque
1587 1699 1704 1771 fatalis
1725 1696 1785 1770 hic
1802 1724 1903 1773 casus
1919 1700 2076 1797 eripuit.
2120 1704 2173 1781 Iis.
2213 1758 2216 1767 .

147 1802 267 1891 cipum
283 1812 319 1870 et
332 1799 535 1871 docentium
548 1813 583 1870 et
591 1800 718 1893 populi
727 1811 860 1869 mentes
870 1796 1007 1891 Spiritu
1019 1811 1140 1869 sancto
1192 1798 1277 1870 inde
1291 1798 1460 1893 Princeps
1478 1801 1549 1871 filia
1565 1801 1667 1873 cuius
1682 1825 1780 1872 nunc
1797 1826 1836 1874 ca
1855 1816 1952 1875 aetas
1967 1820 2045 1894 est,
2068 1823 2108 1882 ut
2118 1834 2178 1885 uon

147 1904 193 1973 ad
219 1926 339 1973 veram
360 1901 623 1973 invocationem
650 1917 685 1974 et
706 1925 790 1972 vera
814 1900 954 1994 pietatis
977 1900 1142 1972 exercitia
1193 1902 1309 1972 solum
1332 1903 1485 1973 naturali
1502 1908 1663 2002 στοργῇ,
1691 1907 1753 1976 sed
1770 1906 1874 1976 etiam
1889 1907 2034 1981 iudicio
2048 1926 2179 1987 macen

146 2004 278 2079 flectas.
329 1999 459 2075 Amen.
510 2002 604 2077 Dixi.
1193 2003 1338 2090 amarit,
1370 2016 1403 2073 et
1425 2004 1501 2075 eius
1517 2006 1670 2076 virtutes
1690 2005 1761 2076 iam
1784 2007 2029 2098 intellexerit,
2052 2028 2087 2087 et
2107 2014 2178 2088 imi·

1193 2105 1262 2177 tari
1281 2105 1433 2198 ceperit,
1458 2119 1590 2200 quanto
1607 2107 1645 2177 in
1660 2107 1783 2178 dolore
1798 2109 1877 2180 est?
1929 2109 2117 2189 Postremo
2127 2118 2178 2191 lo-

1193 2220 1277 2298 gent
1296 2207 1479 2289 dominam
1500 2204 1570 2280 hae
1592 2223 1733 2281 nostrae
1754 2207 1957 2296 Ecclesiae,
1988 2210 2177 2297 Scholscct

269 2384 273 2394 Ι
1194 2309 1320 2402 optimi
1335 2308 1468 2404 quique
1483 2310 1645 2382 omnium
1660 2313 1827 2385 ordinum
1845 2309 2040 2390 homines:
2063 2324 2174 2417 etquis

147 2394 211 2472 Nr.
227 2395 288 2471 95.
981 2423 1030 2465 so.
1048 2401 1143 2468 1⁵47.
1192 2413 1312 2483 sciunt
1332 2412 1424 2482 affici
1443 2436 1509 2484 nos
1531 2413 1661 2485 dehere
1674 2412 1852 2508 Principis
1867 2419 2006 2509 optimi
2021 2421 2123 2511 luctu,
2141 2440 2173 2501 et

147 2495 277 2522 ’ἢ
962 2491 1135 2522 Μ
1193 2514 1278 2608 quia
1306 2513 1457 2587 virtutes
1488 2529 1523 2586 ct
1551 2516 1721 2588 beneficia
1743 2518 1912 2590 dominae
1936 2524 2171 2605 meminerunt

339 2619 416 2705 De
445 2617 686 2703 Dorothca
718 2613 951 2728 Principe,
1192 2613 1267 2687 Has
1292 2628 1407 2687 tantas
1429 2640 1551 2689 causas
1573 2618 1742 2706 dolendi,
1775 2620 1876 2692 cuius
1899 2625 2026 2698 oratio
2046 2651 2170 2727 aequare

217 2802 251 2856 h
269 2797 363 2854 Μ.
383 2795 462 2851 beat.
479 2793 573 2849 T.111.
592 2794 765 2916 '’mlv''
795 2792 912 2848 servasi.
930 2794 966 2847 T·
980 2792 1029 2847 111.
1047 2794 1142 2866 pm
1192 2717 1333 2809 potest?
1382 2713 1479 2788 Mihi
1497 2720 1641 2813 quidem
1655 2744 1713 2792 eas
1729 2722 1920 2813 cogitanti,
1948 2752 2026 2799 vox
2041 2744 2077 2805 et
2088 2734 2167 2827 spiti-

253 2880 280 2924 a
306 2869 335 2920 ta
352 2866 388 2920 r.
402 2864 450 2919 111.
474 2862 586 2918 niara.
612 2862 652 2915 vo.
668 2864 695 2932 a,
775 2860 1057 2932 apostatarum
1085 2882 1142 2918 aaa
1192 2832 1250 2891 ²¹¹⁸
1278 2819 1402 2890 d⁰¹⁰¹⁰
1431 2820 1692 2896 intercluditur.
1744 2821 2029 2920 sedquoniam
2063 2835 2193 2929 tlitts'l.

251 2937 363 3007 legitur,
384 2962 412 2974 -
450 2934 542 2986 Nemo
561 2950 594 2985 eo
614 2930 782 2996 offendatur,
811 2928 886 3001 quod
904 2927 1006 3001 Georg.
1024 2930 1142 2986 &binus
1192 2921 1341 2992 omnlno
1362 2920 1554 2993 (llcendum
1577 2937 1649 3011 edl,
1674 2938 1709 2995 el
1730 2925 1943 3016 significatio
1971 2938 2161 3009 oslentlttbll

250 3005 324 3145 ἓξὲξ
343 2998 1034 3141 fflffifflffiglssgigflfssssk'vffl‘lv'ffflffje,
1043 3018 1141 3141 'Ifffi‘'
1191 3023 1305 3094 nostri
1318 3024 1446 3110 luctus,
1472 3040 1655 3120 quaesout
1669 3022 1759 3097 mihi
1773 3029 1855 3098 veni
1868 3031 1976 3120 detis,
2007 3038 2093 3131 quod
2102 3062 2160 3109 ms·

253 3140 438 3215 conspic'dur,
471 3137 679 3194 Melanthoncm
696 3137 800 3192 Sabino
823 3137 963 3209 scripsisse
980 3138 1062 3194 etism
1080 3157 1141 3194 eam
1191 3125 1372 3217 gnitudini
1395 3151 1515 3197 rerum
1538 3153 1761 3224 nequaquam
1784 3155 1849 3223 pal·
1870 3146 1923 3204 esi
1948 3140 2087 3214 oratio:
2104 3162 2162 3211 m·

249 3204 909 3349 bittitlt‘ttt‘ltl{ettilo
936 3227 1002 3334 “ii
1018 3207 1141 3348 litt
1191 3253 1263 3323 <1¹¹0
1283 3252 1351 3321 1¹1⁰
1370 3242 1485 3300 “ma
1506 3231 1695 3321 Pffldfflfit
1711 3232 1870 3322 ²⁰85²⁰¹⁵⁸
1888 3234 1985 3327 ⁵e⁵i=
2013 3242 2168 3337 quma

1191 3342 1285 3400 stum
1307 3330 1463 3403 officium
1485 3331 1548 3416 sit,
1572 3332 1674 3403 adfici
1697 3332 1795 3404 luctu
1812 3335 1943 3427 optimi
1961 3339 2171 3439 Principisel

148 3464 276 3535 Oratio
299 3454 433 3528 babilo
455 3477 480 3527 o
507 3456 701 3549 Georgia
726 3450 919 3543 Sabino,
945 3449 1141 3546 infecere
1191 3432 1301 3552 flllffffl
1345 3445 1579 3553 ‘Qquassfaffl
1614 3435 1784 3553 latlfffflffl
1820 3441 2031 3528 respublica
2064 3448 2172 3535 lecerit

148 3559 443 3646 Dorotlseae,
476 3559 647 3653 coniugis
675 3556 926 3629 illustrissimi
951 3561 1142 3650 Principis
1191 3556 1318 3654 amasso
1337 3535 1402 3604 tab
1421 3536 1578 3653 domina.
1627 3534 1768 3656 Deinde
1788 3551 1824 3609 et
1845 3545 2115 3621 consolationes
2131 3550 2173 3625 di·

147 3665 293 3739 Aggem·
318 3658 552 3734 mmmm
580 3655 814 3748 Brundeng„
847 3663 1026 3732 pmggge
1056 3662 1141 3732 Du,
1191 3649 1327 3707 vrnvtus
1346 3638 1512 3722 traditas,
1539 3661 1619 3707 cum
1632 3632 1810 3709 Ecclcsrae
1833 3641 2045 3720 doctrinam
2067 3654 2173 3727 devo·

148 3773 203 3842 cis
216 3773 302 3856 etc,
328 3784 426 3859 quae
440 3758 531 3834 obiit
545 3765 618 3832 111.
633 3759 887 3853 ldtssAprilis,
913 3784 1011 3835 uano
1031 3761 1140 3839 1547.
1191 3737 1329 3859 ¹⁰¹¹lf¹l²
1359 3735 1439 3858 Ilei·
1459 3753 1493 3810 et
1529 3740 1574 3808 de
1610 3739 1873 3814 immortalitate
1907 3754 2084 3841 teneatis,
2121 3755 2175 3851 ipsi

1191 3842 1293 3913 vobrs
1313 3841 1487 3912 subuctte.
1539 3837 1630 3911 Cum
1654 3854 1771 3911 autem
1794 3858 2096 3929 commemoratio
2113 3860 2175 3931 ln·

148 3928 235 4011 Etsi
252 3924 746 4023 societatelachrymarumac
762 3927 854 3998 veris
870 3930 1057 4019 gemitibus
1074 3936 1141 4006 do-
1191 3942 1277 4013 dum
1308 3954 1343 4012 et
1364 3942 1536 4013 virtutum
1560 3941 1600 4012 in
1620 3942 1807 4015 funeribus
1827 3948 1976 4039 piorum
2001 3942 2176 4035 hominm

148 4043 280 4122 lorem,
305 4049 339 4105 et
351 4033 537 4104 ostendere
552 4030 739 4110 debemus,
765 4029 1141 4131 etsignificarcaliqua
1190 4043 1350 4114 facienda
1378 4043 1441 4128 sit,
1470 4055 1503 4112 et
1533 4058 1574 4115 ut
1596 4044 1755 4136 ipsorum
1777 4052 1951 4123 memoria
1977 4056 2027 4128 sit
2051 4062 2178 4137 dium.

148 4166 190 4211 ει
214 4150 313 4230 parte
335 4155 538 4226 possumus,
563 4145 784 4204 tamencum
806 4146 878 4203 tam
899 4135 1030 4207 multae
1046 4152 1140 4210 tam·
1190 4146 1291 4227 nior,
1316 4158 1351 4216 et
1371 4158 1413 4216 ut
1435 4145 1497 4215 alii
1519 4146 1651 4217 talibus
1668 4149 1836 4242 exemplis
1852 4148 2199 4239 cornmonel'actiatl¹

149 4266 218 4336 (iue
247 4260 370 4331 isam
400 4236 547 4306 d⁰l²¹¹dl
575 4256 699 4303 ‘ausae
728 4251 961 4322 mmmm,
1003 4242 1141 4314 nullius
1190 4247 1358 4318 virtutem
1389 4260 1424 4317 ct
1457 4248 1502 4317 ad
1535 4247 1796 4321 invocationem
1827 4250 1896 4323 Dei
1929 4266 2179 4357 exercitentur,

147 4357 247 4416 tanta
270 4337 473 4433 eloquentia
492 4351 561 4421 est,
587 4349 627 4406 ut
643 4359 818 4428 exponere
835 4330 901 4408 hos
916 4338 1056 4414 dolores
1073 4369 1138 4437 pro
1190 4373 1253 4440 ego
1277 4372 1419 4443 quoque
1441 4349 1564 4420 laudes
1588 4350 1847 4425 illustrissimae
1867 4354 2056 4455 Principis
2074 4366 2180 4443 Dm.-

149 4442 415 4537 magnitudine,
441 4451 502 4509 aut
523 4439 640 4508 levare
659 4461 720 4508 eos
737 4437 897 4510 oratione
914 4444 1140 4518 mediocriter
1190 4447 1293 4522 theae
1321 4452 1493 4523 recitabo:
1527 4452 1590 4521 sed
1619 4467 1659 4524 ut
1687 4466 1832 4545 potero,
1867 4481 1943 4530 non
1976 4479 2022 4538 ut
2053 4494 2182 4566 W

148 4560 267 4643 queat:
295 4557 434 4615 tantum
457 4541 576 4625 abest,
601 4553 640 4611 ut
662 4563 725 4630 ego
747 4540 810 4633 qui
826 4555 860 4612 et
874 4541 1009 4633 ingenii
1026 4547 1140 4620 imbe·
1190 4557 1276 4625 tudo
1306 4554 1478 4626 virtutum
1507 4555 1620 4646 ipsius
1646 4568 1681 4625 et
1700 4552 1947 4648 pulcherrima
1967 4566 2105 4647 decor.
2124 4598 2180 4671 po.

148 4651 295 4721 cillitate
322 4661 357 4716 et
382 4644 561 4715 moesticia
584 4643 761 4733 singulari
784 4643 977 4736 impedior,
1010 4673 1140 4721 conve-
1190 4656 1381 4730 stulabant.
2179 4696 2182 4705 ·

148 4754 305 4821 nientem
321 4743 404 4817 huic
418 4746 496 4815 loco
512 4745 711 4815 orationem
727 4739 857 4816 habere
870 4750 1013 4839 possim.
1063 4751 1140 4824 Lu·
1290 4756 1381 4827 Nata
1403 4768 1455 4827 cst
1470 4754 1641 4851 Princeps
1657 4755 1839 4832 Dorothca
1863 4761 1903 4834 in
1925 4765 2071 4845 familia
2086 4742 2183 4851 nobi·

148 4866 205 4943 get
228 4850 384 4942 optimus
408 4846 571 4939 princeps
593 4847 835 4918 nobilissimae
857 4862 893 4920 ct
913 4846 1139 4925 charissimae
1190 4858 1323 4929 lissima
1343 4856 1481 4948 Regum
1499 4858 1737 4947 Danicorum,
1763 4880 1861 4955 patre
1875 4862 1978 4959 Rege
1992 4870 2181 4965 Friden'oo,

148 4953 309 5042 coniugis
333 4950 537 5040 interitum,
560 4949 599 5016 in
623 4972 690 5041 qua
715 4945 953 5040 pulcherrima
976 4957 1138 5027 omnium
1190 4974 1225 5031 et
1239 4971 1352 5029 matre
1367 4956 1492 5045 Anna,
1513 4962 1585 5031 filia
1599 4960 1820 5035 Marchionis
1836 4963 1988 5042 loannis
1999 4970 2188 5065 Eleutetis,-

148 5057 322 5124 virtutum
336 5050 513 5142 copulatio
528 5050 612 5121 tuit:
639 5051 857 5144 quiquidem
873 5054 938 5124 etsi
953 5079 1015 5127 sua
1029 5058 1140 5151 ipsius
1190 5063 1256 5132 filii
1272 5056 1411 5131 Alberti
1428 5059 1670 5146 Marchionis,
1696 5067 1758 5158 qui
1778 5081 1923 5161 propter
1939 5081 2186 5157 excelientia·

149 5155 362 5236 solitudine,
395 5176 460 5223 suo
490 5152 615 5222 dolore
643 5168 679 5223 ct
710 5176 774 5222 suo
804 5154 980 5228 desiderio
1004 5161 1140 5231 crucia·
1192 5164 1334 5235 virtutis
1349 5164 1463 5235 dictus
1480 5178 1531 5235 est
1549 5161 1705 5237 Achilles
1721 5165 1971 5251 Germanicus.
2026 5180 2187 5283 Cumque

149 5277 226 5343 tur,
251 5271 370 5328 tamen
386 5278 468 5324 cum
484 5254 643 5327 intuetur
658 5254 787 5338 filiam,
811 5278 919 5347 quam
936 5254 1140 5332 habetuni-
1192 5265 1325 5335 semina
1347 5266 1538 5349 virtutum,
1559 5281 1594 5336 et
1615 5268 1789 5357 igniculos
1808 5280 2080 5374 aparentibus,
2101 5314 2183 5385 quo·

150 5384 225 5430 cam
249 5373 284 5430 ct
304 5353 566 5441 charissimam,
591 5356 757 5449 videtque
780 5356 1060 5434 intimosscnsus
1076 5390 1142 5459 pe-
1192 5380 1421 5457 rumnatura
1442 5367 1511 5439 luit
1528 5371 1845 5459 praestantissima,
1869 5387 2074 5472 acceperit,
2097 5390 2184 5463 mul.

151 5463 259 5533 ctoris
284 5462 414 5555 ipsius,
447 5473 546 5551 pater
570 5459 709 5552 sapiens
734 5473 769 5531 ct
789 5456 986 5533 liberorum
1007 5489 1142 5553 amans,
1192 5481 1269 5540 tum
1290 5483 1409 5562 postea
1430 5470 1469 5540 in
1490 5483 1617 5543 natura
1637 5472 1794 5565 optima,
1818 5492 1913 5550 recta
1930 5483 2116 5566 institutio
2129 5518 2180 5565 vs-
