4664 6022
149 275 231 356 443
560 259 722 341 DECL.
767 259 842 340 DE
879 258 1027 340 vtro
1057 256 1373 340 ttottourut
1407 255 1776 347 aestuosas.
2115 283 2193 364 444

153 478 201 526 ne
217 448 303 545 quid
319 456 450 516 sereret
461 438 695 512 certaminum
718 438 758 509 in
774 434 914 525 schola,
939 446 1041 532 saepe
1058 440 1149 510 reci·
1201 434 1288 531 quid
1310 437 1357 507 sit
1381 429 1497 534 ἐρήμη
1516 433 1619 537 δίκη,
1643 444 1800 541 denique
1821 446 1885 543 qui
1899 449 2052 526 fuissent
2065 460 2197 548 gradem

151 573 252 638 tans,
285 546 419 641 hospiti
443 546 555 615 multa
579 543 833 614 dissimulanda
859 565 953 630 esse,
977 557 1018 615 ut
1034 541 1149 616 Grac·
1199 553 1358 611 veterum
1380 538 1628 616 Romanorum
1646 548 1872 623 indicimus·
1931 553 1976 625 In
1995 553 2196 652 Theologia

149 682 218 733 cus
234 676 355 725 versus
370 650 503 742 inquit:
1200 641 1289 734 quid
1312 643 1581 733 desideraverit,
1613 652 1760 721 memini
1784 649 1855 727 huc
1877 657 2033 739 scribere
2055 659 2197 758 Iosqui.

153 792 157 799 -
283 750 368 827 ξένον
388 748 422 810 δὲ
441 749 528 830 σιγᾶν
550 751 689 826 κρεῖττον
709 739 730 826 ἢ
749 741 935 827 κεκραγέναι.
1200 768 1289 814 num
1319 743 1607 838 Groningensem
1638 774 1776 842 senem,
1806 757 1935 848 pietate
1965 775 2000 832 et
2022 767 2197 855 gravitate

154 858 417 934 consulebatur
433 875 536 943 saepe
551 852 597 921 ab
616 848 871 921 eruditioribus
886 863 920 919 et
935 847 974 916 in
982 841 1149 916 Philoso·
1201 845 1450 935 excellentem,
1481 874 1518 921 se
1541 853 1800 928 adolescentem
1829 860 2032 935 interfuisse
2060 889 2195 942 serruo-

155 959 241 1058 phia
257 960 342 1029 etin
358 957 437 1026 aliis
461 954 607 1023 artibus.
658 951 777 1023 Multa
801 974 842 1019 ex
860 946 1051 1021 Aristotele
1068 973 1149 1018 ver·
1200 947 1747 1043 nibusRodolphietWesseli,
1773 961 1812 1029 in
1826 965 2193 1061 quibusdcplorarint

156 1066 255 1138 tebat
271 1076 306 1132 et
320 1058 616 1150 interpretabatur
638 1055 682 1124 iis
701 1055 762 1147 qui
781 1053 854 1122 eius
873 1052 1064 1121 sententias
1079 1050 1149 1121 sci·
1199 1045 1377 1122 Ecclesiae
1400 1056 1580 1144 tenebras,
1612 1072 1648 1130 et
1672 1059 1967 1153 reprehenderint
1988 1068 2193 1164 prophana-

155 1168 387 1239 scitabantur.
439 1158 553 1229 Nemo
579 1170 665 1226 tunc
683 1157 821 1225 viderat
843 1156 955 1225 libros
972 1151 1149 1224 Aristote-
1200 1153 1334 1223 tionem
1349 1156 1388 1224 in
1404 1154 1545 1240 Missis,
1570 1174 1605 1230 ct
1625 1165 1854 1236 coelibatum:
1883 1167 1973 1241 Item
1988 1172 2192 1268 disputave-

154 1270 200 1341 lis
216 1270 260 1338 de
276 1264 503 1336 animalibus.
555 1258 678 1353 Itaque
694 1271 893 1350 pergratum
914 1271 987 1327 erat
1003 1257 1078 1325 eius
1094 1259 1149 1326 of·
1199 1255 1275 1324 rint
1297 1257 1341 1325 de
1362 1257 1501 1329 iusticia
1524 1261 1624 1349 fidei,
1649 1266 1739 1358 quid
1760 1267 1805 1339 sit
1821 1273 1918 1363 quod
1940 1271 2078 1347 Paulus
2093 1281 2191 1355 toties

155 1371 273 1441 ficium
297 1364 538 1447 doctioribus,
571 1363 600 1429 si
624 1362 767 1454 quando
795 1360 949 1452 aliquem
973 1360 1148 1448 insignem
1201 1357 1355 1428 inculcat
1375 1355 1541 1432 homines
1563 1365 1633 1434 fide
1654 1368 1767 1438 iustos
1791 1394 1885 1457 esse,
1915 1397 1991 1446 non
2012 1381 2189 1470 operibus.

155 1475 273 1545 locum
296 1472 381 1539 inde
403 1465 625 1558 proferebat,
658 1476 698 1532 ut
719 1487 798 1531 cum
821 1463 864 1530 de
886 1462 1148 1533 immortalitate
1200 1457 1387 1532 Scribebat
1412 1460 1620 1558 Iosquinus‚
1650 1484 1770 1560 aperte
1791 1472 1953 1545 reiecisse
1977 1501 2038 1550 eos
2065 1479 2190 1558 Mona·

154 1571 334 1645 humanae
348 1571 487 1640 animae
502 1567 758 1659 disputaretur,
781 1565 868 1658 quid
883 1565 1044 1633 sensisset
1061 1562 1148 1632 Ari·
1201 1556 1350 1631 chorum
1367 1565 1592 1655 opinionem,
1619 1595 1708 1664 quae
1728 1574 1830 1664 fingit
1844 1571 2011 1649 homines
2027 1587 2188 1674 operibm

155 1676 315 1760 stoteles,
347 1695 472 1762 magna
496 1694 575 1739 cum
600 1667 834 1737 admiratione
858 1680 999 1756 excepta
1014 1679 1065 1734 est
1085 1666 1149 1735 illa
1198 1663 1311 1733 iustos
1328 1687 1418 1735 esse:
1444 1665 1533 1739 Item
1548 1673 1696 1743 sensisse
1710 1699 1770 1745 eos
1784 1678 1830 1746 de
1843 1671 2014 1751 humanis
2029 1688 2187 1762 traditio·

155 1778 348 1861 sententia,
373 1775 509 1866 prolata
533 1795 575 1840 ex
595 1771 688 1839 libro
713 1771 757 1838 de
774 1769 998 1859 generatione
1011 1767 1148 1836 anima·
1199 1764 1324 1852 nibus,
1350 1791 1468 1838 errare
1490 1793 1566 1857 eos,
1601 1775 1664 1868 qui
1688 1778 1863 1868 affingunt
1887 1780 1958 1851 illis
1984 1779 2187 1877 opinionem

153 1881 262 1951 lium:
295 1901 395 1946 mens
416 1875 630 1946 extrinsecus
653 1872 804 1957 accedit,
835 1894 910 1939 non
934 1869 1090 1938 nascitur
1108 1895 1148 1940 ex
1200 1869 1335 1954 cultus,
1360 1884 1395 1940 ct
1415 1895 1489 1940 nou
1513 1897 1615 1965 posse
1631 1878 1759 1948 violari
1783 1882 1954 1957 iudicant.
2008 1885 2115 1962 Nihil
2129 1894 2186 1966 tin-

155 1980 303 2052 materia
327 2001 526 2071 corporum.
589 1973 774 2043 Interdum
804 1972 938 2065 aliquid
969 1995 1009 2040 ex
1036 1965 1147 2043 Arato
1199 1991 1263 2061 go,
1290 1994 1373 2039 nam
1390 1967 1477 2044 haec
1496 1976 1569 2046 fere
1590 1980 1634 2048 ad
1648 1983 1795 2052 verbum
1813 1978 1883 2054 huc
1897 1986 2042 2080 scripsit
2057 1991 2185 2091 Iosqui-

156 2085 201 2154 de
227 2085 392 2178 syderum
415 2080 553 2172 positu,
578 2091 660 2148 ortu
682 2088 717 2146 et
740 2098 865 2145 occasu
890 2073 1057 2145 studiosis
1079 2074 1149 2144 im·
1199 2095 1278 2142 nus.
1328 2066 1382 2142 Ac
1396 2076 1479 2147 satis
1493 2080 1662 2150 credibile
1677 2097 1746 2168 est,
1771 2108 1852 2155 eurn
1866 2087 2063 2178 diligenter
2074 2097 2184 2192 dispo.

154 2187 340 2279 pertiebat.
1200 2188 1289 2243 tasse
1305 2175 1348 2243 de
1363 2176 1524 2247 doctrina
1538 2176 1761 2266 Christiana,
1783 2191 1990 2278 praesertim
2005 2218 2092 2266 cum
2108 2217 2182 2274 esset

256 2286 330 2358 Nec
354 2285 479 2352 deerat
498 2281 575 2349 eius
599 2278 755 2349 officium
780 2278 1039 2369 professoribus
1061 2277 1148 2348 alia·
1199 2275 1581 2363 familiarisWesselo,
1602 2285 1782 2357 cuiusluit
1797 2311 1975 2361 summum
1992 2295 2181 2388 ingenium:

152 2415 234 2463 rum
264 2386 547 2478 disciplinarum.
611 2379 720 2451 Forte
750 2380 924 2451 inciderat
954 2379 1146 2471 disputatio
1198 2379 1242 2446 ad
1274 2381 1369 2470 quod
1402 2382 1657 2473 amplissimam
1687 2390 1924 2461 eruditionem
1960 2395 2001 2465 in
2025 2403 2178 2476 omuibus

151 2494 247 2564 inter
275 2486 479 2575 Theologos
507 2498 541 2553 et
563 2481 837 2554 Iurisconsultos
866 2483 909 2550 de
937 2476 1004 2551 hoc
1033 2482 1146 2551 dicto:
1199 2480 1399 2569 disciplinis
1421 2484 1603 2572 adiunxit,
1636 2501 1670 2558 et
1695 2486 1851 2561 Graecae
1874 2505 1908 2564 et
1930 2491 2182 2576 Ebraicaelin-

152 2592 301 2665 Frustra
317 2603 432 2659 servat
447 2583 700 2675 Evangelium,
735 2585 798 2677 qui
817 2607 891 2651 non
908 2595 1023 2652 servat
1037 2608 1146 2652 cano·
1198 2604 1287 2671 guae
1315 2583 1564 2672 cognitionem.
1622 2586 1681 2659 Ad
1705 2585 1791 2662 haec
1824 2597 2036 2671 exercitatus
2064 2605 2131 2680 fuit
2149 2608 2184 2680 in

152 2720 216 2766 nes
231 2694 471 2789 Synodorum.
531 2687 610 2757 Hoc
626 2711 706 2756 cum
723 2687 786 2754 alii
807 2688 851 2754 ad
868 2686 1146 2755 confirmandam
1198 2684 1451 2754 certaminibus
1471 2687 1665 2778 religionis.
1730 2692 1870 2765 Lutetia
1899 2701 2026 2787 pulsus
2051 2724 2184 2803 proptor

152 2796 439 2890 superstitionem
472 2791 510 2858 in
541 2788 749 2859 ceremoniis
781 2789 1049 2880 detorquerent,
1084 2786 1145 2855 alii
1198 2797 1330 2854 taxatas
1364 2790 1651 2878 superstitiones,
1688 2796 1784 2867 venit
1817 2795 2012 2873 Basileam:
2052 2808 2104 2881 ibi
2127 2837 2183 2905 pro

151 2896 196 2973 τὸ
212 2893 323 2992 ῥητὸν
343 2918 416 2964 esse
433 2892 557 2961 durius
575 2904 824 2984 quererentur,
859 2902 894 2957 et
910 2889 1146 2978 mitigandum
1200 2883 1367 2957 Wcsselo
1388 2890 1554 2960 dixerunt
1577 2891 1751 2964 Basilium
1782 2895 2034 2993 Groningum3
2070 2936 2183 2985 nom.

152 3001 273 3094 aliqua
286 2993 764 3089 interpretationedicerent,
786 2985 1144 3084 Rodolphusinquit:
1197 2989 1328 3081 batque
1360 2988 1523 3082 Capnion
1555 3017 1637 3063 eum
1670 2993 1925 3088 Theologiam,
1966 3004 2122 3087 Graecas
2147 3031 2179 3089 et

153 3101 196 3172 In
212 3101 419 3172 universum
435 3093 575 3165 inIuris
591 3092 882 3185 interpretatione
899 3092 1049 3161 multum
1060 3117 1144 3183 pro·
1197 3085 1366 3160 Ebraicas
1381 3093 1502 3163 literas
1526 3098 1649 3165 eodem
1666 3110 1823 3189 tempore
1840 3106 2034 3180 tradidisse
2058 3116 2177 3190 studio-

111 3246 114 3253 ·
152 3207 251 3275 desse
267 3200 505 3292 cognitionem
526 3191 757 3267 historiarum
781 3208 817 3264 ct
840 3194 1077 3286 antiquitatis:
1104 3219 1144 3264 ac
1197 3192 1261 3276 sis,
1290 3193 1321 3260 si
1345 3195 1510 3287 quicum
1535 3199 1660 3269 audire
1684 3202 1877 3293 cupierant.
1935 3207 2027 3282 Inde
2052 3222 2183 3292 cumin

151 3303 355 3399 praesertim
372 3297 549 3371 Ecclesiae
564 3293 729 3367 historias
750 3310 784 3368 et
798 3310 932 3366 veteres
945 3296 1145 3377 contentio·
1195 3292 1378 3383 Belgicum
1398 3299 1577 3384 rediisset,
1609 3324 1711 3392 saepe
1733 3304 1820 3374 adiit
1838 3329 1956 3378 senem
1975 3311 2183 3415 Rodolphus

150 3431 213 3478 nes
236 3409 364 3477 debere
386 3418 489 3473 notas
515 3425 588 3470 esse
609 3401 796 3484 omnibus,
829 3422 870 3467 cr
891 3396 1021 3492 quibus
1042 3421 1144 3488 saepe
1195 3409 1283 3465 natu
1300 3396 1436 3483 minor,
1461 3402 1521 3468 sed
1543 3401 1582 3469 in
1604 3403 1715 3473 literis
1739 3404 1877 3477 Latinis
1893 3424 1927 3482 et
1945 3411 2098 3495 Graecis
2113 3448 2184 3497 eru-

149 3511 222 3603 peti
240 3508 350 3600 possit
364 3504 607 3595 interpretatio
625 3516 781 3571 veterum
798 3501 985 3572 dictorum.
1025 3499 1144 3595 Syno-
1195 3498 1321 3583 ditior,
1354 3512 1389 3567 et
1411 3501 1576 3590 flagrans
1595 3507 1713 3575 studio
1737 3504 1962 3584 Christianae
1995 3520 2183 3603 doctrinae.

150 3613 187 3683 di
204 3626 357 3699 veteres,
382 3606 517 3700 inquit,
543 3605 717 3674 vocabant
736 3601 901 3673 Canones
923 3617 1061 3673 tantum
1084 3626 1144 3671 ar·
1197 3599 1307 3693 quue
1323 3599 1396 3689 ipse
1410 3624 1512 3694 saepe
1527 3608 1571 3673 de
1586 3630 1621 3675 se
1630 3611 1826 3700 praedicat,
1852 3636 1887 3682 se
1902 3622 1998 3709 quod
2011 3627 2181 3724 reliquum

148 3710 471 3793 tieulosdoctrinae
487 3707 700 3774 diiudicatus
715 3707 754 3773 in
771 3704 944 3796 Synodis,
973 3727 1047 3772 non
1069 3717 1142 3772 tra·
1195 3715 1283 3771 esset
1308 3703 1449 3788 aetatis,
1483 3706 1739 3780 collocaturum
1763 3735 1837 3783 esse
1860 3716 2034 3793 insacras
2054 3729 2183 3803 literas:

149 3814 302 3885 ditiones
328 3813 372 3881 de
396 3808 621 3879 ceremoniis:
653 3830 718 3874 nec
746 3805 895 3873 dubium
927 3827 1019 3885 esse,
1053 3805 1141 3896 quin
1195 3802 1257 3895 qui
1271 3803 1302 3871 si
1316 3805 1474 3891 vixisset,
1506 3803 1598 3878 haud
1627 3813 1735 3881 dubie
1765 3817 1937 3906 egregiam
1957 3830 2184 3916 operamEr·

148 3911 235 3988 haec
267 3915 422 4006 primum
456 3911 564 3980 luerit
597 3906 770 3977 sententia
805 3901 913 3974 huius
940 3905 1044 3987 dicti,
1080 3908 1142 3975 sed
1193 3905 1318 3973 clesiae
1335 3921 1508 3978 navasset.
1561 3910 1775 4007 Quanquam
1795 3930 1828 3987 et
1850 3920 1910 3989 illa
1928 3928 2048 4001 studia
2065 3930 2184 4008 Eccle-

148 4031 268 4110 postea
286 4039 404 4085 errore
417 4016 646 4103 depravatum
663 4031 747 4079 esse.
790 4004 1002 4090 Verumest,
1020 4004 1141 4076 Evan-
1194 4007 1264 4075 siae
1281 4010 1508 4097 profuerunt,
1542 4017 1637 4106 quod
1660 4014 1976 4097 nostroshomines
1997 4033 2044 4101 ad
2064 4038 2184 4111 motio.

148 4119 279 4209 gelium
295 4141 369 4184 non
384 4113 516 4183 servari
531 4113 575 4182 ab
592 4111 653 4194 iis,
680 4111 742 4202 qui
757 4111 1141 4198 aspernanturdecreta
1192 4133 1266 4177 rem
1282 4111 1439 4179 discendi
1458 4114 1629 4191 rationem
1646 4121 1836 4191 revocavit.
1874 4123 2184 4214 Idmeritumooo

147 4234 272 4290 contra
296 4217 586 4296 samosatenum,
618 4225 680 4281 aut
702 4209 868 4289 Arrium,
895 4224 956 4278 aut
972 4209 1141 4281 Macedo·
1193 4224 1243 4279 cst
1259 4212 1333 4279 leve
1351 4215 1565 4290 ducendum.
1619 4217 1689 4288 Sed
1705 4224 1810 4291 redeo
1827 4228 1870 4294 ad
1883 4219 2089 4312 historiam.

147 4321 248 4392 nium
278 4320 385 4387 facta:
427 4340 510 4384 nam
545 4314 800 4383 vetustissimae
832 4311 970 4405 Synodi
995 4327 1140 4403 propter
1292 4311 1382 4383 Cum
1402 4315 1450 4385 itu
1469 4317 1602 4389 viveret
1619 4318 1901 4416 Heydelbergae,
1925 4348 1965 4403 ut
1988 4342 2185 4419 erudiunt

145 4420 404 4495 controversias
428 4421 632 4506 dogmatum
662 4405 966 4499 convocabantur,
1000 4438 1074 4483 non
1095 4416 1139 4484 de
1192 4413 1296 4482 bonis
1323 4418 1490 4487 omnibus
1520 4416 1747 4493 charissimus
1773 4441 1879 4513 esset,
1912 4456 1987 4505 non
2010 4443 2131 4516 solum
2150 4446 2185 4518 iu

147 4522 358 4596 ceremoniis
372 4518 606 4590 cumulandis.
659 4515 776 4605 Quam
794 4516 940 4605 indigna
957 4541 1024 4585 vox
1038 4531 1139 4602 esset,
1191 4516 1358 4583 noticiam
1376 4519 1474 4588 venit
1490 4519 1599 4592 Ducis
1616 4522 1770 4596 Palatini
1787 4526 1966 4627 Philippi,
1990 4547 2056 4614 sed
2083 4549 2185 4621 etiam

146 4628 282 4710 dicere,
313 4620 447 4693 Christi
473 4621 579 4689 fidem
606 4618 772 4687 inutilem
806 4630 839 4686 et
867 4618 1010 4687 inanem
1044 4640 1138 4702 esse,
1190 4617 1430 4689 familiaritate
1446 4621 1521 4692 eius
1535 4622 1706 4718 Princeps
1722 4629 1914 4704 delectatus
1927 4653 2000 4728 est,
2029 4669 2184 4746 sempe

145 4731 222 4799 sine
244 4725 488 4797 observatione
516 4720 676 4790 omnium
708 4719 843 4789 rituum
874 4713 1138 4789 humanorum?
1191 4722 1333 4789 eumad
1351 4744 1472 4810 graves
1493 4725 1766 4800 deliberationes
1786 4728 1961 4816 adhibuit.
2013 4743 2185 4851 Cumque,

143 4829 277 4902 Lucem
300 4843 336 4898 et
354 4828 463 4896 vitam
487 4836 666 4893 aeternam
687 4821 726 4890 in
739 4821 919 4890 mentibus
936 4817 1137 4891 inchoatam
1190 4833 1231 4890 ut
1253 4821 1309 4906 fit,
1341 4825 1474 4893 mentio
1498 4826 1679 4899 interdum
1699 4833 1872 4909 incideret
1892 4856 2052 4918 veterum
2075 4853 2186 4951 impe.

144 4930 323 5020 extingui,
356 4929 387 4996 si
410 4926 528 5019 aliqua
550 4922 698 4994 ridicula
722 4924 920 4993 ceremonia
943 4923 1138 5013 negligere·
1189 4924 1346 5007 riorum,
1377 4948 1417 4993 ac
1437 4924 1651 5018 Rodolphus
1674 4958 1965 5017 commemoraret
1987 4951 2048 5020 vel
2072 4952 2185 5030 Graa-

143 5033 226 5103 tur?
276 5024 460 5111 Addebat,
485 5027 572 5096 tales
585 5027 673 5095 ritus
694 5048 797 5117 saepe
812 5026 890 5094 sine
905 5025 980 5094 ullo
997 5038 1136 5114 peccato
1190 5047 1247 5094 cas
1264 5020 1449 5112 historias,
1471 5032 1527 5098 vel
1541 5029 1740 5121 Romanas,
1766 5036 1935 5137 Princeps
1958 5062 1992 5121 et
2007 5058 2102 5128 verti
2119 5058 2185 5131 ,ibi

142 5132 261 5206 omitti
285 5155 396 5223 posse.
444 5126 613 5198 Hastam
635 5129 755 5196 dextra
776 5126 1066 5215 interpretatione
1082 5127 1137 5195 sa·
1190 5127 1301 5197 multa
1324 5153 1399 5197 non
1414 5130 1527 5199 solum
1550 5157 1592 5202 er
1606 5131 1783 5224 historiis,
1810 5146 1989 5219 sedetiam
2009 5156 2185 5235 expodtis

142 5237 209 5307 cile
226 5233 392 5304 satisfecit
405 5231 584 5301 omnibus.
637 5228 748 5319 Saepe
774 5241 808 5297 et
829 5228 867 5295 in
887 5225 967 5295 Iure
983 5228 1080 5305 civili
1097 5252 1137 5298 ea
1189 5228 1312 5314 iussit,
1337 5244 1373 5300 et
1387 5232 1509 5322 petivit
1524 5234 1591 5303 sibi
1609 5240 1747 5309 contexi
1764 5240 1937 5336 integram
1952 5245 2082 5328 seriem
2099 5288 2184 5359 quo.

140 5361 231 5431 quae
255 5339 299 5406 ab
324 5328 483 5403 historiis
508 5332 658 5423 petenda
683 5343 786 5407 sunt,
813 5328 1009 5418 explicabat
1026 5330 1138 5398 inter·
1190 5344 1273 5401 tuor
1305 5329 1615 5423 monarchiarum,
1649 5354 1688 5410 ut
1711 5344 1873 5416 ordinem
1903 5375 2025 5426 rerum
2057 5367 2184 5438 metius

141 5439 370 5529 rogantibus,
403 5449 442 5506 ut
458 5434 576 5503 locum
596 5435 640 5502 de
664 5431 782 5503 usuris
802 5429 1020 5501 centesimis:
1049 5428 1138 5501 Item
1191 5432 1334 5519 videre,
1361 5446 1395 5506 et
1416 5436 1633 5510 incrementa
1648 5456 1753 5537 atque
1776 5447 2046 5545 inclinationes,
2069 5481 2104 5540 et
2119 5463 2183 5539 bo.
