4664 6022
67 106 145 181 eor
648 106 808 185 nucu.
841 108 919 185 nu
951 90 1242 187 recussus
1275 84 1537 189 cumsrr.
2040 113 2117 188 soa

68 278 188 354 cleris.
228 272 402 353 'Fortasse
423 281 494 353 alia
517 282 595 353 aliis
616 283 837 376 temporibus
855 299 1067 376 congruunt.
1120 282 1232 353 lestis:
1260 283 1343 376 quia
1370 282 1553 373 posteritas
1580 279 1672 353 Cain
1694 295 1878 376 paternam
1899 282 2116 378 impietatem

68 381 141 453 Sed
165 375 235 453 bne
259 395 418 475 tempore
443 384 562 456 nescio
583 409 629 456 an
654 386 840 480 quisquam
864 390 944 480 pius
967 412 1067 458 men·
1119 386 1337 471 sectabatur,
1380 398 1414 456 ct
1444 386 1624 456 videretur
1654 408 1799 479 prorsus
1822 387 1895 458 iam
1922 387 2117 460 concidisse

68 499 141 556 tem
164 506 204 554 ac
226 484 386 556 oculosa
408 500 596 578 conspectu
611 484 788 558 Ecclesiae
805 505 962 562 avertere
980 515 1067 582 pos·
1117 485 1294 571 Ecclesia,
1319 500 1437 556 tamen
1452 513 1470 556 a
1487 483 1564 557 Deo
1576 487 1775 559 restituitur
1789 502 1822 559 et
1835 503 2008 574 servatur,
2033 490 2116 561 dato

10 624 17 679 '.
65 587 124 658 sit.
178 581 270 656 Cum
294 586 403 676 igitur
425 592 574 660 omnino
600 591 735 684 aliquid
759 593 862 661 etiam
889 617 985 662 nunc
1009 595 1065 662 di·
1118 590 1191 659 filio
1209 584 1318 671 Seth,
1344 613 1407 683 per
1429 614 1534 684 quem
1557 590 1737 681 colligitur
1759 591 1891 686 aliquis
1915 605 2051 676 coetus,
2078 591 2116 662 in

10 682 15 707 ''
64 690 223 759 cendum
246 688 309 771 sit,
336 689 520 781 patiamini
543 716 672 785 quaeso
695 717 751 761 me
774 695 955 785 paulisper
977 695 1066 765 insi·
1117 715 1188 785 qun
1211 705 1313 762 sonat
1335 717 1402 761 vox
1419 691 1578 763 coelestis
1598 694 1782 764 defuturo
1798 692 1951 773 semine,
1977 707 2013 764 et
2029 689 2114 764 hinc

63 804 160 862 stere
181 785 265 860 huic
287 789 364 882 ipso
386 810 613 880 argumento,
640 797 677 866 io
696 798 790 888 quod
809 796 912 866 initio
930 799 1064 870 oratio·
1115 807 1329 887 propagatur
1342 790 1499 866 Ecclesia
1514 809 1656 887 patrum
1671 796 1843 890 usquead
1858 795 2046 869 diluvium.

63 894 125 963 nis
142 916 203 961 me
218 892 381 982 cogitatio
399 890 527 964 horum
544 910 743 988 temporum
759 897 916 985 induxit,
942 911 982 969 ut
996 901 1064 970 ali·
1220 897 1289 969 Ubi
1328 920 1450 967 rursus
1478 898 1680 968 miseranda
1708 912 1761 969 est
1788 894 1968 969 Ecclesiae
1995 899 2113 986 facies,

61 996 156 1089 qnid
178 995 292 1064 dicam
313 997 356 1064 de
381 989 448 1066 hoc
462 998 673 1068 admirando
689 995 757 1069 Dei
773 1024 896 1091 opere,
923 1026 993 1096 quo
1012 1016 1064 1073 te·
1114 1021 1188 1068 non
1217 999 1332 1067 solnm
1351 996 1494 1070 Cainica
1517 1001 1723 1092 posteritas,
1760 1001 1820 1069 sed
1845 1000 1951 1087 etiarn
1973 1000 2111 1094 reliqua

62 1111 232 1169 staturae
247 1113 416 1188 perpetuo
430 1100 639 1172 conservare
654 1098 847 1173 Ecclesiam
863 1103 901 1172 in
915 1107 1062 1181 mundo.
1114 1113 1190 1170 orta
1215 1125 1233 1169 a
1252 1099 1433 1190 patribus,
1465 1102 1528 1195 qui
1550 1102 1620 1172 iam
1646 1125 1760 1174 annos
1781 1102 1837 1173 bis
1859 1100 1958 1171 mille
1981 1103 2112 1193 guber-

171 1194 250 1270 Etsi
271 1224 356 1269 vero
376 1224 450 1270 non
466 1200 515 1272 ita
532 1217 684 1293 extreme
699 1204 880 1296 stupidus,
907 1218 968 1276 aut
982 1230 1063 1296 per.
1115 1216 1241 1272 natant
1257 1199 1469 1283 Ecclesiam,
1494 1204 1610 1273 delicit
1631 1229 1651 1275 a
1673 1228 1755 1274 vera
1779 1204 1928 1295 pietate,
1953 1216 1987 1275 et
2007 1205 2054 1273 ita
2070 1203 2109 1275 in

62 1302 141 1373 dite
169 1301 349 1371 confidens
371 1325 468 1388 sum,
499 1320 634 1376 utnon
658 1307 807 1378 sentiam
832 1332 887 1377 me
911 1310 1062 1380 multum
1113 1317 1249 1375 arctum
1271 1305 1444 1395 redigitur
1457 1302 1634 1392 Ecclesia,
1657 1320 1697 1377 ut
1723 1331 1763 1376 ex
1785 1305 1952 1378 universa
1972 1307 2109 1400 reliqua

10 1414 14 1429 '
62 1404 298 1475 succumbere
319 1405 556 1495 magnitudini
581 1403 732 1499 suscepti
753 1410 890 1494 oneris,
913 1435 979 1482 nec
1000 1413 1062 1482 de·
1113 1407 1344 1479 multitudine
1372 1407 1482 1479 totius
1504 1402 1654 1481 humani
1674 1409 1812 1498 generis
1835 1433 1910 1480 non
1933 1407 2003 1480 nisi
2027 1421 2107 1480 octo

62 1518 203 1579 terrear
216 1505 458 1577 imbecillitate
471 1533 561 1595 mea,
582 1535 688 1604 quam
704 1525 797 1582 certe
811 1536 973 1603 agnosco.
1008 1511 1062 1584 Ac
1112 1510 1251 1581 animae
1266 1524 1459 1581 serventur.
1510 1509 1636 1583 Postea
1651 1505 1779 1582 horum
1797 1511 1903 1582 etiam
1919 1509 2106 1602 posteritas

63 1608 141 1703 ipse
167 1608 317 1677 maxime
338 1611 458 1701 optavi
482 1612 525 1680 de
543 1607 610 1682 hoc
627 1612 703 1705 ipso
718 1615 918 1705 argumenti
933 1639 1061 1707 genere
1112 1634 1133 1683 a
1160 1636 1241 1682 vera
1265 1612 1438 1702 religione
1459 1614 1631 1684 relabitur
1652 1611 1690 1683 in
1711 1612 1912 1684 idolatriam
1927 1626 1962 1689 et
1977 1612 2104 1704 impie-

62 1710 194 1783 sudire
209 1725 374 1780 sonantes
393 1735 495 1782 voces
511 1716 733 1805 superiorum
751 1732 973 1804 nostrorum,
998 1719 1061 1814 qui
1111 1726 1237 1801 tatem,
1262 1728 1295 1784 et
1311 1714 1405 1786 inter
1418 1739 1549 1807 pancos
1566 1740 1607 1786 ex
1625 1715 1786 1807 patribus
1803 1729 1964 1787 servatur
1981 1710 2106 1786 Eccle-

62 1813 107 1884 iu
128 1811 299 1882 diuturna
322 1814 577 1903 gubernatione
598 1812 776 1889 Ecclesiae
797 1834 831 1890 et
856 1821 1061 1911 ingentibus
1111 1815 1175 1889 sia.
1228 1812 1277 1888 Et
1297 1840 1337 1886 ex
1361 1810 1469 1887 huius
1484 1817 1643 1912 reliquiis
1659 1812 1842 1888 Abraham
1858 1829 2045 1888 revocatur
2060 1818 2107 1889 ab

63 1913 321 1988 certaminibus
349 1918 494 2004 versati,
528 1933 562 1990 et
586 1920 790 2011 intelligunt
812 1923 967 2013 pericula
990 1919 1061 1993 Ec·
1112 1943 1232 1990 errore
1261 1931 1297 1990 et
1328 1920 1514 2002 idolatria,
1554 1923 1599 1990 ad
1630 1920 1898 1991 instaurandam
1919 1932 1953 1990 et
1978 1942 2107 2012 propa·

66 2014 211 2102 clasiae,
234 2030 270 2089 et
290 2040 416 2108 magna
440 2019 475 2089 vi
495 2045 535 2097 ar
550 2024 679 2093 robore
694 2023 839 2115 spiritus
853 2024 1062 2096 confirmare
1111 2023 1263 2111 gandam
1281 2021 1478 2094 doctrinam
1494 2022 1771 2114 promissionum
1785 2023 1830 2091 de
1844 2015 2000 2092 Christo.
2050 2016 2106 2091 Ex

63 2118 211 2215 piorum
229 2132 364 2190 mentes
388 2136 545 2213 possunt.
602 2123 672 2195 Sed
694 2126 778 2219 quia
803 2121 891 2195 mihi
911 2129 1060 2198 omnino
1111 2124 1195 2194 liliis
1212 2121 1307 2193 lsaac
1328 2148 1368 2195 ac
1384 2123 1554 2215 nepotum
1568 2123 1913 2217 peregrinationibus
1928 2120 2105 2211 colligun-

62 2224 295 2293 subeundum
318 2222 386 2291 suit
407 2218 476 2294 boc
499 2249 591 2295 onus
613 2227 801 2298 autoritate
822 2229 955 2320 publici
980 2254 1060 2299 mu·
1112 2238 1172 2296 tur
1195 2225 1325 2296 deinde
1349 2226 1462 2321 aliqui
1484 2239 1622 2312 coetus,
1647 2238 1683 2295 et
1704 2224 1867 2296 doctrina
1890 2237 2106 2318 propagatur

32 2324 188 2409 ·neris,
219 2320 291 2395 Vns
309 2348 394 2409 oro,
426 2339 466 2397 ut
486 2322 576 2397 mihi
599 2329 738 2399 veniam
759 2331 849 2400 detis
872 2355 981 2423 panca
1003 2332 1061 2400 di·
1111 2329 1216 2398 etiam
1232 2328 1270 2396 iu
1285 2324 1498 2423 Aegyptum.

60 2430 193 2509 eluro,
224 2443 396 2520 qnantum
426 2429 595 2520 temporis
621 2432 780 2521 angustia
805 2434 954 2524 patitur,
986 2457 1060 2503 non
1214 2427 1305 2501 Vere
1328 2431 1491 2501 miranda
1515 2443 1598 2501 sunt
1620 2429 1778 2521 exempla
1802 2453 1877 2498 non
1898 2423 2006 2499 huius
2022 2441 2102 2498 tan·

61 2552 136 2620 pro
162 2529 356 2617 argumenti
379 2531 568 2620 dignitate,
592 2535 653 2603 sed
674 2535 718 2604 ad
743 2532 1061 2605 commonefacien-
1111 2543 1187 2603 tum
1203 2530 1337 2624 primae
1353 2533 1475 2603 aetatis
1488 2528 1666 2635 Ecclesiae
1680 2539 1840 2625 patrum,
1864 2531 1925 2601 sed
1940 2529 2102 2601 omnium
2117 2522 2126 2531 ”

60 2632 134 2701 dos
159 2642 195 2698 et
213 2631 415 2702 excitandos
438 2635 696 2721 adolescentes,
721 2649 762 2708 ut
785 2650 817 2708 et
839 2637 906 2728 ipsi
928 2638 972 2707 de
988 2633 1061 2709 Eci·
1111 2646 1332 2727 temporum,
1357 2659 1447 2729 quae
1469 2648 1552 2706 sunt
1573 2637 1740 2727 perpetua
1756 2634 1928 2729 quaedam
1944 2630 2103 2704 testimo-

62 2730 198 2805 clesiae
218 2732 387 2826 periculis
410 2736 563 2826 cogitare
584 2739 739 2824 discant,
765 2753 800 2810 et
819 2753 901 2810 vota
922 2764 961 2809 ac
978 2765 1072 2833 pre·-
1112 2738 1171 2807 nia
1189 2736 1409 2807 mirabilium
1425 2761 1573 2830 operum
1587 2735 1676 2822 Dei,
1703 2732 1771 2807 hoc
1784 2748 1854 2822 est,
1878 2748 1913 2806 et
1929 2733 2104 2804 adllictio-

59 2856 122 2907 ces
143 2856 225 2905 cum
247 2833 321 2927 ipsa
345 2836 582 2929 coniungant,
608 2854 647 2909 ut
662 2841 758 2910 Deus
772 2865 849 2911 eam
864 2841 902 2911 in
920 2836 977 2911 his
993 2868 1060 2935 po·
1111 2862 1199 2908 num
1213 2863 1254 2908 ac
1267 2863 1537 2925 aerumnarum,
1563 2852 1598 2910 et
1613 2839 1867 2909 liberationum
1879 2834 2068 2908 Ecclesiae.

60 2936 207 3009 strenuis
220 2939 473 3010 certaminibus
485 2953 520 3010 et
537 2941 701 3032 periculis
716 2956 910 3017 conservet.
1214 2938 1285 3011 Sed
1308 2939 1459 3010 maxime
1481 2941 1644 3011 omnium
1665 2938 1906 3010 memorabilis
1922 2952 1974 3010 est
1989 2933 2103 3008 histo-¹

167 3036 280 3110 Plena
320 3056 371 3112 est
407 3042 571 3112 universa
605 3043 777 3135 scriptura
807 3043 1060 3135 exemplorum,
1110 3040 1164 3112 ria
1198 3040 1421 3112 liberationis
1458 3042 1584 3134 populi
1613 3039 1723 3113 lsrael
1760 3056 1796 3112 et
1829 3039 2028 3111 eductionis
2061 3062 2103 3107 ex

62 3164 158 3234 quse
178 3143 372 3213 ostendunt
392 3143 503 3215 solius
516 3142 584 3214 Dei
607 3145 762 3236 potentia
779 3145 935 3215 mirabili
952 3146 1059 3215 modo
1112 3140 1291 3237 Aegypto,
1335 3156 1378 3213 et·
1404 3155 1444 3213 ιιι
1477 3145 1624 3234 adparet
1662 3142 1823 3212 omnium
1861 3137 2103 3224 historiarum,

65 3238 262 3315 &daiam
283 3245 473 3335 gubernari
490 3263 523 3317 et
538 3248 695 3317 delendi:
722 3247 782 3317 sed
797 3247 928 3318 infiniti
943 3247 1060 3339 operis
1111 3245 1273 3315 omnium
1301 3257 1476 3330 aetatum,
1516 3270 1534 3315 a
1564 3242 1742 3338 principio
1771 3241 1897 3314 mundi
1922 3240 2105 3336 usquead

62 3356 175 3431 esset,
204 3360 314 3416 totam
338 3342 524 3418 historiam
549 3345 744 3432 Ecclesiae,
774 3351 858 3420 inde
880 3373 992 3444 usque
1014 3350 1059 3419 ab
1111 3347 1237 3432 finem,
1270 3360 1411 3437 excepta
1440 3346 1515 3439 ipsa
1534 3343 1669 3417 Christi
1700 3345 1862 3439 passione
1887 3359 1922 3416 et
1943 3365 2102 3413 resurre-

61 3444 174 3519 initin
198 3448 333 3518 conditi
358 3451 483 3521 muudi
508 3453 598 3521 velle
620 3451 821 3544 conspicati,
855 3476 944 3547 qnae
968 3445 1059 3520 nihil
1111 3449 1246 3534 ctione,
1270 3448 1376 3537 longe
1392 3450 1554 3524 maxima.
1605 3447 1687 3521 Non
1702 3449 1817 3519 solum
1833 3446 1928 3517 enim
1945 3459 1997 3516 est
2013 3445 2103 3515 ima·

59 3549 164 3623 slind
179 3565 285 3643 ‘qnam
301 3553 473 3642 stupenda
488 3553 657 3624 miracula
674 3555 850 3639 continet,
874 3553 1060 3648 inquibus
1111 3575 1155 3643 go
1172 3547 1349 3621 Ecclesiae
1370 3551 1531 3622 omnium
1555 3565 1774 3642 temporum,
1798 3551 1857 3620 sed
1880 3549 1986 3619 etiam
2001 3570 2104 3640 prae-

58 3653 232 3743 sdparet,
263 3654 405 3744 quantis
432 3657 610 3725 aerumnis
633 3679 771 3748 semper
794 3656 992 3728 conflictata
1016 3656 1061 3726 sit
1111 3656 1214 3746 cipua
1235 3677 1333 3745 pars,
1361 3654 1467 3746 plena
1490 3652 1687 3743 ingentium
1711 3651 1985 3736 miraculorum,
2013 3670 2104 3744 quae

57 3748 236 3826 Ecclesia.
288 3751 337 3826 Et
358 3768 475 3824 tamen
495 3754 532 3824 in
551 3757 593 3828 iis
609 3759 780 3828 mirandis
794 3760 911 3827 modis
927 3757 1061 3828 divini·
1112 3770 1147 3828 et
1166 3756 1313 3827 caeteris
1334 3755 1554 3847 temporibus
1573 3756 1725 3845 insignia
1747 3753 1904 3845 exempla
1920 3764 2105 3837 monstrat,

59 3870 124 3927 tus
138 3870 274 3926 servata
293 3871 415 3926 contra
432 3853 566 3927 hostem
581 3860 644 3961 spi
662 3859 727 3930 Dei
744 3860 937 3931 diabolum.
1113 3882 1204 3955 quae
1223 3871 1416 3942 testantur,
1441 3870 1476 3926 et
1493 3859 1624 3927 servari
1638 3855 1832 3927 Ecclesiam
1848 3879 1889 3926 ac
1905 3853 1977 3945 regi
1990 3877 2012 3925 a
2026 3851 2105 3924 Deo

169 3956 292 4048 Longe
322 3973 464 4050 superat
492 3984 634 4029 omnem
665 3957 858 4032 humanam
890 3962 1062 4056 eloquen·
1113 3963 1189 4034 sine
1220 3960 1406 4052 praesidiis
1433 3952 1615 4044 humanis,
1648 3971 1685 4030 et
1705 3957 1859 4030 exerceri
1879 3955 1988 4029 variis
2011 3954 2105 4026 cala-

35 4060 153 4134 ·tiarn
177 4054 324 4130 historia
349 4062 545 4153 primorum
560 4079 745 4153 parentum
764 4077 798 4134 et
813 4078 973 4156 patrum,
998 4064 1061 4156 qui
1111 4063 1306 4136 mitatibus.

55 4161 178 4235 uenti
201 4176 286 4232 sunt
307 4185 419 4256 usque
440 4167 484 4233 ad
503 4165 692 4238 diluvium.
747 4165 892 4256 Quanto
908 4167 946 4237 in
963 4169 1060 4237 luctu
1216 4163 1334 4254 Quam
1357 4159 1578 4234 horrendum
1602 4174 1652 4232 est
1676 4160 1715 4231 in
1736 4156 1941 4248 hoccoetn,
1966 4159 2028 4255 qui
2043 4182 2105 4251 ge-

58 4281 98 4336 et
122 4287 284 4334 moerore
306 4265 434 4335 versati
457 4279 541 4336 susat
559 4264 675 4336 Adam
699 4283 733 4338 et
749 4265 869 4351 Heva,
896 4294 976 4338 carm
999 4291 1059 4338 ac·
1111 4266 1161 4337 rit
1189 4290 1320 4336 nomen
1345 4263 1522 4337 Ecclesiae
1545 4260 1630 4348 Dei,
1663 4263 1725 4358 qui
1757 4259 1864 4337 habet
1891 4277 1944 4335 tot
1975 4275 2105 4333 ettam

57 4379 166 4457 cepta
192 4366 427 4457 promissione
449 4370 493 4437 de
515 4363 680 4454 Christo,
712 4384 747 4441 et
773 4383 941 4461 concepta
966 4384 1061 4441 certa
1113 4367 1264 4440 illustria
1295 4367 1498 4440 testimonia
1521 4366 1726 4437 divinarum
1745 4364 2018 4449 liberationum,
2051 4377 2105 4434 ta·

57 4493 126 4562 spe
143 4472 389 4559 propagandae
398 4464 596 4554 Ecclesiae,
621 4473 714 4542 natis
728 4474 868 4543 duobus
882 4470 1062 4544 liliisCain
1113 4494 1196 4540 men
1217 4470 1442 4563 praecipuam
1460 4481 1594 4562 partem
1608 4468 1755 4564 populi,
1775 4467 1908 4539 multos
1926 4481 2107 4559 praestan-

58 4588 97 4644 et
114 4566 228 4653 Abel,
253 4570 371 4643 subito
390 4571 512 4659 vident
524 4572 596 4659 sibi
614 4572 846 4664 amplissimas
864 4598 942 4666 spes
959 4599 1062 4665 prae·
1113 4587 1165 4643 tes
1185 4571 1299 4653 viros,
1332 4569 1515 4661 Principes
1538 4585 1573 4641 et
1593 4572 1845 4660 gubernatores
1872 4563 2107 4639 horribilibus

58 4672 157 4756 cidi,
190 4686 313 4742 necato
342 4674 454 4761 altero
484 4674 580 4760 lilio,
613 4678 672 4769 qni
703 4678 845 4748 luturns
868 4691 942 4748 erat
965 4677 1062 4748 velut
1113 4674 1283 4766 exemplis
1306 4673 1447 4765 puniri,
1480 4672 1745 4742 multitudinem
1762 4670 1869 4742 toties
1885 4669 2009 4764 plecti,
2040 4671 2106 4740 do·

60 4773 284 4869 plantarium
305 4798 408 4845 verae
428 4771 626 4861 Ecclesiae,
652 4803 732 4847 cum
754 4776 843 4846 alter
866 4778 959 4848 lilius
980 4801 1061 4868 par·
1113 4802 1178 4849 nee
1194 4777 1451 4870 propemodum
1468 4773 1632 4844 universa
1648 4773 1740 4865 perit
1753 4796 1877 4844 eorsum
1892 4773 1956 4866 qui
1970 4768 2117 4862 ingenti'

61 4876 178 4948 ricids
202 4877 398 4966 praeclaras
420 4876 500 4947 illas
522 4902 620 4970 spes,
646 4903 733 4972 quas
756 4880 801 4949 de
822 4881 899 4972 ipso
924 4881 974 4972 pii
997 4905 1061 4971 pa-
1114 4889 1262 4949 n'umero
1285 4902 1327 4947 ex
1344 4872 1508 4972 Aegypto
1529 4875 1706 4959 exierant,
1732 4888 1907 4946 ettamen
1921 4886 2109 4945 servantur

61 4990 185 5051 rentes
206 4992 439 5070 conceperant
460 4982 651 5051 frustratus
667 4995 768 5056 esset.
820 4981 989 5070 Quicum
1006 5006 1062 5052 es·
1112 4980 1253 5073 aliquae
1274 4979 1399 5072 populi
1422 4977 1614 5072 reliquiae,
1648 4999 1738 5070 quae
1761 4990 1968 5048 manserunt
1989 4975 2110 5044 incor-

60 5095 143 5153 sent
164 5073 222 5149 his
247 5082 488 5165 moeroribus,
516 5097 628 5153 tntum
652 5086 785 5175 primae
802 5084 924 5154 aetatis
941 5097 1061 5154 cente·
1111 5096 1257 5173 ruptae,
1296 5097 1332 5153 et
1358 5081 1585 5151 retinuerunt
1615 5078 1799 5149 doctrinae
1829 5078 2041 5173 puritatem,
2075 5086 2112 5145 et

62 5182 208 5254 narium
238 5183 406 5269 conlecti,
437 5208 518 5252 cum
548 5185 645 5255 nulla
675 5188 745 5255 iam
772 5198 860 5255 emet
884 5182 1060 5257 Ecclesiae
1111 5197 1274 5274 expertae
1295 5198 1380 5254 sunt
1399 5184 1581 5254 mirandas
1604 5178 1852 5267 liberationes,
1878 5179 1968 5251 sient
1984 5177 2112 5248 ordine

63 5284 191 5370 iacies,
217 5306 281 5354 nee
302 5298 418 5375 posset
432 5307 582 5379 usquam
598 5289 785 5381 propagari
799 5287 961 5359 doctrina
978 5311 1060 5359 coe-
1111 5280 1260 5357 historia
1275 5282 1421 5359 indicat.
