4664 6022
592 296 755 378 DECL.
804 300 881 379 Dii
912 292 1199 379 uucouto
1230 294 1503 375 SUEVIAR
2000 308 2080 389 878

126 472 244 566 magis
261 472 533 563 inclaruerunt,
565 488 601 547 et
620 498 715 547 nova
737 477 851 568 gloria
873 475 1028 551 Suevico
1076 471 1175 558 rint,
1201 471 1405 564 intelligitis
1428 496 1537 570 quam
1560 474 1760 567 optandum
1781 475 1830 550 sit
1853 474 2081 557 Fridericnm

123 575 166 649 ni
190 578 347 651 acceuit.
404 576 498 651 Nam
521 602 568 650 ne
592 580 715 651 omnia
740 605 1027 669 commemorem,
1076 575 1236 670 aliquem
1247 576 1399 663 exoriri,
1424 578 1527 651 cuius
1541 601 1676 651 nomen
1688 572 1854 654 bostibus
1874 586 2005 657 terrori
2021 587 2081 674 sit,

138 672 328 752 historiam
359 681 615 777 potiusquam
647 684 850 755 encomium
880 709 1028 779 compo·
1075 678 1211 773 quique
1231 703 1414 772 opponere
1435 680 1715 754 immanissimae
1734 684 1835 776 genti
1859 688 2076 780 praesidium

123 806 136 857 s
168 782 314 866 ridear,
349 798 491 857 tantum
521 784 678 877 insignia
709 790 884 882 quaedam
917 813 1026 860 orna·
1075 781 1179 857 ausit.
1228 781 1271 855 si
1284 780 1491 856 Fridericus
1511 784 1574 856 ille
1588 785 1793 874 reviviscat,
1818 813 1894 861 non
1909 791 1954 862 de
1968 790 2078 865 Hun-

122 886 364 989 aattingamr
405 886 507 986 Quid
531 890 650 982 potuit
670 891 879 982 contingere
898 889 1027 963 Suevis
1074 883 1172 975 garis
1195 888 1389 973 vastanda,
1428 889 1573 959 nonde
1598 891 1758 962 vexanda
1782 887 1978 966 Germania
2002 895 2076 967 iam

123 988 220 1076 rius,
258 1014 367 1085 quam
398 990 556 1065 Romani
583 993 728 1087 imperii
758 995 908 1066 titulus?
949 1020 1025 1067 non
1074 984 1227 1059 Barbari
1246 989 1421 1080 cogitent,
1448 993 1511 1062 sed
1530 992 1575 1062 de
1596 992 1786 1065 retinenda
1807 990 1984 1084 Thracia,
2009 999 2076 1069 de·

123 1092 250 1188 pridem
264 1094 554 1188 metueremus,
580 1097 671 1169 sieut
686 1111 789 1172 antea
814 1122 917 1191 saepe
931 1099 1025 1170 aeci.
1075 1114 1145 1185 que
1162 1091 1251 1164 iocis
1264 1115 1307 1164 ac
1328 1092 1465 1165 laribus
1488 1093 1562 1166 suis
1578 1097 1863 1189 propugnandis:
1896 1098 2075 1195 siqnidem

123 1248 143 1283 .,
161 1197 229 1266 sed
249 1196 389 1268 delatus
406 1194 623 1271 Germaniae
637 1215 744 1296 atque
763 1199 885 1274 ltaliae
906 1226 1025 1296 popu-
1075 1192 1301 1267 Germanicis
1316 1196 1428 1290 copiis
1440 1197 1530 1284 iam,
1552 1214 1592 1271 ut
1607 1198 1677 1272 iuit
1691 1200 1791 1271 illius
1812 1214 1848 1273 et
1862 1202 2025 1275 celeritas
2039 1218 2077 1278 ct

123 1322 142 1369 n
181 1322 370 1371 consensu.
430 1298 528 1390 Quid
572 1304 689 1396 potuit
730 1299 1024 1377 honorificentius
1072 1296 1280 1389 diligentia,
1303 1299 1526 1372 circumsessi
1549 1322 1688 1374 summa
1711 1303 1749 1373 vi
1770 1320 2076 1398 oppugnarentur.

123 1422 198 1487 ere,
225 1426 334 1496 quam
356 1397 424 1474 hoc
449 1418 504 1477 tot
524 1407 685 1496 gentium
711 1407 906 1494 iudicium,
932 1432 1025 1504 quac
1071 1396 1155 1473 Nou
1180 1414 1280 1473 vacat
1302 1395 1411 1475 huius
1439 1402 1619 1497 Principis
1644 1405 1783 1499 egregia
1803 1407 1895 1481 iacta
1919 1433 2076 1481 comme·

123 1527 157 1575 m
171 1503 248 1573 vim
272 1504 415 1578 virtutis
433 1507 473 1578 in
496 1503 564 1581 hac
584 1510 733 1582 natione
754 1527 958 1606 senserunt,
982 1525 1023 1583 ut
1072 1527 1234 1588 mmm,
1268 1528 1395 1577 Vtrum
1418 1506 1504 1600 quii
1524 1508 1622 1579 bello
1645 1509 1832 1581 meliorem
1855 1535 1964 1605 quam
1987 1537 2076 1606 paee

123 1607 322 1681 dubitarint
344 1630 445 1680 suasu
475 1612 645 1700 salutern,
683 1637 765 1685 suas
797 1616 962 1688 fortunas
987 1628 1022 1686 et
1070 1605 1179 1677 fuisse
1200 1605 1315 1703 aliqui
1335 1622 1484 1701 putant,
1508 1624 1551 1684 ut
1571 1612 1790 1703 cognoscatis
1814 1627 1948 1709 quanta
1975 1639 2076 1687 seve·

123 1708 319 1807 [nillitatem
346 1711 457 1784 totius
484 1714 628 1809 imperii
658 1714 857 1789 suevorum
881 1718 1020 1789 princi.
1072 1708 1160 1782 ritas
1178 1709 1256 1782 eius
1270 1711 1491 1783 ioeritdomi
1511 1714 1718 1787 indicendo
1741 1715 1840 1802 inre,
1866 1715 1907 1787 in
1927 1716 2072 1790 latroci-

124 1812 259 1887 tutclaa
281 1816 528 1888 committere?
567 1815 621 1890 Es
636 1820 780 1891 demum
802 1846 885 1893 vm
907 1821 1019 1914 gloria
1071 1811 1144 1883 niis
1170 1813 1383 1905 puniendis,
1423 1829 1458 1887 et
1483 1815 1674 1910 disciplina
1702 1818 1846 1912 imperii
1874 1821 2076 1907 retinenda,

123 1930 153 1991 tt
166 1916 266 1987 bono
283 1915 445 2012 Principi
461 1920 614 1991 maxime
628 1925 803 2015 optanda,
829 1937 870 1995 nt
884 1924 1020 1997 intelli.
1070 1915 1227 1988 recitabo
1244 1940 1353 2011 quam
1377 1918 1535 2009 graviter
1555 1921 1850 1993 animadverterit
1870 1912 2075 1996 in'Princi-

143 2019 417 2115 existimentquc
432 2016 609 2115 homines,
632 2049 714 2096 eum
730 2048 804 2098 esse
818 2028 1020 2118 praeditum
1071 2041 1151 2109 pem
1175 2016 1381 2091 Palatinum
1403 2034 1440 2092 et
1463 2020 1722 2114 Mogontinum
1745 2019 1986 2119 Episcopum,
2010 2027 2075 2121 qui

126 2114 300 2195 chariute
314 2147 395 2214 erga
410 2127 592 2213 subditos,
615 2141 657 2199 ut
671 2124 764 2199 nihil
780 2131 887 2202 ducat
907 2131 1021 2223 prius,
1070 2121 1461 2217 bellumipsoabsentc
1486 2123 1647 2199 initalia
1666 2140 1865 2201 moverant.
1917 2126 1960 2201 lu
1982 2126 2108 2223 Epi·¹

123 2222 292 2297 littorum
306 2226 414 2298 otuu
429 2231 633 2317 concutere,
657 2245 693 2303 et
709 2257 748 2302 ea
763 2243 845 2303 cum
861 2235 1020 2326 pruden-
1071 2246 1232 2317 scopum,
1254 2226 1567 2320 miapeueudum
1578 2227 1989 2320 dissitatiSseesdotun
2004 2234 2074 2304 du·

123 2350 185 2401 usu
198 2327 313 2399 animi
327 2331 593 2421 magnitudine,
618 2347 659 2406 ut
672 2336 863 2406 defendere
876 2359 1020 2407 conser-
1069 2326 1142 2413 xil,
1175 2328 1355 2401 mitiorem
1383 2353 1537 2422 poenam
1564 2332 1770 2418 coustituit,
1803 2346 1945 2405 tautum
1975 2334 2072 2405 enim

123 2452 176 2527 pre
195 2455 337 2524 pacem,
363 2445 399 2504 et
420 2458 540 2505 arcere
564 2460 605 2508 ac
624 2433 817 2529 probibere
836 2439 1020 2525 iniuriam,
1070 2431 1222 2523 pecunia
1236 2433 1432 2505 mulctavit.
1478 2432 1552 2507 Sed
1565 2433 1606 2506 in
1620 2433 1827 2509 Palatinum
1841 2436 1968 2508 durius
1984 2461 2073 2508 con·

123 2532 219 2625 pibus
236 2558 277 2605 ac
296 2537 405 2607 armis
421 2538 563 2609 munire
578 2541 875 2635 tranquillitatem
898 2543 1019 2635 publi·
1069 2532 1199 2621 ⁸ull¹3ii
1237 2558 1323 2607 ⁰⁸¹⁰
1346 2536 1460 2628 ⁰⁰58st
1481 2561 1566 2609 eum
1586 2561 1652 2631 ptr
1670 2551 1783 2611 totam
1803 2540 1933 2611 urbem
1949 2538 2071 2611 Wor·

123 2637 236 2710 tussit.
276 2634 378 2726 Quos
394 2637 609 2734 triumphos,
636 2668 726 2739 quae
741 2640 912 2739 tmphaea
927 2645 1018 2715 mal·
1069 2637 1215 2707 matiam
1230 2661 1355 2709 canem
1372 2640 1418 2711 ab
1439 2639 1592 2713 humero
1607 2643 1826 2737 pendentem
1846 2655 2003 2735 gestare,
2027 2667 2069 2715 ca

123 2738 180 2813 ibi
194 2740 339 2811 decerni
354 2741 558 2837 Principes,
582 2747 614 2817 si
626 2762 803 2840 saperent,
828 2773 936 2842 quam
950 2743 1020 2819 boe
1068 2738 1140 2812 suit
1172 2738 1246 2811 illis
1281 2742 1507 2836 temporibus
1540 2745 1703 2817 censoria
1736 2756 1823 2817 nota
1857 2746 2071 2819 nobilitatis.

143 2841 319 2917 iudicium
342 2849 439 2938 apud
456 2848 572 2920 bonos
587 2850 684 2921 viros
696 2851 798 2922 beri?
847 2850 1018 2933 Proinde,
1071 2840 1171 2915 ldem
1184 2844 1386 2936 exemplum
1404 2846 1444 2917 in
1458 2847 1648 2944 plerosque
1664 2846 1755 2919 aiios
1773 2849 1947 2944 equestris
1968 2849 2073 2920 ordi-

123 2945 425 3042 pcriculosissimis
441 2953 663 3046 temporibus
677 2957 723 3024 ad
744 2953 883 3026 Suevos
905 2954 1018 3047 impe.
1069 2944 1127 3017 nis
1141 2945 1257 3032 viros,
1282 2944 1439 3019 Palatini
1454 2950 1590 3038 socios,
1610 2949 1846 3024 constitutum
1861 2965 1925 3026 est.
1976 2950 2072 3023 Nul-

123 3070 228 3121 uusna
250 3049 366 3121 delata
386 3052 454 3134 sit,
486 3077 656 3146 magnum
680 3056 852 3152 quiddam
874 3055 930 3128 illi
952 3082 1019 3127 na.
1067 3048 1125 3119 las
1136 3071 1206 3139 ego
1218 3050 1386 3121 victorias
1400 3053 1481 3143 plus
1493 3053 1611 3125 laudis
1623 3054 1754 3127 mereri
1769 3054 1946 3144 existimo,
1961 3079 2069 3151 quam

124 3150 287 3247 reliquae
301 3167 422 3244 gentes
438 3156 653 3233 tribuerunt.
703 3158 829 3253 Neque
841 3184 926 3230 vero
940 3183 1016 3231 non
1068 3145 1278 3223 huiusmodi
1301 3156 1516 3247 exemplum.
1573 3154 1665 3228 Nam
1682 3183 1764 3228 eum
1785 3158 1877 3229 bene
1892 3158 2073 3252 imperare

123 3256 283 3329 ruderum
299 3259 535 3348 expectationi
548 3258 763 3348 Priuer-leue,
787 3262 846 3332 eui
862 3287 881 3332 a
897 3261 1016 3333 Bar-tis
1068 3267 1190 3346 putes,
1225 3254 1288 3348 qui
1314 3255 1416 3326 domi
1440 3257 1583 3327 civilem
1610 3259 1837 3352 disciplinam
1857 3282 2072 3334 conservare

123 3381 280 3433 tuomen
295 3359 513 3448 factumest,
539 3375 573 3433 et
595 3359 703 3436 buius
726 3387 839 3457 nepos
857 3363 1018 3435 Prideri·
1067 3357 1177 3431 norit.
1208 3351 1310 3427 Nihil
1321 3358 1413 3429 ioris
1423 3381 1534 3442 mma,
1560 3355 1657 3432 nihil
1669 3358 1842 3454 triumphi
1857 3365 2074 3456 proderunt,

136 3482 241 3559 quem
264 3459 428 3534 Siculum
459 3480 650 3548 vocarunt,
682 3491 838 3561 quorum
867 3483 1018 3563 uterque
1066 3459 1098 3529 si
1113 3458 1212 3530 domi
1231 3459 1386 3530 nimium
1408 3462 1511 3535 liceat
1530 3462 1720 3556 improbis.
1769 3461 1804 3535 ls
1825 3468 1970 3537 derum
1994 3466 2069 3539 lm·

142 3586 270 3657 genere
291 3564 603 3659 imperatoriamm
620 3570 796 3643 virtutum
811 3570 1017 3642 cuivislau-
1067 3562 1241 3656 peremtis
1256 3563 1404 3635 nomine
1419 3565 1553 3656 diguus
1571 3582 1642 3654 cst,
1667 3565 1821 3662 quinon
1843 3581 1983 3641 tantum
2000 3565 2069 3641 bo·

123 3666 286 3739 imorum
314 3665 525 3763 Principum
552 3673 708 3744 conferri
731 3687 901 3749 meretur.
956 3669 1016 3745 ab
1067 3664 1182 3737 ssfibffl
1201 3665 1443 3739 formidtbffil
1465 3683 1538 3756 0⁸¹2
1561 3672 1625 3741 ”d
1647 3669 1865 3743 2¹1³dess
1888 3671 1930 3742 5¹¹
1947 3673 2070 3746 offitio

123 3768 290 3843 biderico
313 3770 508 3845 Germania
527 3788 635 3871 atque
654 3776 754 3849 italia
776 3777 940 3846 maximis
963 3777 1017 3847 la·
1066 3769 1222 3841 relinere
1240 3770 1412 3847 studebit.
1464 3769 1564 3862 Quid
1587 3775 1633 3844 de
1653 3772 1838 3846 tridento
1858 3790 1990 3869 nepotc
2010 3777 2069 3848 di·

123 3894 169 3947 υ
185 3886 220 3944 ct
237 3874 406 3967 periculis
420 3891 565 3968 pacatae
577 3892 672 3954 sunt.
708 3874 821 3950 Arma
833 3881 874 3950 in
892 3877 1015 3950 Asiam
1067 3896 1165 3958 cam,
1189 3872 1294 3945 cuius
1308 3869 1550 3966 pulcherrima
1566 3878 1737 3960 consilia,
1760 3877 1885 3948 sinon
1896 3878 2069 3973 impedis-

123 3998 141 4049 a
153 3977 344 4064 translata,
368 3975 566 4051 Suladinos
580 4005 762 4077 repressus
774 3995 845 4068 est,
868 3994 903 4053 et
920 3983 1015 4053 bona
1066 3988 1146 4047 seut
1161 3972 1321 4048 Romani
1335 3974 1545 4066 Pontifices,
1569 4004 1646 4051 non
1661 3980 1772 4052 aliurn
1786 3974 1970 4053 habuisset
1992 3982 2069 4054 uti-

123 4093 244 4175 tparte
267 4083 312 4151 ad
337 4075 531 4153 Armenias
549 4107 663 4179 usque
686 4085 864 4178 expulsus.
913 4080 1016 4156 Nibil
1065 4077 1195 4149 liorem
1227 4076 1433 4172 Principem
1466 4077 1675 4158 Germania.
1735 4080 1923 4175 ingenium
1956 4084 1997 4155 in
2023 4109 2069 4155 eo

123 4184 189 4257 bct
204 4184 385 4266 attollere,
410 4199 473 4257 aut
485 4187 719 4279 amplificare,
743 4202 883 4260 tantum
898 4201 1014 4259 extre-
1067 4181 1281 4252 acerrimum
1303 4182 1394 4269 suit,
1418 4206 1547 4274 magna
1566 4186 1675 4256 mam
1695 4185 1884 4258 literarum
1906 4186 2068 4272 scicntia,

124 4285 223 4380 igitis
233 4287 362 4358 leviter
374 4290 512 4380 attingo
526 4313 583 4361 res
599 4291 702 4362 istius
716 4303 840 4382 gestas.
879 4289 1015 4362 Verum
1067 4297 1104 4356 et
1118 4285 1271 4356 utaliud
1285 4285 1373 4355 boni
1388 4281 1483 4356 nihil
1494 4288 1725 4380 praestiterit,
1734 4311 1900 4380 magnam
1915 4289 2066 4382 illigra·

123 4412 207 4487 psos
226 4390 384 4480 cogitare
407 4386 477 4461 hoc
503 4394 543 4462 in
573 4393 652 4465 loco
678 4393 808 4479 velim,
838 4409 1014 4488 quantum
1066 4386 1154 4459 tiam
1170 4389 1360 4474 debemus,
1386 4391 1486 4484 quod
1502 4393 1642 4463 curavit
1662 4392 1702 4461 in
1715 4390 1884 4464 Latinam
1905 4393 2067 4484 linquam

123 4494 231 4566 icium
259 4493 297 4563 id
329 4495 499 4586 temporis
529 4495 569 4565 in
595 4493 780 4590 Europam
811 4496 1015 4581 contulerit,
1065 4490 1283 4561 convertier
1298 4489 1509 4564 saracenico
1525 4489 1772 4588 sermoncsdv
1792 4486 1961 4594 μεγάλην
1973 4487 2067 4567 σύν-

123 4597 274 4668 lissimls
288 4590 451 4668 hostibus
464 4598 645 4691 repressis,
663 4613 699 4672 et
713 4599 838 4692 procul
850 4599 897 4670 ab
912 4598 1015 4671 ltalia
1063 4592 1171 4675 ταξιν
1184 4590 1401 4682 Ptolemaci;
1433 4618 1517 4666 nam
1533 4598 1670 4692 absque
1682 4621 1726 4669 eo
1739 4596 1834 4669 libro
1850 4610 1928 4670 tota
1936 4594 2068 4670 Astro-

123 4701 267 4773 rmania
288 4700 489 4776 summotis.
539 4699 645 4773 Nunc
666 4703 796 4773 videtis
811 4714 948 4797 quanto
975 4703 1015 4773 in
1064 4696 1189 4768 nomia
1209 4697 1373 4769 funditus
1392 4698 1595 4773 interiisset.
1655 4698 1781 4794 ltaque
1802 4698 1933 4770 Suevis
1953 4700 2067 4770 debe·

123 4805 178 4878 ulo
193 4805 322 4883 simus,
347 4802 431 4896 quia
445 4804 510 4874 diu
526 4805 709 4875 neminem
723 4804 881 4876 similem
895 4819 1015 4876 custo·
1066 4822 1158 4886 snus,
1176 4802 1276 4894 quod
1291 4800 1429 4896 reliqua
1443 4814 1497 4872 est
1511 4802 1573 4872 illa
1582 4796 1837 4895 Philosophiae
1850 4824 1943 4894 pars,
1957 4826 2067 4897 quam

123 4906 258 5003 imperii
279 4900 388 4975 buius
399 4900 604 4981 babuimus.
654 4907 721 4979 llle
732 4909 858 5001 procul
873 4909 914 4978 in
927 4906 1016 4979 Asia
1064 4901 1144 4974 iure
1165 4902 1299 4973 dixeris
1316 4906 1656 4996 praestantissimam
1679 4927 1765 4978 essa.
1826 4903 1960 4996 Magna
1987 4906 2066 4976 laus

123 5014 264 5085 endum
277 5007 347 5079 sibi
361 5002 500 5080 hostem
515 5033 590 5081 csse
611 5011 731 5099 duait,
756 5010 937 5107 sensitque
958 5035 1015 5082 se·
1064 5019 1117 5077 est
1136 5005 1317 5077 invenisse
1337 5021 1431 5078 artes
1451 5008 1558 5081 utiles
1579 5001 1666 5080 boic
1681 5008 1797 5090 vitae,
1818 5008 1882 5079 scd
1895 5033 1973 5080 non
1989 5007 2063 5078 mi·

123 5130 193 5189 tom
216 5111 391 5186 auxilium
405 5112 500 5200 iore,
523 5113 555 5183 si
576 5128 756 5206 pateretur
768 5111 950 5185 Barbaros
974 5115 1014 5183 in
1063 5132 1135 5179 nor
1151 5120 1223 5194 est,
1247 5110 1305 5181 vel
1316 5110 1514 5182 restituisse
1528 5109 1589 5182 vel
1598 5134 1836 5187 conservasse.
1872 5110 2065 5206 Siquidem

123 5240 161 5291 os
174 5218 263 5288 bnes
276 5235 359 5287 suas
374 5216 494 5309 copias
507 5218 705 5288 traducere.
755 5215 861 5288 Nunc
874 5241 956 5288 cnm
974 5217 1013 5286 in
1064 5212 1103 5282 in
1119 5213 1245 5304 primis
1259 5215 1299 5283 in
1315 5212 1434 5285 literis
1453 5211 1522 5284 hoc
1536 5214 1699 5285 accidere
1713 5213 1895 5300 videmus,
1921 5227 1962 5285 ut
1987 5234 2066 5283 non

123 5312 298 5393 restibulo
321 5314 538 5390 Germaniae
568 5320 794 5392 constiterint
815 5319 1014 5392 saevissimi
1063 5315 1185 5390 minus
1206 5315 1345 5406 negocii
1370 5316 1417 5389 sit
1440 5340 1650 5389 conservare
1672 5317 1856 5403 inventas,
1879 5339 1986 5410 quam
2005 5315 2067 5383 io-

123 5447 175 5512 se,
199 5447 241 5495 ac
259 5421 554 5492 florentissimum
577 5420 713 5515 Regem
733 5446 845 5514 regno
866 5436 1013 5494 erutum
1063 5420 1200 5495 venire.
1250 5418 1392 5490 Videtis
1408 5421 1532 5515 quales
1548 5418 1787 5513 imperatores
1801 5417 1934 5492 Socvia
1957 5416 2065 5488 nobis

123 5542 212 5603 uun
225 5551 269 5598 ex
282 5525 357 5597 acie
373 5547 467 5619 pene
480 5527 528 5597 ob
547 5527 673 5599 oeulos
693 5540 837 5599 nostros
854 5525 1013 5598 trucida-
1062 5522 1236 5610 ediderit,
1261 5521 1326 5618 qui
1341 5522 1413 5594 nisi
1434 5523 1522 5594 belli
1536 5523 1703 5619 pacisque
1717 5522 1812 5595 artes
1825 5543 1954 5594 omncs
1967 5520 2066 5615 apud
