<?xml version="1.0" encoding="UTF-8"?>
<!DOCTYPE html PUBLIC "-//W3C//DTD XHTML 1.0 Transitional//EN"
    "http://www.w3.org/TR/xhtml1/DTD/xhtml1-transitional.dtd">
<html xmlns="http://www.w3.org/1999/xhtml" xml:lang="en" lang="en">
 <head>
  <title>
</title>
<meta http-equiv="Content-Type" content="text/html;charset=utf-8" />
  <meta name='ocr-system' content='tesseract 3.04.00' />
  <meta name='ocr-capabilities' content='ocr_page ocr_carea ocr_par ocr_line ocrx_word'/>
</head>
<body>
  <div class='ocr_page' id='page_1' title='image "./philippimelanth00bretgoog_0116.png"; bbox 0 0 4664 6022; ppageno 0'>
   <div class='ocr_carea' id='block_1_1' title="bbox 45 254 2101 359">
    <p class='ocr_par' dir='ltr' id='par_1_1' title="bbox 45 254 2101 359">
     <span class='ocr_line' id='line_1_1' title="bbox 45 254 2101 359; baseline 0.011 -27"><span class='ocrx_word' id='word_1_1' title='bbox 45 272 121 359; x_wconf 58' lang='grc' dir='ltr'>,ω</span> <span class='ocrx_word' id='word_1_2' title='bbox 633 260 794 341; x_wconf 77' lang='lat' dir='ltr'>nuci.</span> <span class='ocrx_word' id='word_1_3' title='bbox 835 256 912 337; x_wconf 85' lang='lat' dir='ltr'>nn</span> <span class='ocrx_word' id='word_1_4' title='bbox 945 254 1177 339; x_wconf 81' lang='lat' dir='ltr'>onoma</span> <span class='ocrx_word' id='word_1_5' title='bbox 1209 261 1511 342; x_wconf 77' lang='lat' dir='ltr'>nisenam..</span> <span class='ocrx_word' id='word_1_6' title='bbox 2023 266 2101 357; x_wconf 75' lang='lat' dir='ltr'>tio</span> 
     </span>
    </p>
   </div>
   <div class='ocr_carea' id='block_1_2' title="bbox 44 432 2097 2769">
    <p class='ocr_par' dir='ltr' id='par_1_2' title="bbox 44 432 2097 1579">
     <span class='ocr_line' id='line_1_2' title="bbox 44 432 2085 553; baseline 0.017 -34"><span class='ocrx_word' id='word_1_7' title='bbox 44 468 128 519; x_wconf 88' lang='lat' dir='ltr'>uam</span> <span class='ocrx_word' id='word_1_8' title='bbox 160 468 270 516; x_wconf 86' lang='lat' dir='ltr'>nemo</span> <span class='ocrx_word' id='word_1_9' title='bbox 299 443 448 537; x_wconf 76' lang='lat' dir='ltr'><strong>expetit,</strong></span> <span class='ocrx_word' id='word_1_10' title='bbox 486 441 521 511; x_wconf 93' lang='lat' dir='ltr'>id</span> <span class='ocrx_word' id='word_1_11' title='bbox 546 441 717 530; x_wconf 70' lang='lat' dir='ltr'>signum,</span> <span class='ocrx_word' id='word_1_12' title='bbox 751 452 792 511; x_wconf 90' lang='lat' dir='ltr'>ut</span> <span class='ocrx_word' id='word_1_13' title='bbox 823 433 1049 507; x_wconf 65' lang='lat' dir='ltr'>Medlfflfflm</span> <span class='ocrx_word' id='word_1_14' title='bbox 1176 432 1257 513; x_wconf 54' lang='lat' dir='ltr'>&#39;El-</span> <span class='ocrx_word' id='word_1_15' title='bbox 1269 434 1787 533; x_wconf 56' lang='lat' dir='ltr'>q⁰l³lm⁸&#39;f⁹⁰blllh&#39;uothine</span> <span class='ocrx_word' id='word_1_16' title='bbox 1803 459 1957 546; x_wconf 83' lang='lat' dir='ltr'>habetur¹</span> <span class='ocrx_word' id='word_1_17' title='bbox 1972 474 2085 553; x_wconf 75' lang='lat' dir='ltr'>oratio</span> 
     </span>
     <span class='ocr_line' id='line_1_3' title="bbox 45 532 2097 655; baseline 0.022 -44"><span class='ocrx_word' id='word_1_18' title='bbox 45 572 146 623; x_wconf 77' lang='lat' dir='ltr'>more</span> <span class='ocrx_word' id='word_1_19' title='bbox 171 549 318 643; x_wconf 89' lang='lat' dir='ltr'>loquar,</span> <span class='ocrx_word' id='word_1_20' title='bbox 356 543 733 627; x_wconf 88' lang='lat' dir='ltr'>decernitinteritum;</span> <span class='ocrx_word' id='word_1_21' title='bbox 766 541 828 610; x_wconf 90' lang='lat' dir='ltr'>sed</span> <span class='ocrx_word' id='word_1_22' title='bbox 849 537 1050 633; x_wconf 85' lang='lat' dir='ltr'>nolo&#39;male</span> <span class='ocrx_word' id='word_1_23' title='bbox 1101 552 1240 611; x_wconf 83' lang='lat' dir='ltr'>tantuin</span> <span class='ocrx_word' id='word_1_24' title='bbox 1262 542 1333 629; x_wconf 67' lang='lat' dir='ltr'>;e5l</span> <span class='ocrx_word' id='word_1_25' title='bbox 1358 543 1522 616; x_wconf 82' lang='lat' dir='ltr'>tribiletis</span> <span class='ocrx_word' id='word_1_26' title='bbox 1568 532 1786 644; x_wconf 75' lang='lat' dir='ltr'>autoritatis,</span> <span class='ocrx_word' id='word_1_27' title='bbox 1834 532 2097 655; x_wconf 53' lang='lat' dir='ltr'>Adulescentes,</span> 
     </span>
     <span class='ocr_line' id='line_1_4' title="bbox 44 633 2095 762; baseline 0.016 -43"><span class='ocrx_word' id='word_1_28' title='bbox 44 652 214 725; x_wconf 88' lang='lat' dir='ltr'>ominari.</span> <span class='ocrx_word' id='word_1_29' title='bbox 273 646 323 721; x_wconf 81' lang='lat' dir='ltr'>Et</span> <span class='ocrx_word' id='word_1_30' title='bbox 345 647 594 741; x_wconf 90' lang='lat' dir='ltr'>utaliquando</span> <span class='ocrx_word' id='word_1_31' title='bbox 618 647 725 713; x_wconf 87' lang='lat' dir='ltr'>linem</span> <span class='ocrx_word' id='word_1_32' title='bbox 743 643 890 725; x_wconf 90' lang='lat' dir='ltr'>faciam,</span> <span class='ocrx_word' id='word_1_33' title='bbox 916 633 1049 709; x_wconf 88' lang='lat' dir='ltr'>adhor-</span> <span class='ocrx_word' id='word_1_34' title='bbox 1101 654 1273 735; x_wconf 87' lang='lat' dir='ltr'>qu&#39;antum</span> <span class='ocrx_word' id='word_1_35' title='bbox 1297 645 1505 717; x_wconf 80' lang='lat' dir='ltr'>existimatis</span> <span class='ocrx_word' id='word_1_36' title='bbox 1529 654 1602 721; x_wconf 81' lang='lat' dir='ltr'>esie</span> <span class='ocrx_word' id='word_1_37' title='bbox 1619 656 1657 724; x_wconf 90' lang='lat' dir='ltr'>in</span> <span class='ocrx_word' id='word_1_38' title='bbox 1677 653 1744 731; x_wconf 89' lang='lat' dir='ltr'>hoc</span> <span class='ocrx_word' id='word_1_39' title='bbox 1762 669 1909 762; x_wconf 87' lang='lat' dir='ltr'>collegio</span> <span class='ocrx_word' id='word_1_40' title='bbox 1935 637 2095 756; x_wconf 77' lang='lat' dir='ltr'>viroriini</span> 
     </span>
     <span class='ocr_line' id='line_1_5' title="bbox 44 742 2097 869; baseline 0.016 -41"><span class='ocrx_word' id='word_1_41' title='bbox 44 770 211 837; x_wconf 84' lang='lat' dir='ltr'>torvos,</span> <span class='ocrx_word' id='word_1_42' title='bbox 245 751 308 845; x_wconf 91' lang='lat' dir='ltr'>qui</span> <span class='ocrx_word' id='word_1_43' title='bbox 328 750 420 821; x_wconf 89' lang='lat' dir='ltr'>datis</span> <span class='ocrx_word' id='word_1_44' title='bbox 443 773 587 841; x_wconf 80' lang='lat' dir='ltr'>operam</span> <span class='ocrx_word' id='word_1_45' title='bbox 604 746 827 824; x_wconf 77' lang='lat' dir='ltr'>Medicinae,</span> <span class='ocrx_word' id='word_1_46' title='bbox 853 742 1049 831; x_wconf 87' lang='lat' dir='ltr'>utmagni-</span> <span class='ocrx_word' id='word_1_47' title='bbox 1101 745 1317 836; x_wconf 83' lang='lat' dir='ltr'>optimorum</span> <span class='ocrx_word' id='word_1_48' title='bbox 1347 749 1705 846; x_wconf 76' lang='lat' dir='ltr'>etdoctissimorum,</span> <span class='ocrx_word' id='word_1_49' title='bbox 1743 786 2010 869; x_wconf 88' lang='lat' dir='ltr'>praeceptorum</span> <span class='ocrx_word' id='word_1_50' title='bbox 2034 814 2097 859; x_wconf 86' lang='lat' dir='ltr'>ve·</span> 
     </span>
     <span class='ocr_line' id='line_1_6' title="bbox 44 843 2089 974; baseline 0.017 -45"><span class='ocrx_word' id='word_1_51' title='bbox 44 856 211 929; x_wconf 76' lang='lat' dir='ltr'>tudinem</span> <span class='ocrx_word' id='word_1_52' title='bbox 236 867 273 923; x_wconf 91' lang='lat' dir='ltr'>et</span> <span class='ocrx_word' id='word_1_53' title='bbox 293 853 501 943; x_wconf 90' lang='lat' dir='ltr'>dignitatem</span> <span class='ocrx_word' id='word_1_54' title='bbox 524 849 753 942; x_wconf 84' lang='lat' dir='ltr'>professionis</span> <span class='ocrx_word' id='word_1_55' title='bbox 774 859 909 914; x_wconf 90' lang='lat' dir='ltr'>vestrae</span> <span class='ocrx_word' id='word_1_56' title='bbox 929 843 1049 913; x_wconf 89' lang='lat' dir='ltr'>consi·</span> <span class='ocrx_word' id='word_1_57' title='bbox 1101 862 1274 930; x_wconf 91' lang='lat' dir='ltr'>strorum,</span> <span class='ocrx_word' id='word_1_58' title='bbox 1307 849 1370 941; x_wconf 88' lang='lat' dir='ltr'>qui</span> <span class='ocrx_word' id='word_1_59' title='bbox 1391 846 1480 919; x_wconf 88' lang='lat' dir='ltr'>mihi</span> <span class='ocrx_word' id='word_1_60' title='bbox 1512 848 1603 925; x_wconf 90' lang='lat' dir='ltr'>hanc</span> <span class='ocrx_word' id='word_1_61' title='bbox 1628 885 1813 949; x_wconf 81' lang='lat' dir='ltr'>personam</span> <span class='ocrx_word' id='word_1_62' title='bbox 1837 862 2089 974; x_wconf 85' lang='lat' dir='ltr'>imposuerunt¹</span> 
     </span>
     <span class='ocr_line' id='line_1_7' title="bbox 44 943 2096 1067; baseline 0.019 -39"><span class='ocrx_word' id='word_1_63' title='bbox 44 958 191 1032; x_wconf 86' lang='lat' dir='ltr'>deretis.</span> <span class='ocrx_word' id='word_1_64' title='bbox 252 954 381 1027; x_wconf 78' lang='lat' dir='ltr'>sicarii</span> <span class='ocrx_word' id='word_1_65' title='bbox 404 966 489 1024; x_wconf 84' lang='lat' dir='ltr'>sunt</span> <span class='ocrx_word' id='word_1_66' title='bbox 511 977 586 1023; x_wconf 92' lang='lat' dir='ltr'>non</span> <span class='ocrx_word' id='word_1_67' title='bbox 610 950 766 1035; x_wconf 86' lang='lat' dir='ltr'>Medici,</span> <span class='ocrx_word' id='word_1_68' title='bbox 799 949 862 1040; x_wconf 90' lang='lat' dir='ltr'>qui</span> <span class='ocrx_word' id='word_1_69' title='bbox 888 960 1049 1034; x_wconf 88' lang='lat' dir='ltr'>aegrotos</span> <span class='ocrx_word' id='word_1_70' title='bbox 1100 948 1190 1018; x_wconf 87' lang='lat' dir='ltr'>Nam</span> <span class='ocrx_word' id='word_1_71' title='bbox 1215 944 1345 1019; x_wconf 91' lang='lat' dir='ltr'>horum</span> <span class='ocrx_word' id='word_1_72' title='bbox 1369 954 1528 1024; x_wconf 89' lang='lat' dir='ltr'>omnium</span> <span class='ocrx_word' id='word_1_73' title='bbox 1554 966 1745 1053; x_wconf 88' lang='lat' dir='ltr'>sententia,</span> <span class='ocrx_word' id='word_1_74' title='bbox 1778 998 1853 1048; x_wconf 89' lang='lat' dir='ltr'>mea</span> <span class='ocrx_word' id='word_1_75' title='bbox 1871 1008 1956 1059; x_wconf 92' lang='lat' dir='ltr'>voce</span> <span class='ocrx_word' id='word_1_76' title='bbox 1973 994 2016 1060; x_wconf 82' lang='lat' dir='ltr'>acl</span> <span class='ocrx_word' id='word_1_77' title='bbox 2034 943 2096 1067; x_wconf 70' lang='lat' dir='ltr'>voi</span> 
     </span>
     <span class='ocr_line' id='line_1_8' title="bbox 45 1049 2068 1165; baseline 0.012 -29"><span class='ocrx_word' id='word_1_78' title='bbox 45 1061 252 1151; x_wconf 74' lang='lat' dir='ltr'>attingunt„</span> <span class='ocrx_word' id='word_1_79' title='bbox 277 1059 306 1129; x_wconf 86' lang='lat' dir='ltr'>si</span> <span class='ocrx_word' id='word_1_80' title='bbox 329 1055 443 1127; x_wconf 88' lang='lat' dir='ltr'>sciant</span> <span class='ocrx_word' id='word_1_81' title='bbox 467 1078 567 1125; x_wconf 88' lang='lat' dir='ltr'>suam</span> <span class='ocrx_word' id='word_1_82' title='bbox 591 1053 766 1123; x_wconf 87' lang='lat' dir='ltr'>inscitiam</span> <span class='ocrx_word' id='word_1_83' title='bbox 785 1050 858 1119; x_wconf 88' lang='lat' dir='ltr'>illis</span> <span class='ocrx_word' id='word_1_84' title='bbox 873 1049 1049 1139; x_wconf 88' lang='lat' dir='ltr'>periculo·</span> <span class='ocrx_word' id='word_1_85' title='bbox 1103 1053 1296 1141; x_wconf 78' lang='lat' dir='ltr'>perfertur,</span> <span class='ocrx_word' id='word_1_86' title='bbox 1323 1053 1384 1145; x_wconf 90' lang='lat' dir='ltr'>qui</span> <span class='ocrx_word' id='word_1_87' title='bbox 1400 1079 1481 1124; x_wconf 85' lang='lat' dir='ltr'>cnm</span> <span class='ocrx_word' id='word_1_88' title='bbox 1497 1060 1599 1129; x_wconf 89' lang='lat' dir='ltr'>vohis</span> <span class='ocrx_word' id='word_1_89' title='bbox 1609 1069 1743 1155; x_wconf 90' lang='lat' dir='ltr'>optime</span> <span class='ocrx_word' id='word_1_90' title='bbox 1757 1082 1956 1157; x_wconf 83' lang='lat' dir='ltr'>consultum</span> <span class='ocrx_word' id='word_1_91' title='bbox 1974 1095 2068 1165; x_wconf 89' lang='lat' dir='ltr'>velin</span> 
     </span>
     <span class='ocr_line' id='line_1_9' title="bbox 49 1113 2095 1267; baseline 0.017 -37"><span class='ocrx_word' id='word_1_92' title='bbox 49 1188 118 1235; x_wconf 78' lang='lat' dir='ltr'>eim</span> <span class='ocrx_word' id='word_1_93' title='bbox 144 1162 241 1235; x_wconf 85' lang='lat' dir='ltr'>fore.</span> <span class='ocrx_word' id='word_1_94' title='bbox 299 1157 438 1230; x_wconf 89' lang='lat' dir='ltr'>Dabitis</span> <span class='ocrx_word' id='word_1_95' title='bbox 461 1157 570 1247; x_wconf 88' lang='lat' dir='ltr'>igitur</span> <span class='ocrx_word' id='word_1_96' title='bbox 599 1178 763 1246; x_wconf 84' lang='lat' dir='ltr'>operam,</span> <span class='ocrx_word' id='word_1_97' title='bbox 797 1166 837 1223; x_wconf 88' lang='lat' dir='ltr'>iit</span> <span class='ocrx_word' id='word_1_98' title='bbox 861 1151 1048 1242; x_wconf 78' lang='lat' dir='ltr'>perfectam</span> <span class='ocrx_word' id='word_1_99' title='bbox 1101 1176 1174 1221; x_wconf 91' lang='lat' dir='ltr'>non</span> <span class='ocrx_word' id='word_1_100' title='bbox 1198 1155 1367 1224; x_wconf 90' lang='lat' dir='ltr'>desinunt</span> <span class='ocrx_word' id='word_1_101' title='bbox 1379 1153 1450 1249; x_wconf 72' lang='lat' dir='ltr'>{vos</span> <span class='ocrx_word' id='word_1_102' title='bbox 1472 1152 1539 1230; x_wconf 90' lang='lat' dir='ltr'>hoe</span> <span class='ocrx_word' id='word_1_103' title='bbox 1567 1163 1605 1232; x_wconf 92' lang='lat' dir='ltr'>in</span> <span class='ocrx_word' id='word_1_104' title='bbox 1635 1169 1713 1239; x_wconf 87' lang='lat' dir='ltr'>loco</span> <span class='ocrx_word' id='word_1_105' title='bbox 1736 1171 1918 1257; x_wconf 89' lang='lat' dir='ltr'>adhortari</span> <span class='ocrx_word' id='word_1_106' title='bbox 1941 1196 1986 1261; x_wconf 90' lang='lat' dir='ltr'>ad</span> <span class='ocrx_word' id='word_1_107' title='bbox 2010 1113 2095 1267; x_wconf 53' lang='lat' dir='ltr'>hit,</span> 
     </span>
     <span class='ocr_line' id='line_1_10' title="bbox 54 1227 2095 1372; baseline 0.021 -41"><span class='ocrx_word' id='word_1_108' title='bbox 54 1264 252 1343; x_wconf 75' lang='lat' dir='ltr'>donriiiam</span> <span class='ocrx_word' id='word_1_109' title='bbox 277 1264 320 1333; x_wconf 92' lang='lat' dir='ltr'>ad</span> <span class='ocrx_word' id='word_1_110' title='bbox 346 1262 543 1331; x_wconf 88' lang='lat' dir='ltr'>curandum</span> <span class='ocrx_word' id='word_1_111' title='bbox 570 1258 735 1329; x_wconf 84' lang='lat' dir='ltr'>afferatis.</span> <span class='ocrx_word' id='word_1_112' title='bbox 790 1250 840 1324; x_wconf 86' lang='lat' dir='ltr'>Et</span> <span class='ocrx_word' id='word_1_113' title='bbox 862 1254 944 1345; x_wconf 83' lang='lat' dir='ltr'>quia</span> <span class='ocrx_word' id='word_1_114' title='bbox 966 1246 1050 1320; x_wconf 77' lang='lat' dir='ltr'>huic</span> <span class='ocrx_word' id='word_1_115' title='bbox 1102 1255 1217 1325; x_wconf 71' lang='lat' dir='ltr'>studia</span> <span class='ocrx_word' id='word_1_116' title='bbox 1242 1256 1410 1338; x_wconf 68' lang='lat' dir='ltr'>colenda,</span> <span class='ocrx_word' id='word_1_117' title='bbox 1444 1286 1533 1353; x_wconf 85' lang='lat' dir='ltr'>quae</span> <span class='ocrx_word' id='word_1_118' title='bbox 1557 1278 1633 1334; x_wconf 88' lang='lat' dir='ltr'>tum</span> <span class='ocrx_word' id='word_1_119' title='bbox 1653 1274 1752 1342; x_wconf 88' lang='lat' dir='ltr'>vobis</span> <span class='ocrx_word' id='word_1_120' title='bbox 1765 1280 1930 1368; x_wconf 90' lang='lat' dir='ltr'>privatim</span> <span class='ocrx_word' id='word_1_121' title='bbox 1947 1227 2095 1372; x_wconf 41' lang='lat' dir='ltr'>hone‘s‘t!c</span> 
     </span>
     <span class='ocr_line' id='line_1_11' title="bbox 54 1328 2094 1474; baseline 0.01 -35"><span class='ocrx_word' id='word_1_122' title='bbox 54 1367 171 1441; x_wconf 83' lang='lat' dir='ltr'>ordini</span> <span class='ocrx_word' id='word_1_123' title='bbox 197 1363 358 1439; x_wconf 74' lang='lat' dir='ltr'>defensio</span> <span class='ocrx_word' id='word_1_124' title='bbox 381 1362 509 1433; x_wconf 86' lang='lat' dir='ltr'>veteris</span> <span class='ocrx_word' id='word_1_125' title='bbox 534 1374 567 1432; x_wconf 91' lang='lat' dir='ltr'>et</span> <span class='ocrx_word' id='word_1_126' title='bbox 591 1380 778 1450; x_wconf 80' lang='lat' dir='ltr'>germanae</span> <span class='ocrx_word' id='word_1_127' title='bbox 802 1348 1049 1446; x_wconf 79' lang='lat' dir='ltr'>philosophiae</span> <span class='ocrx_word' id='word_1_128' title='bbox 1101 1372 1206 1449; x_wconf 89' lang='lat' dir='ltr'>atque</span> <span class='ocrx_word' id='word_1_129' title='bbox 1230 1358 1351 1443; x_wconf 90' lang='lat' dir='ltr'>utilia,</span> <span class='ocrx_word' id='word_1_130' title='bbox 1386 1375 1461 1429; x_wconf 92' lang='lat' dir='ltr'>tum</span> <span class='ocrx_word' id='word_1_131' title='bbox 1485 1360 1639 1456; x_wconf 86' lang='lat' dir='ltr'>Reipuh.</span> <span class='ocrx_word' id='word_1_132' title='bbox 1667 1375 1880 1471; x_wconf 71' lang='lat' dir='ltr'>raineridae</span> <span class='ocrx_word' id='word_1_133' title='bbox 1901 1328 2094 1474; x_wconf 52' lang='lat' dir='ltr'>necess-firi}</span> 
     </span>
     <span class='ocr_line' id='line_1_12' title="bbox 51 1449 2051 1579; baseline 0.02 -47"><span class='ocrx_word' id='word_1_134' title='bbox 51 1466 189 1563; x_wconf 61' lang='grc' dir='ltr'>Λὶψ,</span> <span class='ocrx_word' id='word_1_135' title='bbox 214 1467 461 1559; x_wconf 88' lang='lat' dir='ltr'>commendata</span> <span class='ocrx_word' id='word_1_136' title='bbox 491 1477 562 1549; x_wconf 90' lang='lat' dir='ltr'>est,</span> <span class='ocrx_word' id='word_1_137' title='bbox 595 1461 708 1531; x_wconf 89' lang='lat' dir='ltr'>nolite</span> <span class='ocrx_word' id='word_1_138' title='bbox 740 1459 977 1540; x_wconf 83' lang='lat' dir='ltr'>committere,</span> <span class='ocrx_word' id='word_1_139' title='bbox 1010 1467 1048 1523; x_wconf 90' lang='lat' dir='ltr'>iit</span> <span class='ocrx_word' id='word_1_140' title='bbox 1102 1483 1174 1528; x_wconf 90' lang='lat' dir='ltr'>esse</span> <span class='ocrx_word' id='word_1_141' title='bbox 1190 1459 1360 1533; x_wconf 88' lang='lat' dir='ltr'>indicant.</span> <span class='ocrx_word' id='word_1_142' title='bbox 1411 1461 1547 1558; x_wconf 80' lang='lat' dir='ltr'>siquis</span> <span class='ocrx_word' id='word_1_143' title='bbox 1566 1484 1682 1543; x_wconf 90' lang='lat' dir='ltr'>autem</span> <span class='ocrx_word' id='word_1_144' title='bbox 1699 1472 1805 1551; x_wconf 90' lang='lat' dir='ltr'>huius</span> <span class='ocrx_word' id='word_1_145' title='bbox 1828 1493 1964 1568; x_wconf 88' lang='lat' dir='ltr'>ordinis</span> <span class='ocrx_word' id='word_1_146' title='bbox 1990 1449 2051 1579; x_wconf 67' lang='lat' dir='ltr'>alit</span> 
     </span>
    </p>

    <p class='ocr_par' dir='ltr' id='par_1_3' title="bbox 49 1532 2096 2769">
     <span class='ocr_line' id='line_1_13' title="bbox 49 1532 2094 1676; baseline 0.018 -36"><span class='ocrx_word' id='word_1_147' title='bbox 49 1570 150 1669; x_wconf 81' lang='lat' dir='ltr'>quasi</span> <span class='ocrx_word' id='word_1_148' title='bbox 184 1570 326 1641; x_wconf 68' lang='lat' dir='ltr'>daerta</span> <span class='ocrx_word' id='word_1_149' title='bbox 358 1568 529 1650; x_wconf 90' lang='lat' dir='ltr'>statione,</span> <span class='ocrx_word' id='word_1_150' title='bbox 570 1563 760 1656; x_wconf 87' lang='lat' dir='ltr'>proiecisse</span> <span class='ocrx_word' id='word_1_151' title='bbox 782 1586 821 1630; x_wconf 92' lang='lat' dir='ltr'>ac</span> <span class='ocrx_word' id='word_1_152' title='bbox 852 1557 1050 1651; x_wconf 81' lang='lat' dir='ltr'>prodidisse</span> <span class='ocrx_word' id='word_1_153' title='bbox 1102 1563 1241 1632; x_wconf 90' lang='lat' dir='ltr'>ritatem</span> <span class='ocrx_word' id='word_1_154' title='bbox 1267 1577 1493 1653; x_wconf 84' lang='lat' dir='ltr'>aspernatur,</span> <span class='ocrx_word' id='word_1_155' title='bbox 1534 1584 1569 1640; x_wconf 90' lang='lat' dir='ltr'>et</span> <span class='ocrx_word' id='word_1_156' title='bbox 1594 1573 1724 1649; x_wconf 89' lang='lat' dir='ltr'>iudicia</span> <span class='ocrx_word' id='word_1_157' title='bbox 1754 1598 1949 1669; x_wconf 90' lang='lat' dir='ltr'>contemnit</span> <span class='ocrx_word' id='word_1_158' title='bbox 1976 1532 2094 1676; x_wconf 60' lang='lat' dir='ltr'>homd-</span> 
     </span>
     <span class='ocr_line' id='line_1_14' title="bbox 49 1637 2093 1781; baseline 0.01 -40"><span class='ocrx_word' id='word_1_159' title='bbox 49 1697 128 1749; x_wconf 75' lang='lat' dir='ltr'>eum</span> <span class='ocrx_word' id='word_1_160' title='bbox 147 1671 309 1743; x_wconf 84' lang='lat' dir='ltr'>maximo</span> <span class='ocrx_word' id='word_1_161' title='bbox 322 1669 466 1763; x_wconf 92' lang='lat' dir='ltr'>publico</span> <span class='ocrx_word' id='word_1_162' title='bbox 481 1670 631 1749; x_wconf 88' lang='lat' dir='ltr'>damno,</span> <span class='ocrx_word' id='word_1_163' title='bbox 659 1663 975 1757; x_wconf 86' lang='lat' dir='ltr'>praestantissimas</span> <span class='ocrx_word' id='word_1_164' title='bbox 990 1683 1049 1728; x_wconf 92' lang='lat' dir='ltr'>ar·</span> <span class='ocrx_word' id='word_1_165' title='bbox 1101 1687 1207 1747; x_wconf 78' lang='lat' dir='ltr'>niam,</span> <span class='ocrx_word' id='word_1_166' title='bbox 1240 1687 1314 1732; x_wconf 89' lang='lat' dir='ltr'>non</span> <span class='ocrx_word' id='word_1_167' title='bbox 1339 1666 1454 1736; x_wconf 92' lang='lat' dir='ltr'>solum</span> <span class='ocrx_word' id='word_1_168' title='bbox 1478 1672 1692 1764; x_wconf 88' lang='lat' dir='ltr'>peritorum,</span> <span class='ocrx_word' id='word_1_169' title='bbox 1724 1686 1785 1754; x_wconf 86' lang='lat' dir='ltr'>sed</span> <span class='ocrx_word' id='word_1_170' title='bbox 1805 1692 1910 1766; x_wconf 84' lang='lat' dir='ltr'>etiam</span> <span class='ocrx_word' id='word_1_171' title='bbox 1924 1704 2040 1781; x_wconf 61' lang='lat'>1051),</span> <span class='ocrx_word' id='word_1_172' title='bbox 2062 1637 2093 1679; x_wconf 61' lang='lat'>1</span> 
     </span>
     <span class='ocr_line' id='line_1_15' title="bbox 49 1737 2094 1883; baseline 0.02 -40"><span class='ocrx_word' id='word_1_173' title='bbox 49 1790 97 1849; x_wconf 87' lang='lat' dir='ltr'>tes</span> <span class='ocrx_word' id='word_1_174' title='bbox 114 1774 329 1847; x_wconf 83' lang='lat' dir='ltr'>videamini.</span> <span class='ocrx_word' id='word_1_175' title='bbox 367 1770 529 1863; x_wconf 90' lang='lat' dir='ltr'>Cumque</span> <span class='ocrx_word' id='word_1_176' title='bbox 545 1764 604 1839; x_wconf 90' lang='lat' dir='ltr'>hic</span> <span class='ocrx_word' id='word_1_177' title='bbox 620 1772 709 1839; x_wconf 93' lang='lat' dir='ltr'>ordo</span> <span class='ocrx_word' id='word_1_178' title='bbox 727 1767 869 1835; x_wconf 90' lang='lat' dir='ltr'>duobus</span> <span class='ocrx_word' id='word_1_179' title='bbox 882 1764 952 1831; x_wconf 92' lang='lat' dir='ltr'>iam</span> <span class='ocrx_word' id='word_1_180' title='bbox 969 1762 1048 1829; x_wconf 89' lang='lat' dir='ltr'>mil·</span> <span class='ocrx_word' id='word_1_181' title='bbox 1102 1765 1265 1856; x_wconf 87' lang='lat' dir='ltr'>publicae</span> <span class='ocrx_word' id='word_1_182' title='bbox 1287 1770 1422 1857; x_wconf 90' lang='lat' dir='ltr'>optime</span> <span class='ocrx_word' id='word_1_183' title='bbox 1440 1773 1678 1868; x_wconf 86' lang='lat' dir='ltr'>cupientium,</span> <span class='ocrx_word' id='word_1_184' title='bbox 1711 1784 1750 1853; x_wconf 91' lang='lat' dir='ltr'>in</span> <span class='ocrx_word' id='word_1_185' title='bbox 1773 1783 1841 1863; x_wconf 88' lang='lat' dir='ltr'>hoc</span> <span class='ocrx_word' id='word_1_186' title='bbox 1862 1797 1938 1872; x_wconf 86' lang='lat' dir='ltr'>iure</span> <span class='ocrx_word' id='word_1_187' title='bbox 1955 1737 2094 1883; x_wconf 51' lang='lat' dir='ltr'>des&#39;del-</span> 
     </span>
     <span class='ocr_line' id='line_1_16' title="bbox 50 1838 2094 1955; baseline 0.003 -9"><span class='ocrx_word' id='word_1_188' title='bbox 50 1880 145 1953; x_wconf 82' lang='lat' dir='ltr'>libus</span> <span class='ocrx_word' id='word_1_189' title='bbox 159 1898 360 1954; x_wconf 87' lang='lat' dir='ltr'>annornm,</span> <span class='ocrx_word' id='word_1_190' title='bbox 387 1888 439 1945; x_wconf 90' lang='lat' dir='ltr'>tot</span> <span class='ocrx_word' id='word_1_191' title='bbox 453 1874 549 1943; x_wconf 90' lang='lat' dir='ltr'>euim</span> <span class='ocrx_word' id='word_1_192' title='bbox 564 1884 798 1940; x_wconf 89' lang='lat' dir='ltr'>numerantur</span> <span class='ocrx_word' id='word_1_193' title='bbox 808 1865 947 1935; x_wconf 89' lang='lat' dir='ltr'>anniab</span> <span class='ocrx_word' id='word_1_194' title='bbox 958 1861 1050 1955; x_wconf 90' lang='lat' dir='ltr'>llip-</span> <span class='ocrx_word' id='word_1_195' title='bbox 1102 1870 1212 1936; x_wconf 93' lang='lat' dir='ltr'>randa</span> <span class='ocrx_word' id='word_1_196' title='bbox 1230 1870 1295 1939; x_wconf 91' lang='lat' dir='ltr'>erit</span> <span class='ocrx_word' id='word_1_197' title='bbox 1311 1864 1523 1945; x_wconf 86' lang='lat' dir='ltr'>humanitas.</span> <span class='ocrx_word' id='word_1_198' title='bbox 2019 1838 2029 1878; x_wconf 64' lang='lat'><strong>¹</strong></span> <span class='ocrx_word' id='word_1_199' title='bbox 2056 1840 2094 1885; x_wconf 52' lang='lat' dir='ltr'>e·</span> 
     </span>
     <span class='ocr_line' id='line_1_17' title="bbox 51 1966 2071 2086; baseline 0.018 -37"><span class='ocrx_word' id='word_1_200' title='bbox 51 1992 216 2077; x_wconf 86' lang='lat' dir='ltr'>pocrate,</span> <span class='ocrx_word' id='word_1_201' title='bbox 242 1971 495 2069; x_wconf 82' lang='lat' dir='ltr'>Philosophiae</span> <span class='ocrx_word' id='word_1_202' title='bbox 510 1973 782 2066; x_wconf 80' lang='lat' dir='ltr'>professionem,</span> <span class='ocrx_word' id='word_1_203' title='bbox 814 1991 951 2038; x_wconf 76' lang='lat' dir='ltr'>summa</span> <span class='ocrx_word' id='word_1_204' title='bbox 969 1989 1049 2035; x_wconf 76' lang='lat' dir='ltr'>cum</span> <span class='ocrx_word' id='word_1_205' title='bbox 1203 1966 1299 2040; x_wconf 67' lang='lat' dir='ltr'>Duxi</span> <span class='ocrx_word' id='word_1_206' title='bbox 1316 1987 1432 2043; x_wconf 58' lang='lat' dir='ltr'>“ulem</span> <span class='ocrx_word' id='word_1_207' title='bbox 1449 1998 1511 2046; x_wconf 77' lang='lat' dir='ltr'>V⁰⁵</span> <span class='ocrx_word' id='word_1_208' title='bbox 1525 1973 1768 2061; x_wconf 62' lang='lat' dir='ltr'>ddhffllandos</span> <span class='ocrx_word' id='word_1_209' title='bbox 1787 2021 1860 2070; x_wconf 60' lang='lat' dir='ltr'>esse</span> <span class='ocrx_word' id='word_1_210' title='bbox 1913 2033 1958 2080; x_wconf 89' lang='lat' dir='ltr'>ne</span> <span class='ocrx_word' id='word_1_211' title='bbox 1975 2018 2071 2086; x_wconf 92' lang='lat' dir='ltr'>studi</span> 
     </span>
     <span class='ocr_line' id='line_1_18' title="bbox 51 2046 2093 2189; baseline 0.02 -39"><span class='ocrx_word' id='word_1_212' title='bbox 51 2081 168 2177; x_wconf 79' lang='lat' dir='ltr'>gloria</span> <span class='ocrx_word' id='word_1_213' title='bbox 199 2080 410 2165; x_wconf 86' lang='lat' dir='ltr'>retinuerit,</span> <span class='ocrx_word' id='word_1_214' title='bbox 454 2077 698 2168; x_wconf 86' lang='lat' dir='ltr'>turpissimum</span> <span class='ocrx_word' id='word_1_215' title='bbox 729 2084 818 2141; x_wconf 90' lang='lat' dir='ltr'>esset</span> <span class='ocrx_word' id='word_1_216' title='bbox 851 2093 927 2138; x_wconf 90' lang='lat' dir='ltr'>eam</span> <span class='ocrx_word' id='word_1_217' title='bbox 953 2091 1050 2138; x_wconf 87' lang='lat' dir='ltr'>nune</span> <span class='ocrx_word' id='word_1_218' title='bbox 1105 2071 1314 2141; x_wconf 88' lang='lat' dir='ltr'>inferiorum</span> <span class='ocrx_word' id='word_1_219' title='bbox 1337 2079 1466 2147; x_wconf 90' lang='lat' dir='ltr'>artium</span> <span class='ocrx_word' id='word_1_220' title='bbox 1483 2083 1688 2173; x_wconf 85' lang='lat' dir='ltr'>negligatis,</span> <span class='ocrx_word' id='word_1_221' title='bbox 1722 2118 1812 2187; x_wconf 85' lang='lat' dir='ltr'>quae</span> <span class='ocrx_word' id='word_1_222' title='bbox 1832 2053 1898 2176; x_wconf 67' lang='lat' dir='ltr'>eiii</span> <span class='ocrx_word' id='word_1_223' title='bbox 1915 2117 1960 2183; x_wconf 90' lang='lat' dir='ltr'>ad</span> <span class='ocrx_word' id='word_1_224' title='bbox 2003 2145 2024 2189; x_wconf 95' lang='lat' dir='ltr'>o</span> <span class='ocrx_word' id='word_1_225' title='bbox 2072 2046 2093 2117; x_wconf 38' lang='lat' dir='ltr'><strong><em>Q</em></strong></span> 
     </span>
     <span class='ocr_line' id='line_1_19' title="bbox 53 2140 2094 2292; baseline 0.021 -41"><span class='ocrx_word' id='word_1_226' title='bbox 53 2189 201 2257; x_wconf 81' lang='lat' dir='ltr'>demum</span> <span class='ocrx_word' id='word_1_227' title='bbox 225 2182 398 2253; x_wconf 83' lang='lat' dir='ltr'>amittere.</span> <span class='ocrx_word' id='word_1_228' title='bbox 455 2178 574 2272; x_wconf 86' lang='lat' dir='ltr'>Atque</span> <span class='ocrx_word' id='word_1_229' title='bbox 597 2201 660 2267; x_wconf 90' lang='lat' dir='ltr'>ego</span> <span class='ocrx_word' id='word_1_230' title='bbox 682 2173 819 2246; x_wconf 87' lang='lat' dir='ltr'>tametsi</span> <span class='ocrx_word' id='word_1_231' title='bbox 848 2165 937 2240; x_wconf 89' lang='lat' dir='ltr'>haec</span> <span class='ocrx_word' id='word_1_232' title='bbox 958 2184 1051 2241; x_wconf 90' lang='lat' dir='ltr'>aetas</span> <span class='ocrx_word' id='word_1_233' title='bbox 1102 2174 1177 2243; x_wconf 90' lang='lat' dir='ltr'>lum</span> <span class='ocrx_word' id='word_1_234' title='bbox 1192 2198 1318 2265; x_wconf 91' lang='lat' dir='ltr'>parum</span> <span class='ocrx_word' id='word_1_235' title='bbox 1333 2171 1467 2251; x_wconf 90' lang='lat' dir='ltr'>hahent</span> <span class='ocrx_word' id='word_1_236' title='bbox 1481 2189 1745 2282; x_wconf 87' lang='lat' dir='ltr'>ostentationis,</span> <span class='ocrx_word' id='word_1_237' title='bbox 1769 2213 1885 2277; x_wconf 85' lang='lat' dir='ltr'>tamen</span> <span class='ocrx_word' id='word_1_238' title='bbox 1901 2218 1944 2282; x_wconf 88' lang='lat' dir='ltr'>ad</span> <span class='ocrx_word' id='word_1_239' title='bbox 1964 2140 2003 2288; x_wconf 73' lang='lat' dir='ltr'>ch</span> <span class='ocrx_word' id='word_1_240' title='bbox 2027 2146 2094 2292; x_wconf 48' lang='lat' dir='ltr'>hu·</span> 
     </span>
     <span class='ocr_line' id='line_1_20' title="bbox 52 2246 2095 2391; baseline 0.018 -36"><span class='ocrx_word' id='word_1_241' title='bbox 52 2288 246 2385; x_wconf 76' lang='lat' dir='ltr'>plusquam</span> <span class='ocrx_word' id='word_1_242' title='bbox 268 2284 383 2355; x_wconf 87' lang='lat' dir='ltr'>ferrea</span> <span class='ocrx_word' id='word_1_243' title='bbox 404 2294 455 2353; x_wconf 91' lang='lat' dir='ltr'>est</span> <span class='ocrx_word' id='word_1_244' title='bbox 471 2279 576 2351; x_wconf 91' lang='lat' dir='ltr'>bonis</span> <span class='ocrx_word' id='word_1_245' title='bbox 592 2281 699 2349; x_wconf 88' lang='lat' dir='ltr'>rebus</span> <span class='ocrx_word' id='word_1_246' title='bbox 722 2276 908 2358; x_wconf 76' lang='lat' dir='ltr'>omnibus,</span> <span class='ocrx_word' id='word_1_247' title='bbox 934 2286 1051 2342; x_wconf 65' lang='lat' dir='ltr'>[³¹⁰⁰ss</span> <span class='ocrx_word' id='word_1_248' title='bbox 1103 2277 1250 2345; x_wconf 64' lang='lat' dir='ltr'>⁵⁶0⁰d³⁸</span> <span class='ocrx_word' id='word_1_249' title='bbox 1270 2281 1467 2370; x_wconf 62' lang='lat' dir='ltr'>⁸¹¹P0150f0⁵</span> <span class='ocrx_word' id='word_1_250' title='bbox 1486 2299 1601 2372; x_wconf 62' lang='lat' dir='ltr'>“ms</span> <span class='ocrx_word' id='word_1_251' title='bbox 1627 2316 1717 2384; x_wconf 79' lang='lat' dir='ltr'>quae</span> <span class='ocrx_word' id='word_1_252' title='bbox 1734 2305 1920 2385; x_wconf 85' lang='lat' dir='ltr'>continent</span> <span class='ocrx_word' id='word_1_253' title='bbox 1939 2246 2035 2391; x_wconf 61' lang='lat' dir='ltr'>adai·</span> <span class='ocrx_word' id='word_1_254' title='bbox 2054 2251 2095 2345; x_wconf 51' lang='lat' dir='ltr'><strong>q</strong></span> 
     </span>
     <span class='ocr_line' id='line_1_21' title="bbox 53 2352 2096 2481; baseline 0.01 -24"><span class='ocrx_word' id='word_1_255' title='bbox 53 2390 173 2481; x_wconf 75' lang='lat' dir='ltr'>erigor</span> <span class='ocrx_word' id='word_1_256' title='bbox 189 2387 454 2476; x_wconf 79' lang='lat' dir='ltr'>interdum&#39;spe</span> <span class='ocrx_word' id='word_1_257' title='bbox 470 2384 642 2477; x_wconf 89' lang='lat' dir='ltr'>quadam,</span> <span class='ocrx_word' id='word_1_258' title='bbox 668 2405 747 2451; x_wconf 89' lang='lat' dir='ltr'>cum</span> <span class='ocrx_word' id='word_1_259' title='bbox 766 2376 961 2446; x_wconf 84' lang='lat' dir='ltr'>nonnullos</span> <span class='ocrx_word' id='word_1_260' title='bbox 979 2375 1052 2443; x_wconf 89' lang='lat' dir='ltr'>vir·</span> <span class='ocrx_word' id='word_1_261' title='bbox 1104 2378 1309 2449; x_wconf 84' lang='lat' dir='ltr'>strationem</span> <span class='ocrx_word' id='word_1_262' title='bbox 1328 2379 1484 2475; x_wconf 89' lang='lat' dir='ltr'>Reipub.</span> <span class='ocrx_word' id='word_1_263' title='bbox 1507 2384 1602 2458; x_wconf 74' lang='lat' dir='ltr'>&#39;viam</span> <span class='ocrx_word' id='word_1_264' title='bbox 1619 2404 1793 2476; x_wconf 89' lang='lat' dir='ltr'>sternunt.</span> <span class='ocrx_word' id='word_1_265' title='bbox 2023 2352 2096 2397; x_wconf 54' lang='lat' dir='ltr'>ml·</span> 
     </span>
     <span class='ocr_line' id='line_1_22' title="bbox 54 2477 1797 2579; baseline 0.007 -15"><span class='ocrx_word' id='word_1_266' title='bbox 54 2494 139 2565; x_wconf 87' lang='lat' dir='ltr'>tutis</span> <span class='ocrx_word' id='word_1_267' title='bbox 157 2512 265 2559; x_wconf 89' lang='lat' dir='ltr'>causa</span> <span class='ocrx_word' id='word_1_268' title='bbox 282 2484 370 2559; x_wconf 91' lang='lat' dir='ltr'>haec</span> <span class='ocrx_word' id='word_1_269' title='bbox 384 2487 501 2556; x_wconf 88' lang='lat' dir='ltr'>studia</span> <span class='ocrx_word' id='word_1_270' title='bbox 525 2498 595 2552; x_wconf 90' lang='lat' dir='ltr'>tota</span> <span class='ocrx_word' id='word_1_271' title='bbox 619 2497 737 2551; x_wconf 89' lang='lat' dir='ltr'>niente</span> <span class='ocrx_word' id='word_1_272' title='bbox 763 2495 907 2571; x_wconf 89' lang='lat' dir='ltr'>totoque</span> <span class='ocrx_word' id='word_1_273' title='bbox 932 2477 1050 2546; x_wconf 89' lang='lat' dir='ltr'>animo</span> <span class='ocrx_word' id='word_1_274' title='bbox 1104 2484 1149 2550; x_wconf 89' lang='lat' dir='ltr'>de</span> <span class='ocrx_word' id='word_1_275' title='bbox 1169 2482 1296 2552; x_wconf 87' lang='lat' dir='ltr'>ordine</span> <span class='ocrx_word' id='word_1_276' title='bbox 1320 2485 1479 2555; x_wconf 89' lang='lat' dir='ltr'>discendi</span> <span class='ocrx_word' id='word_1_277' title='bbox 1503 2513 1613 2579; x_wconf 89' lang='lat' dir='ltr'>pauca</span> <span class='ocrx_word' id='word_1_278' title='bbox 1626 2500 1797 2576; x_wconf 87' lang='lat' dir='ltr'>addemus</span> 
     </span>
     <span class='ocr_line' id='line_1_23' title="bbox 57 2577 1052 2685; baseline -0.003 -25"><span class='ocrx_word' id='word_1_279' title='bbox 57 2591 246 2685; x_wconf 81' lang='lat' dir='ltr'>complecti</span> <span class='ocrx_word' id='word_1_280' title='bbox 262 2591 518 2659; x_wconf 89' lang='lat' dir='ltr'>animadverto.</span> <span class='ocrx_word' id='word_1_281' title='bbox 571 2582 619 2655; x_wconf 86' lang='lat' dir='ltr'>Et</span> <span class='ocrx_word' id='word_1_282' title='bbox 635 2587 662 2653; x_wconf 90' lang='lat' dir='ltr'>si</span> <span class='ocrx_word' id='word_1_283' title='bbox 680 2583 759 2677; x_wconf 87' lang='lat' dir='ltr'>quis</span> <span class='ocrx_word' id='word_1_284' title='bbox 775 2600 825 2651; x_wconf 86' lang='lat' dir='ltr'>cst</span> <span class='ocrx_word' id='word_1_285' title='bbox 836 2577 1052 2657; x_wconf 63' lang='lat' dir='ltr'>huiusmodi,</span> 
     </span>
     <span class='ocr_line' id='line_1_24' title="bbox 57 2682 1053 2769; baseline -0.016 0"><span class='ocrx_word' id='word_1_286' title='bbox 57 2692 140 2769; x_wconf 85' lang='lat' dir='ltr'>huic</span> <span class='ocrx_word' id='word_1_287' title='bbox 157 2717 299 2765; x_wconf 86' lang='lat' dir='ltr'>sumina</span> <span class='ocrx_word' id='word_1_288' title='bbox 316 2693 520 2769; x_wconf 89' lang='lat' dir='ltr'>voluntate,</span> <span class='ocrx_word' id='word_1_289' title='bbox 547 2683 643 2757; x_wconf 90' lang='lat' dir='ltr'>hune</span> <span class='ocrx_word' id='word_1_290' title='bbox 661 2683 949 2755; x_wconf 90' lang='lat' dir='ltr'>honestissimum</span> <span class='ocrx_word' id='word_1_291' title='bbox 968 2682 1053 2752; x_wconf 88' lang='lat' dir='ltr'>titu·</span> 
     </span>
    </p>
   </div>
   <div class='ocr_carea' id='block_1_3' title="bbox 55 2785 790 2879">
    <p class='ocr_par' dir='ltr' id='par_1_4' title="bbox 55 2785 790 2879">
     <span class='ocr_line' id='line_1_25' title="bbox 55 2785 790 2879; baseline -0.02 -8"><span class='ocrx_word' id='word_1_292' title='bbox 55 2800 129 2871; x_wconf 88' lang='lat' dir='ltr'>lum</span> <span class='ocrx_word' id='word_1_293' title='bbox 144 2797 385 2879; x_wconf 86' lang='lat' dir='ltr'>Doctoratus,</span> <span class='ocrx_word' id='word_1_294' title='bbox 410 2791 644 2863; x_wconf 89' lang='lat' dir='ltr'>decernimus.</span> <span class='ocrx_word' id='word_1_295' title='bbox 693 2785 790 2858; x_wconf 83' lang='lat' dir='ltr'>Dixi.</span> 
     </span>
    </p>
   </div>
   <div class='ocr_carea' id='block_1_4' title="bbox 1846 2410 2095 2511">
    <p class='ocr_par' dir='ltr' id='par_1_5' title="bbox 1846 2410 2095 2511">
     <span class='ocr_line' id='line_1_26' title="bbox 1846 2410 2095 2511; baseline 0.084 -29"><span class='ocrx_word' id='word_1_296' title='bbox 1846 2410 1970 2511; x_wconf 88' lang='lat' dir='ltr'>ltaque</span> <span class='ocrx_word' id='word_1_297' title='bbox 1990 2428 2095 2503; x_wconf 83' lang='lat' dir='ltr'>etiarn</span> 
     </span>
    </p>
   </div>
   <div class='ocr_carea' id='block_1_5' title="bbox 1106 2519 2097 2779">
    <p class='ocr_par' dir='ltr' id='par_1_6' title="bbox 1106 2519 2097 2779">
     <span class='ocr_line' id='line_1_27' title="bbox 1541 2519 2096 2609; baseline 0.068 -42"><span class='ocrx_word' id='word_1_298' title='bbox 1541 2594 1549 2609; x_wconf 30' lang='grc' dir='ltr'>ι</span> <span class='ocrx_word' id='word_1_299' title='bbox 1805 2564 1816 2594; x_wconf 91' lang='grc'><strong><em>,</em></strong></span> <span class='ocrx_word' id='word_1_300' title='bbox 1842 2519 1905 2608; x_wconf 91' lang='lat' dir='ltr'>qui</span> <span class='ocrx_word' id='word_1_301' title='bbox 1921 2521 1960 2590; x_wconf 91' lang='lat' dir='ltr'>in</span> <span class='ocrx_word' id='word_1_302' title='bbox 1975 2534 2096 2603; x_wconf 87' lang='lat' dir='ltr'>omui-</span> 
     </span>
     <span class='ocr_line' id='line_1_28' title="bbox 1106 2584 2097 2754; baseline 0.061 -106"><span class='ocrx_word' id='word_1_303' title='bbox 1106 2586 1172 2754; x_wconf 62' lang='lat' dir='ltr'>ppis</span> <span class='ocrx_word' id='word_1_304' title='bbox 1204 2584 1309 2754; x_wconf 60' lang='lat' dir='ltr'>rqlpus</span> <span class='ocrx_word' id='word_1_305' title='bbox 1337 2589 1430 2660; x_wconf 85' lang='lat' dir='ltr'>valet</span> <span class='ocrx_word' id='word_1_306' title='bbox 1455 2591 1667 2682; x_wconf 69' lang='lat' dir='ltr'>plurmum,</span> <span class='ocrx_word' id='word_1_307' title='bbox 1710 2618 1749 2679; x_wconf 89' lang='lat' dir='ltr'>ut</span> <span class='ocrx_word' id='word_1_308' title='bbox 1772 2618 1978 2697; x_wconf 89' lang='lat' dir='ltr'>suavissime</span> <span class='ocrx_word' id='word_1_309' title='bbox 2007 2633 2097 2707; x_wconf 83' lang='lat' dir='ltr'>dixit</span> 
     </span>
     <span class='ocr_line' id='line_1_29' title="bbox 1141 2710 1440 2779; baseline 0.06 -26"><span class='ocrx_word' id='word_1_310' title='bbox 1141 2710 1232 2779; x_wconf 92' lang='lat' dir='ltr'>enop</span> <span class='ocrx_word' id='word_1_311' title='bbox 1261 2713 1326 2757; x_wconf 77' lang='lat' dir='ltr'>ont</span> <span class='ocrx_word' id='word_1_312' title='bbox 1437 2766 1440 2771; x_wconf 88' lang='lat'>.</span> 
     </span>
    </p>
   </div>
   <div class='ocr_carea' id='block_1_6' title="bbox 1105 2780 2121 3435">
    <p class='ocr_par' dir='ltr' id='par_1_7' title="bbox 1105 2780 2121 3435">
     <span class='ocr_line' id='line_1_30' title="bbox 1105 2780 2097 2913; baseline 0.043 -63"><span class='ocrx_word' id='word_1_313' title='bbox 1105 2780 1198 2850; x_wconf 73' lang='grc' dir='ltr'><em>οὐδέν</em></span> <span class='ocrx_word' id='word_1_314' title='bbox 1212 2782 1315 2865; x_wconf 82' lang='grc' dir='ltr'><strong><em>οὕτως</em></strong></span> <span class='ocrx_word' id='word_1_315' title='bbox 1325 2784 1496 2875; x_wconf 68' lang='grc' dir='ltr'>ὤχρηστον</span> <span class='ocrx_word' id='word_1_316' title='bbox 1509 2793 1580 2861; x_wconf 67' lang='grc' dir='ltr'>οὔτε</span> <span class='ocrx_word' id='word_1_317' title='bbox 1591 2800 1687 2866; x_wconf 78' lang='grc' dir='ltr'><strong><em>καλὸν</em></strong></span> <span class='ocrx_word' id='word_1_318' title='bbox 1699 2802 1881 2893; x_wconf 73' lang='grc' dir='ltr'><em>ἀνθρώποις</em></span> <span class='ocrx_word' id='word_1_319' title='bbox 1886 2868 1897 2899; x_wconf 83' lang='grc'><strong><em>,</em></strong></span> <span class='ocrx_word' id='word_1_320' title='bbox 1921 2818 1964 2900; x_wconf 82' lang='grc' dir='ltr'>ὦς</span> <span class='ocrx_word' id='word_1_321' title='bbox 1977 2823 2097 2913; x_wconf 78' lang='grc' dir='ltr'><strong><em>ἧτάξις,</em></strong></span> 
     </span>
     <span class='ocr_line' id='line_1_31' title="bbox 1208 2889 2099 3029; baseline 0.056 -67"><span class='ocrx_word' id='word_1_322' title='bbox 1208 2889 1257 2965; x_wconf 86' lang='lat' dir='ltr'>Et</span> <span class='ocrx_word' id='word_1_323' title='bbox 1272 2898 1406 2968; x_wconf 90' lang='lat' dir='ltr'>utinde</span> <span class='ocrx_word' id='word_1_324' title='bbox 1423 2908 1737 2996; x_wconf 87' lang='lat' dir='ltr'>sumam-initium,</span> <span class='ocrx_word' id='word_1_325' title='bbox 1765 2925 1966 3001; x_wconf 89' lang='lat' dir='ltr'>societatem</span> <span class='ocrx_word' id='word_1_326' title='bbox 1984 2962 2099 3029; x_wconf 87' lang='lat' dir='ltr'>quan-</span> 
     </span>
     <span class='ocr_line' id='line_1_32' title="bbox 1107 2996 2099 3125; baseline 0.039 -63"><span class='ocrx_word' id='word_1_327' title='bbox 1107 2996 1189 3064; x_wconf 91' lang='lat' dir='ltr'>dam</span> <span class='ocrx_word' id='word_1_328' title='bbox 1215 3000 1345 3068; x_wconf 88' lang='lat' dir='ltr'>artium</span> <span class='ocrx_word' id='word_1_329' title='bbox 1373 3003 1468 3072; x_wconf 89' lang='lat' dir='ltr'>inter</span> <span class='ocrx_word' id='word_1_330' title='bbox 1488 3029 1525 3075; x_wconf 90' lang='lat' dir='ltr'>se</span> <span class='ocrx_word' id='word_1_331' title='bbox 1551 3032 1624 3080; x_wconf 87' lang='lat' dir='ltr'>esse</span> <span class='ocrx_word' id='word_1_332' title='bbox 1646 3015 1753 3093; x_wconf 90' lang='lat' dir='ltr'>scitis.</span> <span class='ocrx_word' id='word_1_333' title='bbox 1818 3025 1939 3125; x_wconf 75' lang='lat' dir='ltr'>Quare</span> <span class='ocrx_word' id='word_1_334' title='bbox 1962 3040 2099 3115; x_wconf 56' lang='lat' dir='ltr'>etiamsi</span> 
     </span>
     <span class='ocr_line' id='line_1_33' title="bbox 1107 3102 2090 3219; baseline 0.053 -54"><span class='ocrx_word' id='word_1_335' title='bbox 1107 3103 1278 3190; x_wconf 88' lang='lat' dir='ltr'>quaedam</span> <span class='ocrx_word' id='word_1_336' title='bbox 1291 3102 1330 3219; x_wconf 74' lang='lat' dir='ltr'>in</span> <span class='ocrx_word' id='word_1_337' title='bbox 1353 3105 1423 3175; x_wconf 91' lang='lat' dir='ltr'>vita</span> <span class='ocrx_word' id='word_1_338' title='bbox 1444 3110 1613 3180; x_wconf 85' lang='lat' dir='ltr'>excellere</span> <span class='ocrx_word' id='word_1_339' title='bbox 1629 3131 1734 3210; x_wconf 85' lang='lat' dir='ltr'>atque</span> <span class='ocrx_word' id='word_1_340' title='bbox 1749 3127 1903 3201; x_wconf 88' lang='lat' dir='ltr'>eminere</span> <span class='ocrx_word' id='word_1_341' title='bbox 1923 3139 2090 3215; x_wconf 89' lang='lat' dir='ltr'>videntur</span> 
     </span>
     <span class='ocr_line' id='line_1_34' title="bbox 1108 3203 2101 3329; baseline 0.04 -64"><span class='ocrx_word' id='word_1_342' title='bbox 1108 3204 1403 3319; x_wconf 73' lang='lat' dir='ltr'>tamenaliarum</span> <span class='ocrx_word' id='word_1_343' title='bbox 1427 3232 1495 3298; x_wconf 89' lang='lat' dir='ltr'>ope</span> <span class='ocrx_word' id='word_1_344' title='bbox 1515 3211 1689 3303; x_wconf 88' lang='lat' dir='ltr'>indigent.</span> <span class='ocrx_word' id='word_1_345' title='bbox 1752 3222 1873 3313; x_wconf 76' lang='lat' dir='ltr'>Quare</span> <span class='ocrx_word' id='word_1_346' title='bbox 1891 3203 2101 3329; x_wconf 55' lang='lat' dir='ltr'>impruden:</span> 
     </span>
     <span class='ocr_line' id='line_1_35' title="bbox 1109 3303 2121 3435; baseline 0.053 -67"><span class='ocrx_word' id='word_1_347' title='bbox 1109 3316 1163 3371; x_wconf 88' lang='lat' dir='ltr'>ter</span> <span class='ocrx_word' id='word_1_348' title='bbox 1179 3303 1336 3390; x_wconf 88' lang='lat' dir='ltr'>faciunt,</span> <span class='ocrx_word' id='word_1_349' title='bbox 1361 3308 1423 3400; x_wconf 91' lang='lat' dir='ltr'>qui</span> <span class='ocrx_word' id='word_1_350' title='bbox 1439 3311 1524 3380; x_wconf 90' lang='lat' dir='ltr'>dum</span> <span class='ocrx_word' id='word_1_351' title='bbox 1540 3319 1753 3407; x_wconf 85' lang='lat' dir='ltr'>ambitione,</span> <span class='ocrx_word' id='word_1_352' title='bbox 1779 3346 1839 3400; x_wconf 91' lang='lat' dir='ltr'>aut</span> <span class='ocrx_word' id='word_1_353' title='bbox 1861 3357 1922 3425; x_wconf 92' lang='lat' dir='ltr'>spe</span> <span class='ocrx_word' id='word_1_354' title='bbox 1937 3365 2101 3435; x_wconf 87' lang='lat' dir='ltr'>quaestus</span> <span class='ocrx_word' id='word_1_355' title='bbox 2118 3328 2121 3335; x_wconf 87' lang='lat'>.</span> 
     </span>
    </p>
   </div>
   <div class='ocr_carea' id='block_1_7' title="bbox 1108 3404 2102 3634">
    <p class='ocr_par' dir='ltr' id='par_1_8' title="bbox 1108 3404 2102 3634">
     <span class='ocr_line' id='line_1_36' title="bbox 1109 3404 2100 3536; baseline 0.048 -66"><span class='ocrx_word' id='word_1_356' title='bbox 1109 3404 1263 3489; x_wconf 89' lang='lat' dir='ltr'>incitati,</span> <span class='ocrx_word' id='word_1_357' title='bbox 1298 3424 1490 3498; x_wconf 89' lang='lat' dir='ltr'>properant</span> <span class='ocrx_word' id='word_1_358' title='bbox 1520 3417 1565 3483; x_wconf 87' lang='lat' dir='ltr'>ad</span> <span class='ocrx_word' id='word_1_359' title='bbox 1594 3419 1676 3490; x_wconf 88' lang='lat' dir='ltr'>illas</span> <span class='ocrx_word' id='word_1_360' title='bbox 1697 3432 1915 3521; x_wconf 87' lang='lat' dir='ltr'>superiores,</span> <span class='ocrx_word' id='word_1_361' title='bbox 1949 3469 2100 3536; x_wconf 89' lang='lat' dir='ltr'>quarum</span> 
     </span>
     <span class='ocr_line' id='line_1_37' title="bbox 1108 3507 2102 3634; baseline 0.05 -61"><span class='ocrx_word' id='word_1_362' title='bbox 1108 3507 1243 3575; x_wconf 91' lang='lat' dir='ltr'>fructus</span> <span class='ocrx_word' id='word_1_363' title='bbox 1262 3523 1448 3579; x_wconf 90' lang='lat' dir='ltr'>versantur</span> <span class='ocrx_word' id='word_1_364' title='bbox 1465 3514 1511 3583; x_wconf 91' lang='lat' dir='ltr'>oh</span> <span class='ocrx_word' id='word_1_365' title='bbox 1528 3520 1650 3590; x_wconf 91' lang='lat' dir='ltr'>oculos</span> <span class='ocrx_word' id='word_1_366' title='bbox 1676 3527 1780 3597; x_wconf 88' lang='lat' dir='ltr'>ctiam</span> <span class='ocrx_word' id='word_1_367' title='bbox 1800 3532 1991 3634; x_wconf 89' lang='lat' dir='ltr'>imperitis,</span> <span class='ocrx_word' id='word_1_368' title='bbox 2017 3554 2102 3621; x_wconf 92' lang='lat' dir='ltr'>reli-</span> 
     </span>
    </p>
   </div>
   <div class='ocr_carea' id='block_1_8' title="bbox 1109 3608 1886 3786">
    <p class='ocr_par' dir='ltr' id='par_1_9' title="bbox 1109 3608 1886 3786">
     <span class='ocr_line' id='line_1_38' title="bbox 1109 3608 1886 3709; baseline 0.028 -34"><span class='ocrx_word' id='word_1_369' title='bbox 1109 3631 1196 3702; x_wconf 90' lang='lat' dir='ltr'>quas</span> <span class='ocrx_word' id='word_1_370' title='bbox 1220 3608 1425 3701; x_wconf 87' lang='lat' dir='ltr'>disciplinas</span> <span class='ocrx_word' id='word_1_371' title='bbox 1449 3618 1633 3709; x_wconf 84' lang='lat' dir='ltr'>negligunt</span> <span class='ocrx_word' id='word_1_372' title='bbox 1664 3641 1697 3697; x_wconf 86' lang='lat' dir='ltr'>et</span> <span class='ocrx_word' id='word_1_373' title='bbox 1723 3648 1886 3709; x_wconf 70' lang='lat' dir='ltr'>contem„</span> 
     </span>
     <span class='ocr_line' id='line_1_39' title="bbox 1110 3710 1452 3786; baseline 0.018 -6"><span class='ocrx_word' id='word_1_374' title='bbox 1110 3712 1154 3780; x_wconf 91' lang='lat' dir='ltr'>ad</span> <span class='ocrx_word' id='word_1_375' title='bbox 1172 3710 1280 3779; x_wconf 87' lang='lat' dir='ltr'>vitam</span> <span class='ocrx_word' id='word_1_376' title='bbox 1296 3714 1452 3786; x_wconf 87' lang='lat' dir='ltr'>inutiles.</span> 
     </span>
    </p>
   </div>
   <div class='ocr_carea' id='block_1_9' title="bbox 65 3021 1055 3052">
    <p class='ocr_par' dir='ltr' id='par_1_10' title="bbox 65 3021 1055 3052">
     <span class='ocr_line' id='line_1_40' title="bbox 65 3021 1055 3052; baseline 0.011 -21"><span class='ocrx_word' id='word_1_377' title='bbox 65 3021 1055 3052; x_wconf 58' lang='lat' dir='ltr'><em>W</em></span> 
     </span>
    </p>
   </div>
   <div class='ocr_carea' id='block_1_10' title="bbox 884 3196 1043 3260">
    <p class='ocr_par' dir='ltr' id='par_1_11' title="bbox 884 3196 1043 3260">
     <span class='ocr_line' id='line_1_41' title="bbox 884 3196 1043 3260; baseline 0 -3"><span class='ocrx_word' id='word_1_378' title='bbox 884 3217 931 3260; x_wconf 81' lang='lat' dir='ltr'>an.</span> <span class='ocrx_word' id='word_1_379' title='bbox 949 3196 1043 3258; x_wconf 78' lang='lat'>1531.</span> 
     </span>
    </p>
   </div>
   <div class='ocr_carea' id='block_1_11' title="bbox 876 3286 1048 3321">
    <p class='ocr_par' dir='ltr' id='par_1_12' title="bbox 876 3286 1048 3321">
     <span class='ocr_line' id='line_1_42' title="bbox 876 3286 1048 3321; baseline -0.012 0"><span class='ocrx_word' id='word_1_380' title='bbox 876 3286 1048 3321; x_wconf 59' lang='grc' dir='ltr'>Μ’</span> 
     </span>
    </p>
   </div>
   <div class='ocr_carea' id='block_1_12' title="bbox 306 3397 819 3485">
    <p class='ocr_par' dir='ltr' id='par_1_13' title="bbox 306 3397 819 3485">
     <span class='ocr_line' id='line_1_43' title="bbox 306 3397 819 3485; baseline -0.012 0"><span class='ocrx_word' id='word_1_381' title='bbox 306 3399 382 3485; x_wconf 87' lang='lat' dir='ltr'>De</span> <span class='ocrx_word' id='word_1_382' title='bbox 411 3397 573 3484; x_wconf 82' lang='lat' dir='ltr'>ordine</span> <span class='ocrx_word' id='word_1_383' title='bbox 599 3397 819 3482; x_wconf 78' lang='lat' dir='ltr'>discendi.</span> 
     </span>
    </p>
   </div>
   <div class='ocr_carea' id='block_1_13' title="bbox 131 3536 1058 3685">
    <p class='ocr_par' dir='ltr' id='par_1_14' title="bbox 131 3536 1058 3685">
     <span class='ocr_line' id='line_1_44' title="bbox 131 3536 1058 3617; baseline -0.008 -17"><span class='ocrx_word' id='word_1_384' title='bbox 131 3544 216 3617; x_wconf 73' lang='lat' dir='ltr'>Apud</span> <span class='ocrx_word' id='word_1_385' title='bbox 232 3544 348 3605; x_wconf 72' lang='lat' dir='ltr'>culon.</span> <span class='ocrx_word' id='word_1_386' title='bbox 367 3542 438 3611; x_wconf 75' lang='lat' dir='ltr'>Myt.</span> <span class='ocrx_word' id='word_1_387' title='bbox 485 3584 491 3598; x_wconf 92' lang='lat'>.</span> <span class='ocrx_word' id='word_1_388' title='bbox 515 3541 593 3608; x_wconf 63' lang='lat'>125„</span> <span class='ocrx_word' id='word_1_389' title='bbox 626 3538 655 3593; x_wconf 88' lang='lat' dir='ltr'>in</span> <span class='ocrx_word' id='word_1_390' title='bbox 673 3538 824 3593; x_wconf 81' lang='lat' dir='ltr'>Declamat.</span> <span class='ocrx_word' id='word_1_391' title='bbox 843 3536 877 3593; x_wconf 90' lang='grc' dir='ltr'>Τ.</span> <span class='ocrx_word' id='word_1_392' title='bbox 896 3537 916 3595; x_wconf 86' lang='grc' dir='ltr'>Ι.</span> <span class='ocrx_word' id='word_1_393' title='bbox 936 3557 961 3610; x_wconf 89' lang='lat' dir='ltr'>p.</span> <span class='ocrx_word' id='word_1_394' title='bbox 980 3538 1058 3608; x_wconf 68' lang='lat'>542,</span> 
     </span>
     <span class='ocr_line' id='line_1_45' title="bbox 162 3608 784 3685; baseline -0.016 -11"><span class='ocrx_word' id='word_1_395' title='bbox 162 3616 283 3673; x_wconf 61' lang='lat' dir='ltr'>&amp;vesi</span> <span class='ocrx_word' id='word_1_396' title='bbox 302 3634 328 3685; x_wconf 88' lang='lat' dir='ltr'>p.</span> <span class='ocrx_word' id='word_1_397' title='bbox 343 3613 405 3667; x_wconf 71' lang='lat'>472.</span> <span class='ocrx_word' id='word_1_398' title='bbox 424 3621 450 3666; x_wconf 86' lang='lat' dir='ltr'>et</span> <span class='ocrx_word' id='word_1_399' title='bbox 492 3611 595 3667; x_wconf 80' lang='lat' dir='ltr'>ichard.</span> <span class='ocrx_word' id='word_1_400' title='bbox 613 3608 646 3665; x_wconf 88' lang='lat' dir='ltr'>T.</span> <span class='ocrx_word' id='word_1_401' title='bbox 660 3609 682 3663; x_wconf 89' lang='lat' dir='ltr'>l.</span> <span class='ocrx_word' id='word_1_402' title='bbox 700 3609 784 3678; x_wconf 65' lang='lat'>1¹09&amp;</span> 
     </span>
    </p>
   </div>
   <div class='ocr_carea' id='block_1_14' title="bbox 55 3194 203 3273">
    <p class='ocr_par' dir='ltr' id='par_1_15' title="bbox 55 3194 203 3273">
     <span class='ocr_line' id='line_1_46' title="bbox 55 3194 203 3273; baseline 0 -2"><span class='ocrx_word' id='word_1_403' title='bbox 55 3198 123 3273; x_wconf 80' lang='lat' dir='ltr'>No.</span> <span class='ocrx_word' id='word_1_404' title='bbox 135 3194 203 3271; x_wconf 77' lang='lat'>26.</span> 
     </span>
    </p>
   </div>
   <div class='ocr_carea' id='block_1_15' title="bbox 55 3278 189 3325">
    <p class='ocr_par' dir='ltr' id='par_1_16' title="bbox 55 3278 189 3325">
     <span class='ocr_line' id='line_1_47' title="bbox 55 3278 189 3325; baseline -0.007 0"><span class='ocrx_word' id='word_1_405' title='bbox 55 3278 189 3325; x_wconf 52' lang='grc' dir='ltr'>ονἐν</span> 
     </span>
    </p>
   </div>
   <div class='ocr_carea' id='block_1_16' title="bbox 1889 3657 2102 3747">
    <p class='ocr_par' dir='ltr' id='par_1_17' title="bbox 1889 3657 2102 3747">
     <span class='ocr_line' id='line_1_48' title="bbox 1889 3657 2102 3747; baseline 0.028 -35"><span class='ocrx_word' id='word_1_406' title='bbox 1889 3658 1971 3733; x_wconf 83' lang='lat' dir='ltr'>unt,</span> <span class='ocrx_word' id='word_1_407' title='bbox 2001 3657 2102 3747; x_wconf 73' lang='lat' dir='ltr'>quasi</span> 
     </span>
    </p>
   </div>
   <div class='ocr_carea' id='block_1_17' title="bbox 61 3769 1058 3867">
    <p class='ocr_par' dir='ltr' id='par_1_18' title="bbox 61 3769 1058 3867">
     <span class='ocr_line' id='line_1_49' title="bbox 61 3769 1058 3867; baseline -0.014 -12"><span class='ocrx_word' id='word_1_408' title='bbox 61 3783 192 3854; x_wconf 77' lang='lat' dir='ltr'>Oratio</span> <span class='ocrx_word' id='word_1_409' title='bbox 225 3776 455 3866; x_wconf 76' lang='lat' dir='ltr'>Corporis</span> <span class='ocrx_word' id='word_1_410' title='bbox 487 3772 727 3867; x_wconf 73' lang='lat' dir='ltr'>crucigeri&#39;</span> <span class='ocrx_word' id='word_1_411' title='bbox 761 3769 807 3842; x_wconf 85' lang='lat' dir='ltr'>de</span> <span class='ocrx_word' id='word_1_412' title='bbox 838 3770 966 3841; x_wconf 78' lang='lat' dir='ltr'>ordine</span> <span class='ocrx_word' id='word_1_413' title='bbox 999 3769 1058 3841; x_wconf 76' lang='lat' dir='ltr'>dr·-</span> 
     </span>
    </p>
   </div>
   <div class='ocr_carea' id='block_1_18' title="bbox 60 3874 1057 4048">
    <p class='ocr_par' dir='ltr' id='par_1_19' title="bbox 60 3874 1057 4048">
     <span class='ocr_line' id='line_1_50' title="bbox 60 3874 1057 3969; baseline -0.012 -11"><span class='ocrx_word' id='word_1_414' title='bbox 60 3882 223 3969; x_wconf 72' lang='lat' dir='ltr'>nendi„</span> <span class='ocrx_word' id='word_1_415' title='bbox 256 3874 386 3949; x_wconf 83' lang='lat' dir='ltr'>habita</span> <span class='ocrx_word' id='word_1_416' title='bbox 420 3879 464 3946; x_wconf 80' lang='lat' dir='ltr'>in</span> <span class='ocrx_word' id='word_1_417' title='bbox 499 3878 732 3965; x_wconf 80' lang='lat' dir='ltr'>pronrotioae</span> <span class='ocrx_word' id='word_1_418' title='bbox 769 3877 1057 3969; x_wconf 74' lang='lat' dir='ltr'>Magistrorum,</span> 
     </span>
     <span class='ocr_line' id='line_1_51' title="bbox 370 3978 755 4048; baseline -0.005 0"><span class='ocrx_word' id='word_1_419' title='bbox 370 3999 469 4048; x_wconf 83' lang='lat' dir='ltr'>anno</span> <span class='ocrx_word' id='word_1_420' title='bbox 495 3978 546 4047; x_wconf 82' lang='lat' dir='ltr'>M.</span> <span class='ocrx_word' id='word_1_421' title='bbox 556 3979 755 4047; x_wconf 66' lang='lat' dir='ltr'>nam.</span> 
     </span>
    </p>
   </div>
   <div class='ocr_carea' id='block_1_19' title="bbox 1110 3812 2103 4136">
    <p class='ocr_par' dir='ltr' id='par_1_20' title="bbox 1110 3812 2103 4136">
     <span class='ocr_line' id='line_1_52' title="bbox 1172 3812 2103 3934; baseline 0.05 -54"><span class='ocrx_word' id='word_1_422' title='bbox 1172 3917 1181 3934; x_wconf 37' lang='grc' dir='ltr'><strong><em>ο</em></strong></span> <span class='ocrx_word' id='word_1_423' title='bbox 1212 3812 1267 3934; x_wconf 73' lang='lat' dir='ltr'>Ac</span> <span class='ocrx_word' id='word_1_424' title='bbox 1290 3814 1380 3886; x_wconf 90' lang='lat' dir='ltr'>mihi</span> <span class='ocrx_word' id='word_1_425' title='bbox 1406 3821 1576 3910; x_wconf 86' lang='lat' dir='ltr'>cogitanti</span> <span class='ocrx_word' id='word_1_426' title='bbox 1610 3831 1790 3906; x_wconf 89' lang='lat' dir='ltr'>interdum</span> <span class='ocrx_word' id='word_1_427' title='bbox 1826 3845 1966 3918; x_wconf 87' lang='lat' dir='ltr'>videtur</span> <span class='ocrx_word' id='word_1_428' title='bbox 1997 3847 2103 3927; x_wconf 89' lang='lat' dir='ltr'>huius</span> 
     </span>
     <span class='ocr_line' id='line_1_53' title="bbox 1110 3924 2102 4039; baseline 0.046 -55"><span class='ocrx_word' id='word_1_429' title='bbox 1110 3929 1287 4035; x_wconf 73' lang='lat' dir='ltr'>societatis</span> <span class='ocrx_word' id='word_1_430' title='bbox 1321 3924 1494 4012; x_wconf 89' lang='lat' dir='ltr'>quaedam</span> <span class='ocrx_word' id='word_1_431' title='bbox 1518 3927 1557 3996; x_wconf 91' lang='lat' dir='ltr'>iii</span> <span class='ocrx_word' id='word_1_432' title='bbox 1586 3931 1669 4021; x_wconf 91' lang='lat' dir='ltr'>ipsis</span> <span class='ocrx_word' id='word_1_433' title='bbox 1703 3938 1884 4016; x_wconf 88' lang='lat' dir='ltr'>elementis</span> <span class='ocrx_word' id='word_1_434' title='bbox 1918 3949 2102 4039; x_wconf 84' lang='lat' dir='ltr'>literarum</span> 
     </span>
     <span class='ocr_line' id='line_1_54' title="bbox 1111 4020 2102 4136; baseline 0.044 -49"><span class='ocrx_word' id='word_1_435' title='bbox 1111 4020 1308 4090; x_wconf 74' lang='lat' dir='ltr'>similitudo</span> <span class='ocrx_word' id='word_1_436' title='bbox 1327 4044 1418 4104; x_wconf 88' lang='lat' dir='ltr'>esse,</span> <span class='ocrx_word' id='word_1_437' title='bbox 1446 4027 1509 4095; x_wconf 92' lang='lat' dir='ltr'>ubi</span> <span class='ocrx_word' id='word_1_438' title='bbox 1524 4032 1588 4099; x_wconf 92' lang='lat' dir='ltr'>etsi</span> <span class='ocrx_word' id='word_1_439' title='bbox 1609 4035 1780 4124; x_wconf 81' lang='lat' dir='ltr'>dignitate</span> <span class='ocrx_word' id='word_1_440' title='bbox 1802 4064 1981 4136; x_wconf 87' lang='lat' dir='ltr'>praestant</span> <span class='ocrx_word' id='word_1_441' title='bbox 1997 4081 2102 4131; x_wconf 90' lang='lat' dir='ltr'>voca-</span> 
     </span>
    </p>
   </div>
   <div class='ocr_carea' id='block_1_20' title="bbox 10 4118 1062 4731">
    <p class='ocr_par' dir='ltr' id='par_1_21' title="bbox 10 4118 1062 4731">
     <span class='ocr_line' id='line_1_55' title="bbox 67 4118 1057 4214; baseline -0.014 -9"><span class='ocrx_word' id='word_1_442' title='bbox 67 4119 164 4210; x_wconf 75' lang='lat' dir='ltr'>cum</span> <span class='ocrx_word' id='word_1_443' title='bbox 178 4156 223 4202; x_wconf 89' lang='lat' dir='ltr'>ex</span> <span class='ocrx_word' id='word_1_444' title='bbox 237 4121 400 4200; x_wconf 87' lang='lat' dir='ltr'>hocloco</span> <span class='ocrx_word' id='word_1_445' title='bbox 416 4147 518 4214; x_wconf 88' lang='lat' dir='ltr'>saepe</span> <span class='ocrx_word' id='word_1_446' title='bbox 532 4123 665 4191; x_wconf 87' lang='lat' dir='ltr'>dictum</span> <span class='ocrx_word' id='word_1_447' title='bbox 682 4124 728 4193; x_wconf 89' lang='lat' dir='ltr'>sit</span> <span class='ocrx_word' id='word_1_448' title='bbox 743 4124 787 4190; x_wconf 88' lang='lat' dir='ltr'>de</span> <span class='ocrx_word' id='word_1_449' title='bbox 796 4121 960 4193; x_wconf 90' lang='lat' dir='ltr'>universa</span> <span class='ocrx_word' id='word_1_450' title='bbox 970 4118 1057 4192; x_wconf 91' lang='lat' dir='ltr'>Phi-</span> 
     </span>
     <span class='ocr_line' id='line_1_56' title="bbox 67 4222 1060 4328; baseline -0.009 -24"><span class='ocrx_word' id='word_1_451' title='bbox 67 4230 249 4328; x_wconf 85' lang='lat' dir='ltr'>losophia‚</span> <span class='ocrx_word' id='word_1_452' title='bbox 274 4231 389 4321; x_wconf 88' lang='lat' dir='ltr'>deque</span> <span class='ocrx_word' id='word_1_453' title='bbox 405 4222 532 4295; x_wconf 91' lang='lat' dir='ltr'>harum</span> <span class='ocrx_word' id='word_1_454' title='bbox 555 4225 686 4294; x_wconf 90' lang='lat' dir='ltr'>artium</span> <span class='ocrx_word' id='word_1_455' title='bbox 701 4225 864 4295; x_wconf 91' lang='lat' dir='ltr'>omnium</span> <span class='ocrx_word' id='word_1_456' title='bbox 878 4227 1060 4315; x_wconf 79' lang='lat' dir='ltr'>dignitate,</span> 
     </span>
     <span class='ocr_line' id='line_1_57' title="bbox 10 4327 1059 4433; baseline -0.009 -27"><span class='ocrx_word' id='word_1_457' title='bbox 10 4410 12 4415; x_wconf 71' lang='grc'>,</span> <span class='ocrx_word' id='word_1_458' title='bbox 70 4364 154 4433; x_wconf 73' lang='lat' dir='ltr'>qnae</span> <span class='ocrx_word' id='word_1_459' title='bbox 170 4338 211 4405; x_wconf 91' lang='lat' dir='ltr'>in</span> <span class='ocrx_word' id='word_1_460' title='bbox 230 4327 362 4402; x_wconf 87' lang='lat' dir='ltr'>scholis</span> <span class='ocrx_word' id='word_1_461' title='bbox 377 4330 459 4397; x_wconf 91' lang='lat' dir='ltr'>ideo</span> <span class='ocrx_word' id='word_1_462' title='bbox 476 4328 687 4411; x_wconf 90' lang='lat' dir='ltr'>traduntur,</span> <span class='ocrx_word' id='word_1_463' title='bbox 708 4327 791 4420; x_wconf 90' lang='lat' dir='ltr'>quia</span> <span class='ocrx_word' id='word_1_464' title='bbox 807 4328 852 4395; x_wconf 91' lang='lat' dir='ltr'>ad</span> <span class='ocrx_word' id='word_1_465' title='bbox 868 4329 959 4397; x_wconf 90' lang='lat' dir='ltr'>bene</span> <span class='ocrx_word' id='word_1_466' title='bbox 974 4330 1059 4398; x_wconf 91' lang='lat' dir='ltr'>hea-</span> 
     </span>
     <span class='ocr_line' id='line_1_58' title="bbox 10 4430 1059 4535; baseline -0.011 -23"><span class='ocrx_word' id='word_1_467' title='bbox 10 4468 14 4531; x_wconf 70' lang='grc' dir='ltr'>ζ</span> <span class='ocrx_word' id='word_1_468' title='bbox 72 4457 170 4535; x_wconf 88' lang='lat' dir='ltr'>teque</span> <span class='ocrx_word' id='word_1_469' title='bbox 187 4437 382 4506; x_wconf 85' lang='lat' dir='ltr'>vivendum</span> <span class='ocrx_word' id='word_1_470' title='bbox 406 4430 611 4500; x_wconf 86' lang='lat' dir='ltr'>iudicantur</span> <span class='ocrx_word' id='word_1_471' title='bbox 635 4452 707 4497; x_wconf 90' lang='lat' dir='ltr'>esse</span> <span class='ocrx_word' id='word_1_472' title='bbox 730 4431 965 4515; x_wconf 89' lang='lat' dir='ltr'>necessariae,</span> <span class='ocrx_word' id='word_1_473' title='bbox 996 4454 1059 4520; x_wconf 91' lang='lat' dir='ltr'>ego</span> 
     </span>
     <span class='ocr_line' id='line_1_59' title="bbox 10 4530 1061 4633; baseline -0.009 -23"><span class='ocrx_word' id='word_1_474' title='bbox 10 4616 21 4625; x_wconf 57' lang='grc'><strong>,</strong></span> <span class='ocrx_word' id='word_1_475' title='bbox 75 4566 132 4633; x_wconf 85' lang='lat' dir='ltr'>pro</span> <span class='ocrx_word' id='word_1_476' title='bbox 156 4537 293 4630; x_wconf 90' lang='lat' dir='ltr'>ingenii</span> <span class='ocrx_word' id='word_1_477' title='bbox 318 4534 387 4605; x_wconf 88' lang='lat' dir='ltr'>mei</span> <span class='ocrx_word' id='word_1_478' title='bbox 412 4530 671 4613; x_wconf 89' lang='lat' dir='ltr'>mediocritate,</span> <span class='ocrx_word' id='word_1_479' title='bbox 704 4531 842 4599; x_wconf 85' lang='lat' dir='ltr'>omissis</span> <span class='ocrx_word' id='word_1_480' title='bbox 871 4532 943 4600; x_wconf 90' lang='lat' dir='ltr'>illis</span> <span class='ocrx_word' id='word_1_481' title='bbox 962 4557 1061 4623; x_wconf 90' lang='lat' dir='ltr'>prae-</span> 
     </span>
     <span class='ocr_line' id='line_1_60' title="bbox 10 4632 1062 4731; baseline -0.012 -13"><span class='ocrx_word' id='word_1_482' title='bbox 10 4698 29 4719; x_wconf 90' lang='lat'>.-</span> <span class='ocrx_word' id='word_1_483' title='bbox 78 4644 181 4714; x_wconf 78' lang='lat' dir='ltr'>soniis</span> <span class='ocrx_word' id='word_1_484' title='bbox 214 4638 439 4731; x_wconf 88' lang='lat' dir='ltr'>superiorum</span> <span class='ocrx_word' id='word_1_485' title='bbox 468 4632 758 4721; x_wconf 88' lang='lat' dir='ltr'>disciplinarum,</span> <span class='ocrx_word' id='word_1_486' title='bbox 795 4657 882 4725; x_wconf 89' lang='lat' dir='ltr'>quas</span> <span class='ocrx_word' id='word_1_487' title='bbox 906 4636 1062 4705; x_wconf 89' lang='lat' dir='ltr'>arbitror</span> 
     </span>
    </p>
   </div>
   <div class='ocr_carea' id='block_1_21' title="bbox 1111 4125 2152 4765">
    <p class='ocr_par' dir='ltr' id='par_1_22' title="bbox 1111 4125 2152 4765">
     <span class='ocr_line' id='line_1_61' title="bbox 1112 4125 2103 4248; baseline 0.042 -58"><span class='ocrx_word' id='word_1_488' title='bbox 1112 4125 1177 4204; x_wconf 90' lang='lat' dir='ltr'>les,</span> <span class='ocrx_word' id='word_1_489' title='bbox 1202 4135 1321 4192; x_wconf 89' lang='lat' dir='ltr'>tamen</span> <span class='ocrx_word' id='word_1_490' title='bbox 1344 4125 1422 4195; x_wconf 87' lang='lat' dir='ltr'>sine</span> <span class='ocrx_word' id='word_1_491' title='bbox 1443 4139 1721 4210; x_wconf 88' lang='lat' dir='ltr'>consonantibus</span> <span class='ocrx_word' id='word_1_492' title='bbox 1745 4167 1860 4218; x_wconf 89' lang='lat' dir='ltr'>sermo</span> <span class='ocrx_word' id='word_1_493' title='bbox 1883 4158 2006 4248; x_wconf 91' lang='lat' dir='ltr'>nequit</span> <span class='ocrx_word' id='word_1_494' title='bbox 2029 4162 2103 4234; x_wconf 83' lang='lat' dir='ltr'>exi-</span> 
     </span>
     <span class='ocr_line' id='line_1_62' title="bbox 1111 4222 2103 4355; baseline 0.043 -62"><span class='ocrx_word' id='word_1_495' title='bbox 1111 4238 1213 4297; x_wconf 90' lang='lat' dir='ltr'>stere.</span> <span class='ocrx_word' id='word_1_496' title='bbox 1278 4222 1328 4296; x_wconf 90' lang='lat' dir='ltr'>Et</span> <span class='ocrx_word' id='word_1_497' title='bbox 1346 4229 1517 4345; x_wconf 82' lang='lat' dir='ltr'>quoniam</span> <span class='ocrx_word' id='word_1_498' title='bbox 1540 4258 1581 4304; x_wconf 83' lang='lat' dir='ltr'>ex</span> <span class='ocrx_word' id='word_1_499' title='bbox 1609 4238 1722 4311; x_wconf 90' lang='lat' dir='ltr'>literis</span> <span class='ocrx_word' id='word_1_500' title='bbox 1746 4271 1869 4321; x_wconf 88' lang='lat' dir='ltr'>omnes</span> <span class='ocrx_word' id='word_1_501' title='bbox 1892 4270 1984 4327; x_wconf 87' lang='lat' dir='ltr'>artes</span> <span class='ocrx_word' id='word_1_502' title='bbox 2013 4287 2103 4355; x_wconf 92' lang='lat' dir='ltr'>pro-</span> 
     </span>
     <span class='ocr_line' id='line_1_63' title="bbox 1112 4330 2103 4438; baseline 0.043 -43"><span class='ocrx_word' id='word_1_503' title='bbox 1112 4341 1294 4412; x_wconf 89' lang='lat' dir='ltr'>creantur,</span> <span class='ocrx_word' id='word_1_504' title='bbox 1317 4330 1464 4418; x_wconf 88' lang='lat' dir='ltr'>vestigia</span> <span class='ocrx_word' id='word_1_505' title='bbox 1480 4338 1652 4427; x_wconf 90' lang='lat' dir='ltr'>quaedam</span> <span class='ocrx_word' id='word_1_506' title='bbox 1669 4344 1707 4413; x_wconf 90' lang='lat' dir='ltr'>in</span> <span class='ocrx_word' id='word_1_507' title='bbox 1723 4347 1809 4438; x_wconf 91' lang='lat' dir='ltr'>ipsis</span> <span class='ocrx_word' id='word_1_508' title='bbox 1825 4354 2009 4433; x_wconf 88' lang='lat' dir='ltr'>elementis</span> <span class='ocrx_word' id='word_1_509' title='bbox 2024 4368 2103 4436; x_wconf 90' lang='lat' dir='ltr'>ani-</span> 
     </span>
     <span class='ocr_line' id='line_1_64' title="bbox 1114 4428 2102 4545; baseline 0.051 -57"><span class='ocrx_word' id='word_1_510' title='bbox 1114 4428 1332 4545; x_wconf 72' lang='lat' dir='ltr'>madvertere</span> <span class='ocrx_word' id='word_1_511' title='bbox 1363 4455 1568 4523; x_wconf 89' lang='lat' dir='ltr'>possumus,</span> <span class='ocrx_word' id='word_1_512' title='bbox 1601 4445 1700 4514; x_wconf 91' lang='lat' dir='ltr'>utin</span> <span class='ocrx_word' id='word_1_513' title='bbox 1724 4454 1938 4544; x_wconf 87' lang='lat' dir='ltr'>seminibus,</span> <span class='ocrx_word' id='word_1_514' title='bbox 1971 4467 2102 4537; x_wconf 91' lang='lat' dir='ltr'>artium</span> 
     </span>
     <span class='ocr_line' id='line_1_65' title="bbox 1113 4531 2105 4639; baseline 0.04 -40"><span class='ocrx_word' id='word_1_515' title='bbox 1113 4531 1425 4604; x_wconf 88' lang='lat' dir='ltr'>dissimilitudinis.</span> <span class='ocrx_word' id='word_1_516' title='bbox 1483 4537 1606 4631; x_wconf 90' lang='lat' dir='ltr'>Longe</span> <span class='ocrx_word' id='word_1_517' title='bbox 1626 4552 1842 4625; x_wconf 88' lang='lat' dir='ltr'>antecellunt</span> <span class='ocrx_word' id='word_1_518' title='bbox 1858 4562 2025 4634; x_wconf 90' lang='lat' dir='ltr'>omnibus</span> <span class='ocrx_word' id='word_1_519' title='bbox 2041 4594 2105 4639; x_wconf 87' lang='lat' dir='ltr'>vo-</span> 
     </span>
     <span class='ocr_line' id='line_1_66' title="bbox 1114 4632 2152 4765; baseline 0.045 -65"><span class='ocrx_word' id='word_1_520' title='bbox 1114 4632 1225 4714; x_wconf 87' lang='lat' dir='ltr'>cales,</span> <span class='ocrx_word' id='word_1_521' title='bbox 1252 4656 1342 4724; x_wconf 90' lang='lat' dir='ltr'>quae</span> <span class='ocrx_word' id='word_1_522' title='bbox 1359 4659 1422 4724; x_wconf 90' lang='lat' dir='ltr'>per</span> <span class='ocrx_word' id='word_1_523' title='bbox 1437 4664 1474 4709; x_wconf 91' lang='lat' dir='ltr'>se</span> <span class='ocrx_word' id='word_1_524' title='bbox 1492 4644 1599 4713; x_wconf 88' lang='lat' dir='ltr'>vitam</span> <span class='ocrx_word' id='word_1_525' title='bbox 1616 4660 1649 4716; x_wconf 92' lang='lat' dir='ltr'>et</span> <span class='ocrx_word' id='word_1_526' title='bbox 1665 4650 1828 4741; x_wconf 89' lang='lat' dir='ltr'>spiritum</span> <span class='ocrx_word' id='word_1_527' title='bbox 1845 4654 1996 4751; x_wconf 91' lang='lat' dir='ltr'>habent,</span> <span class='ocrx_word' id='word_1_528' title='bbox 2021 4672 2105 4765; x_wconf 87' lang='lat' dir='ltr'>quia</span> <span class='ocrx_word' id='word_1_529' title='bbox 2148 4676 2152 4683; x_wconf 88' lang='grc'><strong>’</strong></span> 
     </span>
    </p>
   </div>
   <div class='ocr_carea' id='block_1_22' title="bbox 10 4735 1083 5457">
    <p class='ocr_par' dir='ltr' id='par_1_23' title="bbox 10 4735 1083 5457">
     <span class='ocr_line' id='line_1_67' title="bbox 10 4735 1062 4849; baseline -0.01 -33"><span class='ocrx_word' id='word_1_530' title='bbox 10 4812 34 4849; x_wconf 31' lang='grc' dir='ltr'>μ</span> <span class='ocrx_word' id='word_1_531' title='bbox 80 4758 214 4839; x_wconf 88' lang='lat' dir='ltr'>propter</span> <span class='ocrx_word' id='word_1_532' title='bbox 237 4741 460 4810; x_wconf 88' lang='lat' dir='ltr'>manifestam</span> <span class='ocrx_word' id='word_1_533' title='bbox 482 4735 671 4806; x_wconf 88' lang='lat' dir='ltr'>utilitatem</span> <span class='ocrx_word' id='word_1_534' title='bbox 701 4736 1062 4806; x_wconf 86' lang='lat' dir='ltr'>commendatissimas</span> 
     </span>
     <span class='ocr_line' id='line_1_68' title="bbox 10 4836 1063 4930; baseline -0.009 -12"><span class='ocrx_word' id='word_1_535' title='bbox 10 4856 39 4925; x_wconf 85' lang='lat'>,&#39;</span> <span class='ocrx_word' id='word_1_536' title='bbox 85 4870 146 4917; x_wconf 82' lang='lat' dir='ltr'>eise</span> <span class='ocrx_word' id='word_1_537' title='bbox 166 4844 359 4925; x_wconf 86' lang='lat' dir='ltr'>omnibus,</span> <span class='ocrx_word' id='word_1_538' title='bbox 390 4861 504 4930; x_wconf 89' lang='lat' dir='ltr'>pauca</span> <span class='ocrx_word' id='word_1_539' title='bbox 525 4837 697 4930; x_wconf 91' lang='lat' dir='ltr'>quaedam</span> <span class='ocrx_word' id='word_1_540' title='bbox 720 4836 835 4905; x_wconf 90' lang='lat' dir='ltr'>dicere</span> <span class='ocrx_word' id='word_1_541' title='bbox 857 4837 997 4908; x_wconf 90' lang='lat' dir='ltr'>institui</span> <span class='ocrx_word' id='word_1_542' title='bbox 1019 4843 1063 4909; x_wconf 90' lang='lat' dir='ltr'>de</span> 
     </span>
     <span class='ocr_line' id='line_1_69' title="bbox 10 4939 1062 5055; baseline -0.006 -39"><span class='ocrx_word' id='word_1_543' title='bbox 10 5015 42 5055; x_wconf 49' lang='lat' dir='ltr'><strong>r</strong></span> <span class='ocrx_word' id='word_1_544' title='bbox 86 4941 142 5020; x_wconf 84' lang='lat' dir='ltr'>hoe</span> <span class='ocrx_word' id='word_1_545' title='bbox 161 4969 290 5039; x_wconf 87' lang='lat' dir='ltr'>genere</span> <span class='ocrx_word' id='word_1_546' title='bbox 311 4940 599 5034; x_wconf 88' lang='lat' dir='ltr'>disciplinarum,</span> <span class='ocrx_word' id='word_1_547' title='bbox 640 4939 736 5029; x_wconf 91' lang='lat' dir='ltr'>quod</span> <span class='ocrx_word' id='word_1_548' title='bbox 760 4961 825 5006; x_wconf 91' lang='lat' dir='ltr'>nos</span> <span class='ocrx_word' id='word_1_549' title='bbox 846 4941 1062 5029; x_wconf 88' lang='lat' dir='ltr'>profitemur,</span> 
     </span>
     <span class='ocr_line' id='line_1_70' title="bbox 10 5041 1083 5157; baseline -0.012 -37"><span class='ocrx_word' id='word_1_550' title='bbox 10 5092 43 5157; x_wconf 60' lang='lat'>,2-</span> <span class='ocrx_word' id='word_1_551' title='bbox 90 5060 191 5145; x_wconf 79' lang='lat' dir='ltr'>ttquo</span> <span class='ocrx_word' id='word_1_552' title='bbox 215 5048 331 5143; x_wconf 85' lang='lat' dir='ltr'>prima</span> <span class='ocrx_word' id='word_1_553' title='bbox 353 5058 448 5114; x_wconf 90' lang='lat' dir='ltr'>aetas</span> <span class='ocrx_word' id='word_1_554' title='bbox 467 5043 511 5110; x_wconf 90' lang='lat' dir='ltr'>ad</span> <span class='ocrx_word' id='word_1_555' title='bbox 538 5041 782 5132; x_wconf 86' lang='lat' dir='ltr'>percipiendas</span> <span class='ocrx_word' id='word_1_556' title='bbox 806 5041 958 5111; x_wconf 89' lang='lat' dir='ltr'>maiores</span> <span class='ocrx_word' id='word_1_557' title='bbox 974 5058 1083 5112; x_wconf 89' lang='lat' dir='ltr'>artes.</span> 
     </span>
     <span class='ocr_line' id='line_1_71' title="bbox 36 5137 1065 5245; baseline -0.008 -23"><span class='ocrx_word' id='word_1_558' title='bbox 36 5224 39 5229; x_wconf 80' lang='grc'>,</span> <span class='ocrx_word' id='word_1_559' title='bbox 91 5165 311 5245; x_wconf 76' lang='lat' dir='ltr'>praeparatur.</span> <span class='ocrx_word' id='word_1_560' title='bbox 364 5144 580 5235; x_wconf 86' lang='lat' dir='ltr'>Quanquam</span> <span class='ocrx_word' id='word_1_561' title='bbox 594 5141 688 5212; x_wconf 89' lang='lat' dir='ltr'>enim</span> <span class='ocrx_word' id='word_1_562' title='bbox 703 5156 738 5210; x_wconf 86' lang='lat' dir='ltr'>et</span> <span class='ocrx_word' id='word_1_563' title='bbox 753 5137 877 5210; x_wconf 88' lang='lat' dir='ltr'>harum</span> <span class='ocrx_word' id='word_1_564' title='bbox 895 5145 1065 5215; x_wconf 89' lang='lat' dir='ltr'>utilitates</span> 
     </span>
     <span class='ocr_line' id='line_1_72' title="bbox 10 5230 1066 5340; baseline -0.007 -18"><span class='ocrx_word' id='word_1_565' title='bbox 10 5230 27 5253; x_wconf 51' lang='lat'>⁵</span> <span class='ocrx_word' id='word_1_566' title='bbox 91 5257 233 5340; x_wconf 86' lang='lat' dir='ltr'>quotidie</span> <span class='ocrx_word' id='word_1_567' title='bbox 255 5250 358 5320; x_wconf 83' lang='lat' dir='ltr'>vohis</span> <span class='ocrx_word' id='word_1_568' title='bbox 382 5248 420 5315; x_wconf 93' lang='lat' dir='ltr'>iii</span> <span class='ocrx_word' id='word_1_569' title='bbox 444 5241 574 5315; x_wconf 91' lang='lat' dir='ltr'>scholis</span> <span class='ocrx_word' id='word_1_570' title='bbox 597 5248 788 5313; x_wconf 86' lang='lat' dir='ltr'>decantant</span> <span class='ocrx_word' id='word_1_571' title='bbox 813 5260 1066 5336; x_wconf 88' lang='lat' dir='ltr'>praeceptores,</span> 
     </span>
     <span class='ocr_line' id='line_1_73' title="bbox 10 5338 1067 5457; baseline -0.008 -32"><span class='ocrx_word' id='word_1_572' title='bbox 10 5338 46 5457; x_wconf 40' lang='grc' dir='ltr'><em>Ἀ</em></span> <span class='ocrx_word' id='word_1_573' title='bbox 92 5364 191 5427; x_wconf 70' lang='lat' dir='ltr'>lemen</span> <span class='ocrx_word' id='word_1_574' title='bbox 206 5351 265 5425; x_wconf 86' lang='lat' dir='ltr'>hic</span> <span class='ocrx_word' id='word_1_575' title='bbox 281 5350 417 5443; x_wconf 90' lang='lat' dir='ltr'>aliquid</span> <span class='ocrx_word' id='word_1_576' title='bbox 433 5351 477 5416; x_wconf 89' lang='lat' dir='ltr'>de</span> <span class='ocrx_word' id='word_1_577' title='bbox 492 5374 531 5417; x_wconf 88' lang='lat' dir='ltr'>ea</span> <span class='ocrx_word' id='word_1_578' title='bbox 543 5372 580 5416; x_wconf 84' lang='lat' dir='ltr'>re</span> <span class='ocrx_word' id='word_1_579' title='bbox 596 5348 870 5425; x_wconf 73' lang='lat' dir='ltr'>dicendumst,</span> <span class='ocrx_word' id='word_1_580' title='bbox 894 5360 933 5417; x_wconf 92' lang='lat' dir='ltr'>ut</span> <span class='ocrx_word' id='word_1_581' title='bbox 945 5350 1067 5440; x_wconf 88' lang='lat' dir='ltr'>puhli-</span> 
     </span>
    </p>
   </div>
   <div class='ocr_carea' id='block_1_23' title="bbox 10 5454 644 5630">
    <p class='ocr_par' dir='ltr' id='par_1_24' title="bbox 10 5454 644 5630">
     <span class='ocr_line' id='line_1_74' title="bbox 19 5454 446 5535; baseline -0.005 -9"><span class='ocrx_word' id='word_1_582' title='bbox 19 5514 38 5535; x_wconf 92' lang='grc'>.,</span> <span class='ocrx_word' id='word_1_583' title='bbox 93 5474 124 5519; x_wconf 71' lang='grc' dir='ltr'>(θ</span> <span class='ocrx_word' id='word_1_584' title='bbox 137 5458 225 5529; x_wconf 90' lang='lat' dir='ltr'>mori</span> <span class='ocrx_word' id='word_1_585' title='bbox 241 5454 446 5525; x_wconf 83' lang='lat' dir='ltr'>serviamus.</span> 
     </span>
     <span class='ocr_line' id='line_1_75' title="bbox 10 5540 644 5630; baseline -0.027 3"><span class='ocrx_word' id='word_1_586' title='bbox 10 5540 27 5557; x_wconf 77' lang='lat'>.</span> <span class='ocrx_word' id='word_1_587' title='bbox 133 5558 314 5630; x_wconf 72' lang='lat' dir='ltr'>blattaria.</span> <span class='ocrx_word' id='word_1_588' title='bbox 339 5558 445 5622; x_wconf 84' lang='lat' dir='ltr'>Orrn.</span> <span class='ocrx_word' id='word_1_589' title='bbox 470 5554 555 5619; x_wconf 74' lang='lat' dir='ltr'>voi.</span> <span class='ocrx_word' id='word_1_590' title='bbox 582 5553 644 5617; x_wconf 86' lang='lat' dir='ltr'>xl.</span> 
     </span>
    </p>
   </div>
   <div class='ocr_carea' id='block_1_24' title="bbox 1115 4734 2108 5560">
    <p class='ocr_par' dir='ltr' id='par_1_25' title="bbox 1115 4734 2106 5028">
     <span class='ocr_line' id='line_1_76' title="bbox 1115 4734 2105 4851; baseline 0.046 -52"><span class='ocrx_word' id='word_1_591' title='bbox 1115 4734 1308 4851; x_wconf 79' lang='lat' dir='ltr'>perfectum</span> <span class='ocrx_word' id='word_1_592' title='bbox 1337 4761 1463 4809; x_wconf 89' lang='lat' dir='ltr'>sonum</span> <span class='ocrx_word' id='word_1_593' title='bbox 1495 4746 1623 4832; x_wconf 88' lang='lat' dir='ltr'>edunt,</span> <span class='ocrx_word' id='word_1_594' title='bbox 1666 4776 1741 4822; x_wconf 92' lang='lat' dir='ltr'>non</span> <span class='ocrx_word' id='word_1_595' title='bbox 1772 4762 1912 4833; x_wconf 86' lang='lat' dir='ltr'>adiutae</span> <span class='ocrx_word' id='word_1_596' title='bbox 1942 4770 1988 4839; x_wconf 92' lang='lat' dir='ltr'>ab</span> <span class='ocrx_word' id='word_1_597' title='bbox 2015 4774 2105 4845; x_wconf 86' lang='lat' dir='ltr'>aliis.</span> 
     </span>
     <span class='ocr_line' id='line_1_77' title="bbox 1115 4834 2106 4952; baseline 0.048 -51"><span class='ocrx_word' id='word_1_598' title='bbox 1115 4834 1290 4952; x_wconf 63' lang='lat' dir='ltr'>lieliquae</span> <span class='ocrx_word' id='word_1_599' title='bbox 1317 4842 1420 4932; x_wconf 88' lang='lat' dir='ltr'>quasi</span> <span class='ocrx_word' id='word_1_600' title='bbox 1450 4845 1557 4917; x_wconf 91' lang='lat' dir='ltr'>tibiae</span> <span class='ocrx_word' id='word_1_601' title='bbox 1581 4849 1627 4921; x_wconf 90' lang='lat' dir='ltr'>ali</span> <span class='ocrx_word' id='word_1_602' title='bbox 1650 4846 1705 4923; x_wconf 94' lang='lat' dir='ltr'>his</span> <span class='ocrx_word' id='word_1_603' title='bbox 1727 4856 1870 4932; x_wconf 84' lang='lat' dir='ltr'>inflatae</span> <span class='ocrx_word' id='word_1_604' title='bbox 1899 4889 2026 4943; x_wconf 90' lang='lat' dir='ltr'>sonum</span> <span class='ocrx_word' id='word_1_605' title='bbox 2047 4900 2106 4948; x_wconf 88' lang='lat' dir='ltr'>ac-</span> 
     </span>
     <span class='ocr_line' id='line_1_78' title="bbox 1115 4951 1264 5028; baseline 0.013 -22"><span class='ocrx_word' id='word_1_606' title='bbox 1115 4951 1264 5028; x_wconf 92' lang='lat' dir='ltr'>cipiunt.</span> 
     </span>
    </p>

    <p class='ocr_par' dir='ltr' id='par_1_26' title="bbox 1116 5037 2108 5560">
     <span class='ocr_line' id='line_1_79' title="bbox 1166 5037 2106 5157; baseline 0.051 -51"><span class='ocrx_word' id='word_1_607' title='bbox 1166 5066 1183 5156; x_wconf 42' lang='lat'>··</span> <span class='ocrx_word' id='word_1_608' title='bbox 1219 5037 1427 5145; x_wconf 85' lang='lat' dir='ltr'>Significant</span> <span class='ocrx_word' id='word_1_609' title='bbox 1447 5048 1557 5137; x_wconf 89' lang='lat' dir='ltr'>igitur</span> <span class='ocrx_word' id='word_1_610' title='bbox 1578 5058 1712 5129; x_wconf 83' lang='lat' dir='ltr'>vocales</span> <span class='ocrx_word' id='word_1_611' title='bbox 1732 5062 1928 5157; x_wconf 88' lang='lat' dir='ltr'>principem</span> <span class='ocrx_word' id='word_1_612' title='bbox 1943 5081 2106 5152; x_wconf 90' lang='lat' dir='ltr'>omnium</span> 
     </span>
     <span class='ocr_line' id='line_1_80' title="bbox 1116 5145 2105 5274; baseline 0.049 -67"><span class='ocrx_word' id='word_1_613' title='bbox 1116 5154 1266 5259; x_wconf 75' lang='lat' dir='ltr'>artium,</span> <span class='ocrx_word' id='word_1_614' title='bbox 1301 5145 1498 5217; x_wconf 88' lang='lat' dir='ltr'>doctrinam</span> <span class='ocrx_word' id='word_1_615' title='bbox 1522 5155 1721 5245; x_wconf 89' lang='lat' dir='ltr'>religionis,</span> <span class='ocrx_word' id='word_1_616' title='bbox 1755 5190 1845 5257; x_wconf 91' lang='lat' dir='ltr'>quae</span> <span class='ocrx_word' id='word_1_617' title='bbox 1874 5173 1980 5266; x_wconf 87' lang='lat' dir='ltr'>longe</span> <span class='ocrx_word' id='word_1_618' title='bbox 2000 5204 2105 5274; x_wconf 88' lang='lat' dir='ltr'>supra</span> 
     </span>
     <span class='ocr_line' id='line_1_81' title="bbox 1118 5242 2108 5359; baseline 0.046 -49"><span class='ocrx_word' id='word_1_619' title='bbox 1118 5242 1205 5359; x_wconf 80' lang='lat' dir='ltr'>alias</span> <span class='ocrx_word' id='word_1_620' title='bbox 1220 5258 1312 5313; x_wconf 87' lang='lat' dir='ltr'>artes</span> <span class='ocrx_word' id='word_1_621' title='bbox 1332 5248 1524 5337; x_wconf 88' lang='lat' dir='ltr'>collocata,</span> <span class='ocrx_word' id='word_1_622' title='bbox 1549 5260 1723 5345; x_wconf 86' lang='lat' dir='ltr'>gubernat</span> <span class='ocrx_word' id='word_1_623' title='bbox 1747 5272 1867 5341; x_wconf 87' lang='lat' dir='ltr'>omnia</span> <span class='ocrx_word' id='word_1_624' title='bbox 1882 5276 1974 5349; x_wconf 88' lang='lat' dir='ltr'>vitae</span> <span class='ocrx_word' id='word_1_625' title='bbox 1989 5287 2108 5353; x_wconf 89' lang='lat' dir='ltr'>cousi·</span> 
     </span>
     <span class='ocr_line' id='line_1_82' title="bbox 1119 5345 2108 5477; baseline 0.048 -67"><span class='ocrx_word' id='word_1_626' title='bbox 1119 5345 1184 5428; x_wconf 92' lang='lat' dir='ltr'>ba,</span> <span class='ocrx_word' id='word_1_627' title='bbox 1200 5349 1364 5461; x_wconf 30' lang='lat' dir='ltr'>‘negocia</span> <span class='ocrx_word' id='word_1_628' title='bbox 1390 5364 1424 5420; x_wconf 92' lang='lat' dir='ltr'>et</span> <span class='ocrx_word' id='word_1_629' title='bbox 1445 5357 1573 5430; x_wconf 89' lang='lat' dir='ltr'>studia.</span> <span class='ocrx_word' id='word_1_630' title='bbox 1623 5358 1695 5441; x_wconf 81' lang='lat' dir='ltr'>Nec</span> <span class='ocrx_word' id='word_1_631' title='bbox 1720 5392 1802 5439; x_wconf 88' lang='lat' dir='ltr'>vero</span> <span class='ocrx_word' id='word_1_632' title='bbox 1817 5372 1931 5444; x_wconf 85' lang='lat' dir='ltr'>civilis</span> <span class='ocrx_word' id='word_1_633' title='bbox 1948 5382 2108 5477; x_wconf 82' lang='lat' dir='ltr'>discipli-</span> 
     </span>
     <span class='ocr_line' id='line_1_83' title="bbox 1121 5450 2108 5560; baseline 0.049 -47"><span class='ocrx_word' id='word_1_634' title='bbox 1121 5471 1165 5515; x_wconf 93' lang='lat' dir='ltr'>na</span> <span class='ocrx_word' id='word_1_635' title='bbox 1180 5470 1257 5516; x_wconf 89' lang='lat' dir='ltr'>sine</span> <span class='ocrx_word' id='word_1_636' title='bbox 1272 5450 1443 5540; x_wconf 83' lang='lat' dir='ltr'>religione</span> <span class='ocrx_word' id='word_1_637' title='bbox 1462 5459 1607 5528; x_wconf 87' lang='lat' dir='ltr'>retineri</span> <span class='ocrx_word' id='word_1_638' title='bbox 1630 5478 1745 5555; x_wconf 89' lang='lat' dir='ltr'>potest</span> <span class='ocrx_word' id='word_1_639' title='bbox 1752 5493 1762 5556; x_wconf 83' lang='lat'><em>3</em></span> <span class='ocrx_word' id='word_1_640' title='bbox 1796 5490 1830 5543; x_wconf 92' lang='lat' dir='ltr'>et</span> <span class='ocrx_word' id='word_1_641' title='bbox 1855 5474 1944 5548; x_wconf 88' lang='lat' dir='ltr'>iuris</span> <span class='ocrx_word' id='word_1_642' title='bbox 1963 5486 2108 5560; x_wconf 89' lang='lat' dir='ltr'>scientia</span> 
     </span>
    </p>
   </div>
   <div class='ocr_carea' id='block_1_25' title="bbox 1520 5562 1567 5634">
    <p class='ocr_par' dir='ltr' id='par_1_27' title="bbox 1520 5562 1567 5634">
     <span class='ocr_line' id='line_1_84' title="bbox 1520 5562 1567 5634; baseline 0.085 -4"><span class='ocrx_word' id='word_1_643' title='bbox 1520 5562 1567 5634; x_wconf 80' lang='lat'>14</span> 
     </span>
    </p>
   </div>
   <div class='ocr_carea' id='block_1_26' title="bbox 0 0 2350 6020">
    <p class='ocr_par' dir='ltr' id='par_1_28' title="bbox 0 0 2350 6020">
     <span class='ocr_line' id='line_1_85' title="bbox 0 0 2350 6020; baseline 0 0"><span class='ocrx_word' id='word_1_644' title='bbox 0 0 2350 6020; x_wconf 95' lang='lat' dir='ltr'> </span> 
     </span>
    </p>
   </div>
  </div>
 </body>
</html>
