4664 6022
147 255 195 333 ss
547 228 561 283 ⁵
604 252 767 338 onon
799 251 873 336 aa
909 242 1134 338 sronto
1167 266 1525 349 nocrnnaan
1564 273 1727 357 naun.
2133 291 2183 364 as
2300 358 2306 365 .

145 440 253 544 stant.
273 528 283 547 ι
304 426 422 520 Digna
444 444 497 503 est
521 431 669 551 omnino
692 429 858 526 Principe
881 432 959 553 viro
982 454 1068 553 curn
1089 433 1144 504 rei
1194 468 1341 537 quaeso,
1367 447 1411 516 da
1428 471 1546 538 preces
1560 462 1595 520 te
1609 466 1750 524 nostrae
1764 458 1940 549 supplices
1956 452 2112 553 placent,
2135 465 2181 533 da

144 528 345 616 hteranae,
370 547 403 600 et
419 535 515 625 quod
532 533 594 603 rtta
608 547 729 604 renata
749 546 870 627 strpere
884 535 1034 627 inctplat
1048 530 1144 604 Ger·
1193 559 1233 616 ut
1264 549 1419 620 sentiant
1452 547 1691 624 Maximiliani
1726 581 1864 641 manes,
1904 562 2078 653 profuisse
2111 565 2181 634 sibi

145 629 288 749 napnia,
324 647 361 703 et
380 637 475 728 quod
500 636 577 754 sine
595 636 709 706 literis
734 660 840 755 nemo
858 638 1032 731 imperare
1048 650 1142 708 recte
1193 654 1285 737 apud
1305 662 1338 718 te
1362 649 1438 743 pias
1452 647 1631 725 Ecclesiae
1647 681 1784 748 preces,
1817 661 1876 732 cui
1897 677 1936 733 tu
1952 688 2032 733 eum
2052 667 2183 755 guber-

142 748 243 806 serat.
297 731 339 803 ld
356 737 453 830 qnod
476 738 605 807 drxrsse
622 737 998 827 lecturSrgismundus
1013 736 1143 809 Caesar
1192 765 1350 820 natorem
1385 775 1424 822 ac
1452 749 1655 847 Principem
1691 760 1815 837 fecisti.
1883 762 1953 835 Per
1984 766 2180 837 bonitatem

144 836 186 905 ad
202 833 432 905 Ludovicum
448 834 623 911 Comitem
643 836 845 913 Palatinum
866 835 1010 927 Rheni,
1034 864 1141 910 avum
1192 864 1289 921 tuam
1312 848 1453 925 Christe
1476 852 1556 927 lesu
1577 853 1666 951 Opb
1689 859 1785 934 Max.
1807 876 1841 933 te
1858 890 2009 959 quaeso,
2036 869 2179 938 interim

144 936 304 1055 etan-qui
321 932 429 1058 hodie
445 941 618 1011 ditionem
637 941 829 1030 gubernat,
852 965 1043 1037 senemque
1057 966 1140 1034 per·
1191 954 1331 1045 plebem
1355 972 1451 1027 tuam
1473 982 1605 1036 assere,
1640 985 1760 1050 serva,
1793 982 1953 1058 protege,
1989 994 2079 1063 quae
2099 994 2180 1041 san.

141 1062 321 1159 movisse,
354 1056 394 1112 ut
414 1066 485 1111 ram
514 1066 641 1164 canus¹
661 1044 804 1112 Latinas
837 1044 955 1114 literas
980 1044 1141 1163 disceret,
1192 1057 1299 1145 guina
1322 1071 1384 1129 tuo
1409 1061 1568 1145 imbuta,
1600 1088 1673 1134 non
1697 1066 1841 1137 aliunde
1864 1096 1970 1164 quam
1994 1096 2034 1140 cx
2059 1086 2091 1142 te
2111 1074 2179 1143 sibi

144 1164 214 1209 non
239 1142 348 1212 ahter
371 1166 478 1235 quam
499 1141 586 1214 Cato
613 1145 777 1216 (rraecas.
828 1141 1038 1216 Mechanrca
1055 1171 1139 1216 vero
1191 1159 1339 1228 salutem
1359 1175 1485 1253 sperat.
1534 1161 1632 1235 Dixi.

150 1245 321 1336 quaedam
349 1269 368 1312 a
393 1242 640 1314 Maximiliano
664 1246 808 1316 inventa
830 1260 930 1327 sunt,
964 1251 1137 1341 quaedam

145 1358 264 1414 aucta:
310 1369 393 1414 narn
428 1347 472 1415 ad
507 1347 569 1416 illa
604 1371 686 1416 eum
716 1349 809 1417 miro
843 1349 986 1438 ingenio
1020 1350 1140 1434 fuisse,
1192 1408 1204 1422 .

143 1446 262 1534 dignis
284 1447 355 1516 tide
374 1448 521 1518 testibus
544 1449 670 1520 didici.
728 1447 799 1519 Sed
816 1451 902 1542 quid
920 1474 983 1540 ego
999 1449 1156 1542 singula

142 1549 410 1618 commemoro?
443 1563 525 1618 ante
540 1551 662 1620 oculos
680 1552 802 1642 ponite
815 1549 971 1642 Reipub.
987 1549 1139 1623 Germa·
1202 1595 1236 1667 N
1237 1624 1269 1667 ο.
1284 1599 1320 1678 4·

140 1649 242 1721 nicae
258 1664 406 1735 statum,
430 1664 470 1721 ut
484 1651 582 1722 illius
599 1653 765 1746 auspiciis
782 1653 932 1722 erexerit
947 1667 1053 1747 capnt
1068 1677 1139 1724 nu-
1191 1701 1323 1729 Μ
2009 1648 2057 1694 ⁸¹¹·
2085 1626 2179 1697 15²⁰·

140 1744 223 1842 per,
257 1746 328 1822 hoc
349 1766 527 1836 emortuo,
561 1777 583 1822 o
605 1755 692 1840 sata,
721 1769 799 1824 eto
820 1755 1006 1826 necessitas
1028 1758 1136 1825 modo
1559 1806 1566 1825 .
1763 1811 1772 1831 ,
1998 1715 2171 1745 m

139 1877 286 1924 rursum
303 1853 475 1927 demittat.
526 1852 661 1925 Videor
675 1852 765 1925 mihi
780 1857 899 1924 videre
915 1873 997 1928 ante
1014 1858 1137 1928 oculos
1340 1803 1416 1888 De
1439 1805 1592 1891 “itudw
1622 1807 1860 1897 ‘Minime
1891 1812 2028 1904 Pulli·

142 1979 371 2026 communem
400 1970 581 2059 parentum
609 1958 771 2026 omnium
800 1972 964 2027 nostrum
987 1955 1137 2028 Germa-
1259 1980 1409 2051 separatim
1432 1981 1550 2062 prodi-ita
1585 1985 1652 2056 ,tt
1678 1986 1808 2042 Paulinae
1827 1992 1969 2050 doctrinae
1986 1997 2107 2054 studium
2128 2002 2179 2055 ad-

141 2057 243 2126 niam
267 2058 439 2148 pullatam
459 2080 500 2126 ac
520 2058 757 2142 sordidatam,
788 2060 979 2129 miserabili
995 2061 1138 2149 gemitu,
1290 2050 1425 2133 torano,
1455 2051 1564 2132 ¹³²⁸l¹·²
1584 2054 1704 2116 ΛΜ·
1717 2056 1788 2111 ΡΜ
1804 2061 1906 2125 (¹⁶²⁰l·
1924 2064 2022 2148 ⁸·,¹¹la
2035 2067 2093 2151 θ’θ’
2117 2069 2178 2125 Vid-

142 2183 310 2230 revocare
327 2158 550 2229 servatorem
566 2183 689 2231 suum:
722 2174 869 2245 stantes,
896 2157 961 2230 hac
977 2185 1138 2253 proceres
1290 2121 1615 2258 ihiiiiissihii
1633 2123 1898 2250 hiiri'tiilshq‘
1917 2133 1963 2187 ὼ
1979 2136 2179 2210 detrmurept·

143 2260 295 2330 militiae
311 2275 468 2342 nostrae,
494 2261 576 2332 illac
592 2263 742 2331 effusum
757 2284 894 2351 gregem
910 2287 1049 2349 eornm,
1075 2262 1138 2357 qui
1291 2256 1366 2318 ΟΜ·
1380 2257 1450 2378 Mlp'i'·
1464 2276 1492 2327 t·
1508 2260 1550 2322 ¹··
1574 2259 1602 2312 ⁵¹¹
1619 2259 1770 2319 Dectamn.
1788 2264 1822 2324 Τ·
1834 2266 1856 2321 Ῑ·
1869 2289 1898 2340 t¹·.
1909 2270 1954 2340 &a
1979 2270 2007 2325 ³¹¹
2021 2272 2142 2332 Samen.
2155 2278 2179 2332 1·

142 2363 272 2433 studiis
291 2362 387 2453 pacis
407 2356 476 2431 hoc
498 2361 664 2454 Principe
687 2365 862 2454 stipendia
880 2365 1048 2434 lecerunt.
1102 2360 1137 2435 Ο
1293 2325 1377 2398 p.9.,
1436 2325 1733 2441 etart.'r.ttt.p.2a.
1886 2344 1889 2357 Ι

142 2487 208 2534 nos
228 2464 398 2547 miseros,
429 2464 570 2558 quibus·
585 2463 680 2534 hanc
704 2480 776 2533 tam
801 2467 934 2536 clarum
953 2468 1062 2535 solem
1079 2467 1138 2535 in-

143 2566 312 2636 viderunt
341 2567 471 2656 superi.
529 2563 565 2636 Ο
596 2567 796 2636 infoelicem
828 2567 977 2660 patriam
1010 2569 1137 2636 amisso

143 2683 288 2758 parente
313 2666 390 2757 ipso
412 2682 488 2745 tuo.
546 2665 583 2739 Ο
606 2670 805 2738 infoelicem
840 2671 934 2759 pacis
957 2671 1137 2738 alnnmam

143 2770 266 2848 fidem,
293 2769 422 2840 amisso
436 2785 607 2841 assertore
622 2785 696 2844 tuo.
749 2767 1135 2841 Oinloelicemrerum
1190 2761 1374 2862 Equidem
1405 2790 1576 2856 agnosco,
1617 2768 1789 2843 Paulinae
1824 2773 2070 2871 philosophiae
2101 2797 2178 2855 stu·

143 2872 367 2962 publicarum
390 2877 571 2942 custodem
595 2873 841 2957 concordiam,
868 2874 997 2941 amisso
1015 2898 1056 2941 eo
1074 2874 1135 2965 qni
1189 2875 1289 2941 diurn
1312 2869 1415 2938 vobis
1433 2874 1763 2959 commendaturus,
1796 2901 1870 2946 rem
1887 2904 1943 2948 me
1966 2885 2086 2952 conari
2104 2908 2178 2954 non

143 2996 373 3063 peromnem
404 2973 512 3043 vitam
539 2974 749 3043 concordiae
774 2974 850 3042 iura
873 2975 1137 3063 religiosissime
1191 2972 1295 3066 paulo
1319 2973 1486 3041 maiorem
1507 2972 1654 3048 viribus.
1692 2974 1814 3064 ¹Quae
1838 2994 1888 3049 est
1911 2983 2004 3051 enim
2023 2980 2177 3058 humana

143 3088 276 3144 tutatus
299 3087 360 3144 est.
429 3071 465 3144 Ο
487 3077 669 3145 inloelices
691 3074 832 3155 Musas,
873 3078 1003 3144 amisso
1030 3077 1136 3144 troico
1188 3073 1410 3166 eloquentia,
1432 3076 1564 3141 nedum
1579 3099 1676 3154 mea,
1700 3102 1789 3168 quae
1805 3083 1933 3170 possit,
1955 3085 2010 3153 vel
2026 3109 2090 3176 par
2105 3110 2178 3157 esse

142 3200 230 3268 pene
255 3175 435 3268 praesidio
457 3193 585 3247 vestro.
645 3175 785 3265 Quaeso
809 3201 871 3246 vos
895 3179 984 3264 viri,
1014 3178 1137 3266 erigite
1190 3177 1290 3246 Pauli
1315 3176 1481 3244 laudibus
1499 3176 1731 3266 explicandis,
1758 3183 1813 3249 vel
1833 3177 1900 3251 hoc
1915 3186 2097 3256 doctrinae
2117 3211 2178 3276 ge·

141 3278 299 3361 animos,
329 3291 365 3347 ct
386 3275 616 3349 Germaniam
642 3278 756 3369 ipsam
779 3281 997 3370 lapsantem,
1024 3280 1136 3348 oculis
1190 3303 1257 3347 nus
1284 3277 1471 3345 adserere?
1517 3281 1633 3369 qnod,
1667 3284 1895 3369 quantumvis
1919 3309 2049 3374 magno
2071 3285 2178 3359 Chri-

143 3380 450 3469 oontemplamini:
484 3379 546 3451 Me
566 3380 663 3450 enim
689 3379 791 3471 plura
815 3382 931 3449 dicere
955 3406 1027 3449 non
1051 3381 1137 3450 sinit
1188 3382 1322 3451 stiauae
1344 3375 1577 3469 Reipublicae
1604 3378 1718 3463 malo,
1755 3384 1954 3453 seculorum
1972 3387 2109 3481 aliquot
2124 3391 2177 3459 la·
2217 3410 2224 3417 ·

143 3506 238 3551 nunc
260 3480 377 3551 dolor.
422 3477 573 3567 ¹Omnes
594 3481 738 3551 interim
758 3483 849 3552 tanti
870 3480 1047 3572 Principis
1062 3506 1137 3550 mc·
1189 3481 1289 3550 stidit
1308 3502 1519 3562 consensus,
1551 3502 1657 3570 quem
1681 3481 1712 3549 si
1733 3505 1881 3575 usquam
1897 3485 2004 3572 alias,
2030 3504 2123 3559 certe
2138 3492 2196 3569 in,

144 3582 296 3654 moriam
327 3584 623 3674 contemplatione
647 3583 821 3669 virtutum
845 3601 1000 3655 sanctam
1027 3584 1137 3652 duca·
1189 3584 1372 3653 literarum
1395 3579 1540 3664 studiis,
1571 3581 1641 3650 nisi
1663 3605 1737 3651 non
1759 3584 1856 3657 dolet
1884 3589 2063 3671 dediscere
2080 3593 2176 3685 quod

145 3709 241 3766 rnus,
270 3710 341 3778 quo
355 3688 518 3756 nondum
534 3686 625 3754 alius
639 3686 677 3753 in
692 3708 800 3775 regno
816 3682 1048 3772 Germaniae,
1073 3711 1136 3754 ne-
1188 3684 1295 3755 semel
1310 3680 1535 3768 imbibimus,
1561 3683 1837 3773 pertinacissime
1853 3703 2002 3763 tuemur.
2043 3691 2176 3763 Verum

145 3813 210 3882 que
229 3787 415 3874 privatim,
440 3811 555 3881 neque
576 3787 717 3879 publice
733 3787 929 3857 maioribus
945 3810 1136 3856 ornamen-
1188 3783 1268 3858 curn
1290 3785 1329 3854 in
1352 3784 1409 3875 pia
1432 3808 1534 3854 causa
1560 3786 1681 3854 nullus
1701 3787 1746 3859 sit
1769 3813 1842 3858 non
1857 3791 2055 3863 laudandus
2069 3819 2177 3864 cona·

143 3891 186 3967 tis
215 3889 409 3959 illustravit
435 3887 632 3981 Europam.
696 3886 889 3959 Doleamus
921 3913 1041 3957 causum
1069 3915 1136 3955 no·
1174 3904 1262 3972 tus,
1286 3910 1361 3954 non
1376 3887 1537 3956 dubitavi
1551 3889 1719 3957 audacius
1731 3891 1876 3959 fortasse
1896 3917 2000 3983 quam
2018 3898 2174 3986 pruden-

145 4006 275 4074 ttrum,
310 3992 441 4085 quibus
468 3992 686 4060 alienissimo
709 4003 884 4080 tempore,
919 4005 1024 4083 atque
1048 3993 1136 4059 adeo
1188 3991 1275 4072 tius,
1300 3988 1360 4057 sed
1386 3988 1443 4078 pie
1464 4002 1598 4069 tamen,
1624 4012 1717 4074 rem,
1749 3993 1910 4084 quamvis
1925 3994 2057 4085 impar,
2077 4020 2173 4086 egre-

147 4120 207 4173 eo,
240 4117 322 4162 curn
342 4092 603 4187 sapientissimo
624 4091 729 4162 nobis
745 4090 910 4182 Principe
931 4117 1021 4184 opus
1037 4106 1135 4171 esset,
1187 4091 1280 4182 giam
1302 4101 1448 4162 tentare.
1506 4086 1608 4159 Nihil
1630 4103 1741 4171 aetas,
1768 4088 1861 4162 nihil
1884 4097 2037 4166 tenuitas
2054 4112 2174 4168 nostra

144 4192 392 4266 Maximiliano
418 4196 609 4266 carendum
631 4209 692 4265 est.
746 4192 856 4261 vides
877 4209 1010 4278 autem,
1050 4194 1136 4261 lllu·
1188 4189 1460 4275 dehortabatur,
1492 4195 1635 4283 quando
1661 4216 1733 4260 non
1754 4193 1844 4263 alins
1861 4192 2177 4269 lusushancaeta-

145 4297 314 4370 ttrissime
330 4295 501 4388 Princeps
509 4289 553 4364 F
548 4290 716 4381 riderice,
740 4309 781 4365 ut
796 4296 833 4362 in
849 4294 966 4364 teiam
982 4318 1037 4363 res
1053 4295 1139 4362 nni-
1187 4312 1256 4367 tem
1272 4294 1545 4386 perindedecet,
1567 4307 1672 4387 atque
1685 4294 1928 4391 qualecunque
1940 4321 2058 4368 rerum
2068 4295 2177 4370 Chri-

145 4423 262 4471 versae
279 4396 423 4490 imperii
438 4396 597 4470 Romani
614 4398 805 4467 inclinatae
819 4398 1034 4465 recumbant.
1076 4394 1136 4464 Tu
1187 4399 1381 4467 stianarum
1405 4395 1657 4468 rudimentum.
1718 4394 1808 4464 Nam
1823 4402 1920 4490 quod
1937 4400 2055 4471 noluit
2069 4398 2177 4470 Chri-

145 4503 238 4590 pacis
268 4502 407 4586 studia,
440 4503 513 4586 ius,
546 4502 722 4592 fidemque
752 4499 950 4590 publicam,
983 4497 1135 4590 quaein
1188 4514 1261 4568 stus
1275 4509 1480 4564 nosterase
1499 4519 1627 4584 pueros
1641 4496 1771 4581 arceri,
1797 4500 1898 4590 qnasi
1920 4501 2019 4588 signo
2035 4502 2174 4570 sublato

145 4597 310 4675 humeros
338 4604 407 4671 iam
433 4616 512 4672 tuos
534 4603 755 4685 inciderunt,
784 4600 991 4678 sustinebis,
1018 4624 1137 4667 serva·
1188 4597 1459 4670 adulescentiam
1479 4600 1522 4664 ad
1540 4597 1593 4665 sni
1608 4598 1765 4667 studium
1782 4600 1957 4671 invitavit.
2008 4600 2176 4687 Proinde,

144 4705 216 4785 bis,
250 4730 292 4775 ac
323 4705 489 4776 tuebaris.
555 4702 727 4791 Magnum
752 4702 893 4771 virtutis
918 4715 997 4770 tuae
1024 4704 1134 4769 docn-
1187 4702 1256 4771 nisi
1271 4694 1364 4767 nihil
1382 4693 1583 4766 huiusmodi
1596 4699 1687 4768 votis
1701 4699 1899 4788 proficitur,
1922 4701 2175 4793 optarimmihi
2216 4718 2220 4725 '

132 4808 302 4877 'mentum
314 4802 484 4877 hactenus
497 4805 577 4874 orbi
594 4803 741 4873 dedisti:
769 4804 842 4872 lam
861 4804 1135 4871 nunctibicon-
1188 4828 1261 4873 non
1285 4799 1531 4869 inimitabilem
1567 4797 1730 4882 Periclis,
1765 4816 1824 4870 aut
1849 4800 1975 4895 Lysiae
2004 4804 2173 4899 eloqnem

144 4911 330 4981 nitendum
349 4921 420 4988 est,
446 4921 489 4978 nt
510 4932 589 4977 cum
607 4907 854 4981 salntanostra
877 4904 1084 4993 sapientiam
1102 4920 1136 4975 ct
1188 4908 1291 4977 tiam:
1325 4925 1476 4996 quorum
1497 4900 1642 4969 alterius
1667 4902 1765 4970 labra
1782 4897 1904 4972 Pectho
1927 4903 2096 4974 insedisse
2113 4931 2175 4974 ve·

144 5013 309 5082 virtutem
332 5022 429 5079 tuam
453 5009 676 5078 coniunxisse
701 5007 864 5078 videaris.
917 5004 995 5074 Hoc
1011 5029 1136 5092 snper·
1187 5023 1244 5076 tus
1265 5001 1458 5075 Comoedia
1489 5014 1650 5071 testatur:
1682 5003 1832 5072 alterum
1855 5003 1958 5073 etiam
1987 5006 2048 5075 illc
2079 5007 2174 5075 iuxta

145 5126 211 5197 est,
234 5126 277 5183 ut
310 5113 419 5181 sacris
454 5110 547 5180 votis
573 5109 712 5203 piisque
735 5108 871 5176 inferiis
897 5106 1135 5176 Maximiliani
1188 5105 1369 5198 Apollinis
1381 5102 1562 5171 oraculum
1577 5103 1716 5192 sapiens
1730 5102 1892 5173 Socrates
1905 5107 2098 5176 admiratus
2112 5123 2175 5178 est.

144 5216 295 5283 animam
322 5236 595 5306 prosequamur,
627 5210 723 5304 quod
749 5204 822 5291 illi,
857 5209 913 5276 rel
932 5209 1135 5297 utparenti,
1187 5209 1255 5281 Sed
1284 5206 1386 5276 illurn
1409 5204 1523 5294 ipsum
1549 5225 1632 5272 vere
1662 5203 1889 5274 flexanimum
1911 5203 2082 5276 Paulinae
2103 5208 2175 5274 lin·-

144 5311 318 5406 Principi,
345 5315 401 5383 vel
416 5327 457 5384 ut
471 5314 593 5393 fratri,
619 5307 759 5382 homini
774 5310 921 5380 debetis.
973 5309 1136 5402 Tuqno-
1187 5333 1274 5400 guae
1296 5305 1483 5398 spiritum,
1514 5304 1687 5375 divinitus
1714 5307 1949 5396 suppeditari,
1983 5323 2017 5377 et
2043 5308 2175 5377 oratio·

143 5440 207 5509 que
223 5441 288 5507 per
304 5417 501 5486 bonitatem
516 5429 613 5484 tuam
630 5409 770 5484 Christe
790 5410 869 5480 lesu
885 5407 1136 5502 Opt.h1ax.te
1188 5435 1270 5483 nem
1294 5421 1452 5477 nostram
1476 5405 1733 5490 animatorum,
1765 5420 1801 5476 ct
1826 5422 1965 5499 pectora
1989 5421 2102 5477 vestra
2128 5412 2174 5478 ad

187 5523 371 5588 llrnarrn.
398 5520 505 5590 Orn.
530 5508 615 5588 Ver..
643 5518 708 5586 xl.
1538 5506 1562 5574 3

1214 2500 1440 2574 Adhortntio
1476 2501 1527 2573 ad
1561 2501 1796 2579 christianae
1830 2507 2046 2607 doctrinae,
2086 2542 2154 2612 per

1370 2604 1563 2676 Paulum
1584 2608 1781 2701 proditae,
1812 2613 1996 2688 studium.

1783 2197 1936 2257 mitiacum.
1983 2202 2086 2259 Recusa
2105 2208 2180 2277 apud
2256 2235 2265 2258 ο
