4672 6016
159 300 239 380 606
394 408 398 421 1
585 301 751 383 DECL.
790 301 867 379 DE
899 299 1358 380 CONIUNCTIONE
1393 299 1773 381 SCHOLARUM.
1840 304 1844 308 ’
2126 302 2201 376 606

262 481 395 548 Verum
426 471 518 548 hauc
547 477 801 550 obstrusiorem
825 477 1155 571 interpraatiouem
1205 475 1347 553 Noas.
2022 507 2071 550 an.
2090 485 2184 552 told.

153 578 307 653 omitto:
356 604 439 649 uam
476 574 661 650 historiam
692 593 831 652 tantum
861 581 1154 651 considerandam
1206 574 1346 603 Μ
2017 574 2188 604 *⁶⁴⁹

153 706 359 776 proponere
389 680 489 752 volui
514 681 816 768 adolescentibus,
850 696 891 754 ut
913 684 1025 754 sciant
1045 681 1155 774 perti-
1332 733 1383 818 D
1535 734 1543 753 .
1660 734 1668 753 .
1782 730 1870 819 sk
1900 735 1920 816 l

153 808 245 855 nere
269 781 360 858 hauc
383 784 593 855 sententiam
615 786 659 855 ad
684 798 792 856 totam
818 781 1012 856 Ecclesiam
1034 783 1154 855 omni·
1384 760 1408 819 θ
1438 742 1752 818 mmmmm
1818 759 1840 814 ⁶
1873 759 1897 817 ⁰
1918 759 2061 818 amm·

152 887 228 1007 bns
248 886 477 980 temporibus.
534 882 583 957 Et
603 901 643 958 ut
670 887 719 977 pii
741 884 826 957 hinc
848 899 968 978 petant
992 888 1155 957 consola·
1275 923 1306 977 1„
1320 923 1441 978 nectam.
1455 921 1487 976 T.
1502 920 1547 975 qv⁸
1587 921 1658 981 ,tet
1671 941 1701 994 sq
1724 959 1746 988 η
1772 920 1850 976 md,
1863 920 1930 1003 m,
1948 910 2029 993 ως,
2043 930 2069 976 ,3
2083 921 2112 975 in
2125 919 2192 974 επ.

151 1002 313 1076 tionem,
355 1015 423 1081 qua
461 1011 534 1058 sese
567 1003 765 1060 sustentent
800 1005 905 1082 atque
934 990 1153 1059 confirment.
1307 1003 1373 1048 vest.
1391 938 1605 1062 tte-ptis.
1633 993 1689 1075 η(κ.
1741 991 1841 1051 etsnn.
1861 990 1944 1062 ttpsn.
1965 990 2071 1047 votv.
2090 991 2192 1100 ρὶιπ.

151 1090 282 1164 Sciant
304 1091 436 1163 servari
457 1085 672 1175 Ecclesiam,
702 1089 778 1162 Deo
801 1092 1011 1164 mirabiliter
1035 1105 1153 1184 prote·
1303 1062 1828 1188 ,221⁸{fississn'miiiii'hiiwiism
1845 1060 1926 1132 1549,
1950 1062 2101 1116 secuntum
2117 1071 2193 1114 ‘m'

149 1209 262 1285 gente
296 1218 359 1277 sna
396 1217 525 1277 manu,
564 1192 604 1261 in
637 1188 692 1263 his
723 1194 849 1264 mundi
877 1194 1154 1287 tempestatibus,

147 1293 235 1369 Deo
265 1309 469 1366 transeunte
490 1317 602 1389 usque
623 1298 667 1366 ad
692 1320 773 1368 eum
797 1297 913 1382 diem,
947 1321 1019 1391 (1⁰0
1042 1296 1153 1387 εῐῡῑὶ·
1201 1312 1332 1381 Oratio
1362 1305 1409 1378 cle
1436 1313 1657 1380 necessario
1687 1311 1945 1380 coniunctione
1967 1305 2193 1381 scholarum

150 1398 294 1469 ficands
311 1412 375 1470 est·
1252 1434 1337 1485 sum
1351 1415 1569 1484 Ministers'o
1583 1413 1796 1507 Evangelii,
1822 1414 1968 1485 oDoet.
1993 1415 2141 1483 Bera-

262 1498 355 1570 Vere
378 1512 412 1569 et
433 1523 528 1569 nunc
544 1500 643 1571 velut
660 1498 699 1571 iu
714 1502 851 1574 deserto
867 1515 1013 1592 vagatur
1028 1496 1152 1572 Eccle-
1401 1511 1548 1587 kardo
1575 1517 1789 1612 zieqtera
1814 1519 1988 1588 recitata.
2071 1587 2074 1591 ,

148 1604 229 1686 sia,
259 1605 337 1672 exul
363 1615 397 1673 et
422 1624 544 1672 errans
566 1603 644 1672 sine
668 1619 760 1677 certa
778 1606 878 1690 sede,
901 1604 980 1675 sine
996 1598 1152 1674 humana

142 1705 373 1781 defensione.
431 1701 601 1790 interim,
632 1718 672 1777 ut
692 1706 730 1777 iu
755 1707 818 1777 illo
841 1706 992 1798 populo,
1025 1727 1151 1796 magna
1202 1681 1300 1771 cum
1321 1692 1390 1768 hoc
1412 1697 1489 1768 loco
1512 1692 1600 1765 mihi
1626 1696 1845 1766 consuetudo
1867 1694 2109 1765 necessitatem
2125 1694 2192 1763 im-

141 1808 349 1897 ,multitudo
385 1806 520 1892 delicit,
561 1820 595 1879 et
623 1808 696 1880 ruit
725 1809 762 1878 in
793 1822 972 1879 aeternam
1002 1809 1090 1879 iram
1117 1821 1152 1880 et
1201 1814 1348 1893 poneret
1379 1802 1423 1871 de
1449 1813 1657 1888 argumento
1680 1797 1911 1869 ecclesiastico
1934 1796 2093 1877 dicendi,
2136 1796 2194 1865 in·

144 1923 318 1983 aeternas
349 1933 493 2001 poenas.
547 1907 719 1980 Videmus
747 1909 863 2002 Reges
894 1925 929 1983 et
957 1909 1153 2004 Principes,
1201 1928 1270 1999 que
1297 1917 1393 1974 tanta
1408 1903 1645 1971 'maximarum
1668 1925 1786 1971 rerum
1801 1900 1900 1990 copia
1915 1898 2036 1969 multis
2051 1901 2095 1969 de
2109 1924 2192 1969 cau·

147 2025 189 2083 et
212 2012 403 2083 maximam
427 2011 692 2081 multitudinem
715 2007 900 2085 hominum
923 2026 1152 2084 contemnere
1199 2009 1248 2079 sis
1264 2006 1387 2075 electio
1404 2017 1491 2074 esset
1508 2005 1677 2076 difficilis:
1699 2003 1834 2095 sumpsi
1848 2004 1991 2072 tandem
2008 2001 2193 2074 materiam

123 2114 354 2191 'doctrinam
378 2110 584 2202 Evangelii,
611 2129 646 2184 et
667 2138 842 2185 accersere
867 2115 934 2185 sibi
960 2110 1151 2186 horribiles
1200 2108 1351 2180 maxime
1384 2108 1584 2197 vulgarem,
1621 2106 1721 2176 cuius
1750 2105 1985 2175 consideratio
2007 2118 2125 2174 tamen
2146 2105 2192 2174 ad

146 2240 287 2313 poenas
323 2230 357 2286 et
395 2215 552 2288 exitium.
615 2211 665 2286 Et
699 2218 865 2308 exiguum
898 2230 1036 2288 coetum
1075 2239 1148 2287 esse
1200 2211 1382 2282 excitanda
1397 2209 1515 2280 studia
1530 2208 1713 2280 literamm
1731 2208 1954 2294 conduceret,
1978 2220 2195 2277 etnoscoo·

145 2318 397 2417 profitentium
422 2342 499 2387 eam
523 2318 740 2404 doctrinam,
766 2321 931 2391 orbatum
957 2318 1151 2411 praesidiis,
1198 2315 1354 2385 firmaret
1376 2313 1419 2381 ad
1446 2306 1513 2382 hoc
1534 2312 1625 2382 vitae
1648 2334 1758 2402 genus
1779 2311 1890 2400 magis
1913 2311 2124 2393 amandum,
2159 2322 2194 2380 et

139 2436 192 2513 ‚gt
211 2421 473 2491 conflictantem
495 2419 603 2489 variis
621 2422 810 2491 aerumnis.
861 2421 932 2492 Sed
948 2422 1151 2492 intueamur
1197 2417 1326 2487 fortius
1351 2417 1538 2484 ferendum
1563 2415 1704 2484 labores
1725 2413 1874 2483 militiae
1896 2406 2015 2485 huius.
2066 2406 2191 2481 Dicam

151 2522 234 2603 illas
262 2522 432 2612 imagines
460 2521 657 2614 propositas
680 2523 719 2592 in
741 2519 890 2594 historia
916 2524 1039 2615 populi
1064 2523 1149 2595 Dei:
1200 2518 1296 2589 enim
1319 2519 1363 2588 de
1385 2513 1515 2588 scholis
1537 2517 1740 2586 literarum:
1766 2541 1807 2586 ac
1828 2514 2029 2598 ostendam,
2054 2535 2193 2606 semper

123 2626 306 2717 aciamus
338 2648 434 2695 nunc
459 2647 601 2718 quoque
622 2624 705 2695 duci
730 2621 922 2696 Ecclesiam
948 2650 1010 2717 per
1031 2627 1150 2696 deser·
1199 2619 1348 2692 consilio
1365 2619 1432 2691 Dei
1446 2620 1581 2690 additas
1597 2620 1703 2691 luisse
1717 2614 1855 2688 scholas
1865 2611 2051 2697 Ecclesiis,
2077 2629 2111 2685 et
2126 2616 2192 2685 ad-

116 2698 253 2811 k'terrm
278 2740 312 2796 et
335 2728 402 2817 tegi
427 2727 523 2797 nube
545 2743 579 2800 et
602 2726 753 2797 flammis
777 2727 1007 2815 coelestibus,
1031 2741 1065 2799 et
1077 2729 1149 2833 gd·
1198 2723 1299 2813 iungi
1326 2736 1501 2815 oportere.
1560 2718 1656 2792 Mihi
1682 2721 1827 2815 quidem
1849 2738 1995 2808 maguae
2019 2716 2193 2810 voluptati

138 2854 227 2927 3esse
243 2832 368 2899 ducem
385 2823 589 2914 Christum,
614 2842 654 2900 ut
670 2830 743 2899 illis
760 2831 885 2906 adsuit.
1198 2839 1270 2918 est,
1296 2848 1376 2896 eum
1400 2825 1520 2905 omnia
1537 2819 1714 2894 Ecclesiae
1734 2837 1909 2914 tempora,
1934 2834 1968 2892 et
1989 2820 2192 2890 universam

119 2944 124 2951 '
256 2929 376 3019 Quare
399 2932 647 3002 confirmemus
668 2932 824 3017 animos,
856 2949 890 3005 et
912 2946 1007 3004 certo
1028 2946 1149 3004 tenea·
1198 2924 1427 3000 historiarum
1459 2927 1587 2997 seriem
1613 2926 1734 2996 animo
1765 2939 1903 3017 repeto,
1944 2923 2044 3017 quasi
2072 2946 2192 2992 coram

137 3055 233 3115 ‚rnus
259 3028 351 3102 hanc
372 3033 603 3115 sententiam,
637 3037 731 3124 quod
753 3032 849 3102 Deus
874 3037 921 3104 sit
945 3049 1149 3105 servaturus
1198 3032 1319 3100 videre
1343 3043 1395 3099 tot
1420 3030 1555 3098 lumina
1573 3029 1711 3119 generis
1727 3023 1893 3110 humani,
1918 3022 2054 3110 Adam,
2079 3022 2194 3109 Nolte,

116 3120 370 3213 'Ecclesiam
410 3151 501 3218 quae
539 3131 666 3199 retinet
699 3134 898 3202 doctrinam
930 3136 1096 3205 traditam
1127 3161 1148 3206 a
1197 3130 1302 3219 Sem,
1326 3126 1528 3214 Abraham,
1554 3126 1703 3222 loseph,
1727 3127 1865 3209 Eliam,
1891 3125 2069 3212 Eliseum,
2092 3125 2193 3219 Apo-

147 3233 316 3317 Christo,
355 3222 544 3321 Prophetis
574 3242 608 3298 et
639 3229 837 3320 Apostolis:
877 3234 968 3306 sicut
1002 3249 1149 3308 testatur
1197 3233 1318 3305 stolos.
1369 3229 1540 3303 Arbitror
1561 3244 1597 3301 et
1616 3231 1717 3301 vobis
1739 3231 2030 3301 iucundissimam
2050 3252 2122 3298 esse
2137 3253 2193 3298 re-

149 3335 359 3410 dulcissima
388 3329 574 3421 promissio
603 3334 698 3421 apud
721 3327 885 3418 Esaiam,
918 3359 998 3404 cum
1030 3337 1148 3431 inquit
1196 3335 1441 3405 cordatiouem
1470 3347 1505 3404 et
1532 3335 1693 3404 viromm
1724 3333 1868 3415 talium,
1900 3342 1935 3400 et
1958 3331 2190 3399 maximarum

151 3440 272 3510 Deus:
299 3432 378 3505 Hoc
397 3432 524 3502 foedus
545 3456 663 3502 meum
685 3458 765 3503 cnm
783 3435 853 3520 eis,
876 3434 1031 3528 Spiritus
1050 3462 1148 3508 mens
1197 3450 1626 3527 rerumquasgesseruut.
1682 3432 1759 3504 Etsi
1778 3435 1886 3523 igitur
1902 3433 1940 3501 in
1956 3431 2118 3522 eligendo
2133 3455 2191 3500 ar·

153 3537 220 3628 qui
245 3550 296 3606 est
320 3537 357 3604 iu
381 3548 435 3618 te,
465 3548 501 3604 et
525 3535 632 3604 verba
657 3559 753 3617 mea,
786 3561 877 3631 quae
898 3540 1002 3629 posui
1024 3539 1062 3608 in
1084 3564 1147 3609 ore
1197 3552 1376 3627 gumento,
1401 3538 1572 3608 suavitate
1587 3532 1713 3605 harum
1730 3560 1848 3605 rerum
1867 3535 2045 3616 movebar,
2071 3547 2190 3604 umen

117 3633 280 3721 'TUO‚
312 3662 385 3707 uon
411 3637 574 3706 recedent
597 3638 642 3706 de
665 3632 772 3710 ORE
798 3635 926 3724 TUO,
953 3665 996 3710 ne
1019 3645 1063 3711 de
1085 3667 1147 3711 ore
1197 3639 1260 3707 illa
1284 3640 1399 3709 maior
1420 3662 1522 3710 causa
1547 3638 1625 3713 luit.
1676 3636 1758 3709 Scio
1781 3663 1846 3708 nos
1868 3632 2094 3707 scholasticos
2117 3661 2190 3706 non

147 3740 296 3810 seminis
323 3738 394 3816 tui,
420 3737 505 3808 dicit
523 3734 719 3830 Dominus,
744 3766 764 3810 a
790 3744 902 3810 modo
920 3757 954 3814 et
979 3746 1146 3838 usquein
1196 3741 1312 3821 solum
1349 3741 1461 3812 iacere
1496 3755 1652 3833 spretos,
1691 3742 1752 3810 sed
1784 3741 1889 3812 etiarn
1924 3739 1963 3807 in
1992 3740 2075 3808 odio
2105 3762 2190 3810 esse.

146 3841 419 3932 sempiternum.
471 3837 630 3910 Sciamus
653 3843 761 3933 igitur
780 3857 816 3915 et
831 3845 961 3915 nostris
976 3841 1145 3918 Ecclesiis
1198 3842 1308 3914 Multi
1332 3860 1468 3914 nostras
1489 3866 1630 3934 operas,
1654 3868 1728 3914 nou
1748 3867 1822 3913 rem
1839 3840 2070 3912 necessariam
2088 3839 2191 3926 vitae,
2232 3862 2235 3867 ·

117 3948 123 3977 ³
147 3945 358 4018 adiuturum
371 3935 575 4022 Christum,
597 3945 777 4014 sedentem
789 3947 833 4015 ad
850 3948 1007 4019 dextram
1019 3947 1146 4035 Patris,
1196 3949 1257 4017 sed
1282 3948 1449 4036 ignavum
1475 3947 1588 4016 otium
1612 3968 1685 4016 esse
1706 3959 1866 4016 censent:
1899 3940 2082 4033 theologos
2105 3966 2190 4013 vero

117 4034 184 4137 ξεί
207 4058 413 4137 regnantem
435 4042 539 4113 etiam
557 4043 653 4116 inter
667 4047 804 4117 medios
820 4042 957 4134 hostes,
978 4063 1013 4119 et
1028 4072 1147 4121 serva·
1196 4049 1322 4129 etiam,
1354 4062 1394 4119 ut
1420 4041 1653 4144 καθάρματα
1675 4061 1709 4116 et
1732 4061 1847 4139 pestes
1869 4043 2087 4136 Rerempub.
2111 4068 2192 4115 exe·
2307 4036 2311 4045 ’

117 4138 271 4235 'turum
287 4145 425 4239 aliquas
438 4143 606 4238 reliquias
620 4148 757 4236 piarum
772 4143 987 4238 scholarum,
1007 4152 1145 4224 etiamsi
1196 4166 1352 4225 crantor.
1401 4150 1474 4220 Nec
1489 4173 1552 4240 ego
1569 4152 1657 4219 adeo
1672 4149 1773 4219 rudis
1787 4164 1820 4220 et
1834 4147 2020 4240 imperitus
2038 4171 2115 4217 sum
2135 4171 2192 4231 re-

117 4248 134 4341 '.
145 4250 326 4321 muudum
341 4246 546 4338 oppriment
563 4272 695 4338 poenae
712 4264 747 4319 et
762 4251 986 4327 calamitates.
1196 4276 1277 4324 rum
1300 4248 1556 4333 humanamm,
1581 4266 1619 4322 ut
1636 4250 1789 4344 arbitrer
1805 4250 2013 4344 cuiusquam
2029 4250 2190 4320 oratione

117 4350 140 4441 ἰ
253 4347 366 4418 Modo
383 4372 449 4418 nos
464 4351 659 4438 cogitemus
673 4353 717 4420 de
734 4365 856 4422 nostro
873 4354 1008 4439 officio,
1035 4355 1145 4425 simus
1195 4355 1313 4424 sanari
1339 4378 1438 4445 posse
1460 4377 1584 4426 omnes
1606 4353 1667 4448 qui
1690 4353 1740 4423 sic
1762 4353 1933 4424 sentiunt.
1984 4350 2053 4422 Sed
2070 4366 2188 4422 tamen

117 4450 241 4545 *grati
270 4475 334 4542 pro
364 4452 444 4521 data
476 4452 554 4521 luce
577 4447 785 4543 Evangelii,
820 4455 1036 4526 retineamus
1058 4481 1144 4526 cou—
1195 4480 1297 4526 srror
1325 4457 1385 4525 ille
1416 4458 1589 4528 taxandus
1616 4470 1686 4542 est,
1718 4471 1759 4527 ut
1781 4479 1845 4525 nos
1866 4454 1958 4524 vitae
1982 4476 2112 4542 genus,
2145 4455 2190 4521 ad
2243 4452 2249 4462 '

117 4576 120 4583 ·
141 4552 336 4627 sessionem
356 4576 464 4641 purae
479 4553 679 4639 doctrinae,
706 4555 836 4626 uostris
852 4558 997 4643 studiis,
1023 4558 1095 4629 vita
1111 4573 1145 4630 et
1194 4559 1291 4653 quod
1309 4557 1481 4630 divinitus
1498 4558 1612 4631 vocati
1632 4582 1774 4642 sumus,
1797 4556 1925 4626 melius
1940 4554 2191 4645 intelligamus,

142 4654 309 4727 moribus
339 4677 507 4724 ornemus
535 4649 751 4741 Ecclesiam,
790 4659 998 4730 adiuvemus
1027 4661 1143 4730 studia
1195 4673 1231 4733 st
1252 4673 1393 4730 nostros
1415 4661 1553 4731 animos
1577 4660 1616 4729 iu
1641 4654 1709 4729 hoc
1734 4682 1839 4731 eursu
1859 4671 1981 4727 nostro
2004 4656 2191 4726 confirme-

133 4771 181 4837 ,εἰ
202 4752 352 4829 scholas.
406 4753 551 4826 interim
570 4755 706 4826 etiamsi
722 4760 998 4832 conflictandum
1016 4776 1143 4832 atva-
1194 4785 1293 4848 mus,
1317 4775 1352 4831 et
1374 4761 1554 4855 aliquibus
1576 4763 1681 4831 bonis
1703 4760 1855 4852 ingeniis
1873 4759 1911 4828 iu
1929 4754 2115 4829 hoceoetu
2134 4760 2191 4830 iu·

140 4855 211 4935 riis
235 4857 433 4943 aerumnis,
458 4859 665 4928 invocemus
686 4854 783 4930 hunc
799 4878 959 4933 nostrum
975 4874 1143 4953 magnum
1195 4887 1344 4947 venum,
1373 4864 1434 4957 qui
1462 4887 1528 4951 nos
1557 4864 1678 4949 audit,
1711 4859 1894 4943 honestas,
1919 4875 1954 4930 et
1983 4885 2064 4931 vere
2086 4863 2190 4932 utiles

141 4962 272 5037 ducem
293 4974 328 5029 et
341 4960 568 5029 liberatorem
584 4958 698 5031 tilium
717 4959 801 5048 Dei,
827 4977 861 5033 et
875 4989 945 5033 nna
962 4988 1048 5034 voce
1062 4989 1144 5056 pre-
1194 4964 1383 5058 opiniones
1411 4964 1617 5037 inseramus.
1693 4961 1792 5054 Quid
1823 4962 2011 5054 gloriosius
2043 4965 2190 5055 cogitari

141 5084 287 5142 remur,
312 5075 352 5133 ut
370 5058 468 5131 Deus
482 5059 587 5131 Pater
608 5076 773 5135 aeternus
796 5065 1003 5137 misereatur
1017 5062 1143 5136 Eccle-
1195 5078 1328 5160 potest,
1359 5091 1466 5160 quam
1490 5089 1575 5151 nos,
1601 5067 1666 5140 etsi
1689 5066 1871 5151 doctrina,
1895 5063 2089 5156 sapientia,
2116 5067 2190 5136 vir-

118 5164 221 5269 ,stae
241 5187 343 5249 suae,
368 5177 402 5233 et
423 5186 500 5232 eam
517 5178 632 5235 servet
647 5180 793 5258 propter
807 5167 910 5238 illum
927 5168 1043 5258 ipsum
1059 5166 1142 5238 Me-
1193 5183 1269 5242 tute
1294 5167 1400 5259 longe
1419 5168 1607 5239 inferiores
1629 5191 1771 5252 sumus,
1804 5182 1922 5238 tamen
1946 5191 2069 5239 revera
2096 5167 2189 5237 idern

118 5274 120 5279 ’
140 5264 321 5341 diatorem
335 5278 370 5334 et
383 5254 592 5336 Pontificem
607 5280 768 5338 nostrum
779 5263 985 5357 Christum,
1010 5282 1046 5341 et
1059 5285 1142 5341 tau·
1191 5293 1323 5342 munus
1335 5269 1512 5343 sustinere
1524 5271 1563 5341 iu
1574 5267 1731 5342 Ecclesia
1741 5267 1834 5356 Dei,
1858 5271 1955 5363 quod
1970 5270 2191 5341 sustinebant

133 5370 229 5465 'dem
260 5380 419 5437 conterat
439 5363 606 5438 Satanam
631 5371 873 5441 adversarium
896 5374 965 5444 sub
987 5372 1141 5464 pedibus
1191 5372 1246 5442 illi
1270 5372 1401 5443 summi
1423 5373 1514 5456 viri,
1545 5369 1666 5458 Nohe,
1692 5370 1793 5457 Sem,
1818 5368 2025 5459 Abraham,
2052 5369 2191 5458 lesaias,

143 5469 287 5542 nostris·
338 5465 434 5539 Din'·
1191 5472 1378 5557 Ieremias,
1413 5470 1593 5570 Baptista,
1628 5471 1820 5566 Apostoli?
1869 5469 1948 5566 Ego
1979 5477 2024 5544 de
2054 5473 2191 5545 nullius

1395 5670 1405 5702 t
