1748 1702
361 171 387 192 66

363 215 416 234 terris
425 214 456 233 hie
470 215 498 233 sol
510 214 568 233 vidit?
592 214 683 233 Hactenus
696 215 799 235 docuimus,
809 220 862 239 ¹quae

365 244 416 264 cogat
428 241 522 258 necessitas
535 244 601 258 certam
612 240 684 258 dicendi
699 241 787 258 rationem
800 240 862 258 sectari

366 273 386 285 nc
393 267 447 288 tueri,
453 272 499 290 quae
505 266 520 284 si
528 272 581 289 quem
587 272 650 289 parum
658 270 724 287 movet,
732 266 748 284 ei
756 272 798 283 vero
805 266 862 286 multo

366 292 430 310 iustius
441 292 487 310 asini
498 292 586 309 auriculas
596 292 629 309 Dii
639 292 752 313 addiderint,
764 298 817 315 quam
825 290 860 308 Mi-

367 318 405 335 dae.
430 317 505 335 Accedit
514 316 549 335 hue
561 323 599 334 non
612 318 753 335 contemnendus
763 317 863 335 studiorum

368 343 480 367 eloquentiae
489 343 561 364 fruetus,
573 343 622 366 quod
631 349 690 360 earum
697 343 763 360 artium
772 348 810 364 usu,
823 342 864 365 qui-

367 369 401 391 bus
415 368 514 392 eloquentia
526 369 636 389 continetur,
652 368 760 389 excitantur,
777 368 863 386 erudiun-

367 397 432 417 turque
437 394 517 416 ingenia,
528 397 549 411 nt
557 399 585 411 res
593 393 680 411 humanas
687 400 749 411 omnes
758 393 864 417 prudentius

367 419 472 442 dispiciant,
485 425 542 443 neque
552 419 625 442 propius
637 419 701 437 umbra
712 425 776 442 corpus
785 420 864 436 adsecta-

367 448 405 466 tur,
418 451 471 468 quam
479 444 598 468 eloquentiam
607 445 701 463 comitatur
710 444 811 467 prudentia.
837 444 864 462 De

367 471 420 488 rebus
436 469 520 488 humanis
533 469 592 488 adhuc
606 471 680 494 loquor,
696 471 718 488 de
731 470 784 487 sacris
798 473 863 493 postea.

368 495 459 514 videbant
469 496 517 513 inter
526 501 545 513 se
556 496 632 513 maiores
642 496 698 513 nostri
710 495 753 513 haec
760 496 805 513 duo:
818 496 864 513 bene

367 521 439 539 dicendi
449 521 550 542 scientiam,
563 524 581 539 et
591 521 647 539 animi
660 521 746 539 iudicium
758 525 821 539 natura
834 527 864 538 co-

367 545 448 564 haerere:
465 553 520 570 quare
530 550 547 564 et
558 553 596 564 non
609 547 665 570 inepti
677 547 749 570 quidam
765 547 864 564 orationem

367 578 404 590 esse
420 572 512 592 dixerunt,
533 572 637 595 explicatam
651 572 707 589 animi
722 572 815 590 rationem.
840 571 865 589 Et

367 597 456 615 Homerus
462 597 516 615 Poeta
523 598 586 615 iisdem
595 598 715 621 eloquentiam
723 604 743 615 ac
752 598 864 621 prudentiam

367 623 437 641 tribuit.
461 622 514 640 Mitto
523 623 558 640 iarn
565 623 616 644 alios,
630 623 695 647 Ulyssi,
707 623 757 641 euius
765 623 863 640 orationem

367 647 453 672 hybernis
464 648 536 666 nivibus
546 652 645 672 comparat,
658 652 749 672 utrunque
760 655 797 666 uno
808 648 864 666 versi-

363 674 408 692 ·culo
415 674 509 695 adscribit,
522 680 562 691 cum
570 674 637 697 inquit:

388 703 413 719 ool
423 701 438 719 d*
448 702 470 718 ἶνι
479 702 508 723 μὲν
518 702 573 724 μορφὴ
585 702 642 722 ἐπέων,
654 701 675 719 ἴνι
685 702 702 719 δὲ
713 702 768 724 φρένες
779 702 840 719 ἐσθλαὶ.

367 728 404 747 Nec
410 733 489 752 tempero
497 727 548 750 mihi,
557 735 593 752 quo
601 729 661 746 minus
669 735 767 746 recenseam
775 733 793 746 et
800 729 864 747 Latine

367 755 390 772 ab
397 754 467 772 erudito
475 755 552 778 quodam
561 760 670 777 expressum:

418 785 469 801 Mente
477 783 528 807 veles,
541 787 592 801 innota
599 789 621 801 est
629 786 698 802 stcuudis
705 787 752 807 gretie
759 786 809 801 dietis.

366 812 469 831 Odivinam
476 814 589 835 sententiam,
603 813 807 837 multoquedigniorem,
820 819 864 837 quae

367 839 592 862 iuvenilibus'pectoribus
608 839 676 857 solicite
695 839 792 859 inseratur,
810 845 864 863 quam

367 863 449 888 delphica
457 864 525 888 aliquot
536 865 584 882 scita.
605 864 654 887 Quid
662 865 710 882 enirn
718 866 808 888 spectabat
814 865 863 882 aliud

367 890 445 913 optimus
456 896 518 911 senex,
534 896 588 913 quam
600 890 625 908 sic
637 891 684 908 inter
697 896 715 908 se
727 891 816 913 eopulatas
827 896 864 907 esse

366 916 480 939 prudentiam
491 921 511 933 ac
521 916 651 939 eloquentiam,
668 919 689 933 ut
701 916 763 933 divelli
774 916 823 934 nulla
835 922 864 933 ra-

366 941 415 959 tione
423 942 497 964 possint.
510 940 569 964 Atque
576 941 644 959 utinam
651 941 686 959 sibi
693 947 754 959 omnes
760 942 864 959 adulescen-

367 970 392 984 tes
400 965 448 984 hune
457 967 563 984 versiculum
572 967 682 990 propositum
693 970 764 990 putent,
777 973 863 990 quorsum

366 995 452 1015 tanquam
460 992 482 1009 ad
490 998 562 1015 scopum
572 992 632 1009 omnia
640 992 698 1010 studia
706 998 743 1013 sua,
751 993 863 1016 rationesque

366 1017 451 1040 dirigant,
463 1017 575 1040 sentiantque
583 1018 618 1034 sibi
626 1024 697 1035 omnem
705 1023 784 1040 operam,
797 1024 863 1037 curam,

366 1043 478 1064 industriam,
486 1043 616 1065 cogitationem,
624 1047 701 1061 mentem
706 1043 783 1066 denique
791 1049 863 1060 omnem

366 1069 385 1086 in
395 1066 424 1085 his
437 1068 506 1086 artibus
521 1068 605 1091 parandis
619 1068 707 1090 figendam
724 1074 769 1085 esse:
786 1074 862 1092 quarum

365 1093 454 1111 Homerus
467 1092 515 1111 haud
527 1093 581 1111 dubie
590 1094 614 1111 ob
626 1100 666 1111 eam
673 1099 743 1111 causam
754 1094 862 1111 mentionem

365 1119 415 1140 feeit,
428 1119 476 1142 quod
484 1119 541 1136 videri
549 1119 630 1137 omnium
638 1125 697 1136 rerum
705 1117 830 1141 humanarum,
843 1123 863 1137 ut

366 1148 417 1165 sunt,
438 1148 455 1162 et
471 1143 599 1167 pulcherrimas
613 1148 633 1162 et.
643 1144 719 1162 maxime
732 1145 784 1162 utiles
800 1145 862 1163 voluit.

366 1169 416 1192 Quid
429 1170 448 1187 iu
458 1170 533 1187 consilio
542 1170 596 1187 fuisse
608 1170 682 1193 censetis
692 1170 781 1188 veteribus
787 1170 863 1192 Latinis,

366 1201 398 1213 cur
405 1195 475 1213 dicendi
483 1199 529 1213 artes
536 1193 665 1213 humanitatem
674 1195 793 1218 adpellarint'?
814 1195 863 1214 ludi-

365 1221 430 1238 eabant
440 1220 468 1238 illi
483 1220 568 1238 nimirum
580 1219 643 1238 harum
656 1221 790 1244 disciplinarum
802 1222 862 1239 studio

365 1252 403 1264 non
419 1246 498 1269 linguam
511 1249 580 1264 tantum
593 1246 677 1269 expoliri,
696 1247 726 1264 sed
740 1250 757 1264 et
769 1247 862 1268 feritatem,

365 1271 500 1295 barbariemque
517 1271 717 1294 ingeniorum-corrigi.
750 1272 795 1290 Nam
812 1273 862 1290 cultu

366 1297 441 1320 perinde
454 1303 474 1314 ac
487 1297 567 1320 plerique
583 1297 684 1321 sylvestrem
698 1298 779 1315 indolem
789 1302 862 1320 exuunt,

366 1325 491 1340 mansuescunt
498 1323 569 1345 ingenia
574 1336 579 1344 ,
591 1323 733 1347 cicuranturque.

417 1360 467 1377 Duae
477 1363 520 1377 sunt
529 1364 588 1378 autem
600 1366 672 1381 causae,
689 1367 721 1378 cur
732 1359 778 1379 recte
790 1362 861 1379 dicendi

366 1386 425 1403 studio
432 1385 488 1403 animi
498 1385 584 1403 iudicium
596 1389 675 1404 acuatur.
701 1386 754 1404 Prior
765 1390 800 1408 est,
812 1388 860 1411 quod

366 1411 397 1435 qui
405 1411 427 1428 iis
434 1411 502 1429 artibus
512 1417 583 1433 operam
591 1412 644 1432 dant,
657 1412 679 1429 ad
690 1412 777 1430 eiusmodi
786 1413 861 1435 scripto-

366 1442 406 1454 rum
417 1436 496 1459 exempla
508 1442 526 1453 se
537 1440 648 1459 comparent,
664 1443 734 1455 necesse
749 1441 783 1459 est,
799 1439 829 1461 qui
841 1439 860 1455 in

366 1462 446 1479 maximis
462 1462 515 1479 rebus
532 1462 614 1484 gerendis
632 1469 654 1480 ac
674 1464 770 1481 tractandis
791 1464 861 1485 versati,

605 170 686 191 unet..
701 170 741 190 ni:
756 170 897 191 ENCOMIO
914 170 1136 195 ELOQUENTIAE.

1362 171 1387 191 δῦ

888 220 975 232 summam
982 215 1096 238 prudentiam
1104 221 1138 233 usu
1146 216 1238 233 consecuti
1243 219 1295 237 sunt,
1307 222 1386 240 quornm

888 241 995 258 commercio
1013 241 1042 262 fit,
1062 244 1082 258 ut
1098 240 1183 258 nonnihil
1200 242 1262 259 iudicii
1279 240 1386 259 contrahant

888 266 972 287 lectores,
985 269 1003 284 et
1014 270 1099 289 tanquam
1106 266 1138 289 qui
1149 267 1168 283 in
1176 267 1213 284 sole
1224 267 1325 289 ambulant,
1338 267 1387 285 colo-

888 295 957 310 rentur.
981 291 1030 309 Solet
1037 292 1085 309 enim
1094 292 1204 310 iuvenilibus
1212 293 1289 315 ingeniis
1297 293 1388 316 exemplar

888 317 961 340 aliquod
969 320 1016 334 recte
1024 317 1100 338 dicendi,
1112 318 1235 341 sentiendique
1243 319 1326 341 pmponi,
1338 318 1387 336 unde

889 346 906 360 et
914 343 1009 360 verborum
1018 343 1064 363 vim,
1077 346 1094 360 et
1103 343 1190 361 orationis
1197 347 1315 364 structuram,
1328 347 1347 362 et
1356 350 1387 361 ex-

890 368 968 391 plicandi
975 368 1039 390 figuras
1046 368 1120 387 discant.
1136 368 1182 386 Nam
1189 372 1206 386 et
1214 369 1284 386 dicendi
1293 369 1387 390 rationem,

890 394 963 416 perinde
972 400 992 411 ac
1000 397 1076 411 caeteras
1084 397 1130 411 artes
1139 394 1214 412 imitatio
1223 394 1301 419 adiuvat.v
1324 394 1388 418 Neque

890 419 936 436 enim
945 419 1042 436 verisimile
1050 422 1076 436 est
1084 419 1169 442 pingendi
1178 420 1211 437 arti
1219 423 1288 438 tantum
1295 420 1318 437 ab
1323 420 1388 443 Apelle

890 444 996 466 venustatis,
1012 444 1114 468 gratiaeque
1128 445 1181 462 adiici
1196 446 1284 468 potuisse,
1303 445 1339 463 nisi
1352 446 1388 463 fin-

890 470 988 492 gendorum
1002 470 1151 488 lineamentorum
1169 471 1255 488 rationem
1271 471 1328 489 multo
1346 474 1388 489 ante

890 496 1008 513 ostendissent
1015 496 1035 518 ii,
1048 496 1079 519 qui
1088 496 1165 518 primum
1177 494 1323 520 μονοχρώματιι,
1335 497 1388 514 dein-

890 522 912 538 de
920 519 1034 545 κατάγραφα
1045 522 1147 544 pinxerunt.
1166 521 1196 540 Sic
1207 526 1223 539 et
1232 528 1253 539 ex
1261 522 1333 545 optimis
1343 522 1388 540 reri—

890 547 971 569 ptoribus
979 546 1094 569 concipienda
1102 550 1128 564 est
1136 550 1184 564 certa
1192 548 1278 570 quaedam
1287 551 1304 565 et
1314 547 1387 565 dicendi

890 575 907 589 et
916 572 1007 589 iudicandi
1015 572 1060 590 ratio
1071 571 1103 590 καὶ
1113 571 1164 593 ἰδέα,
1177 579 1229 596 quam
1242 573 1332 596 sequaris,
1343 579 1387 597 qua—

890 603 960 621 cunque
968 598 990 615 de
997 604 1016 615 re
1024 598 1147 615 disserendum
1154 598 1214 616 fuerit.
1232 598 1311 616 Proinde
1319 598 1351 622 qui
1359 598 1387 616 di-

890 627 945 640 sertos
952 624 1046 646 scriptores
1053 623 1073 640 in
1080 623 1162 641 manibus
1170 622 1243 645 habent,
1254 630 1312 641 seeum
1321 630 1387 647 expen-

890 649 942 669 dant,
954 649 997 671 quid
1007 648 1027 665 in
1035 649 1098 672 quovis
1107 649 1217 671 potissimum
1226 649 1296 670 mirari,
1307 649 1387 671 laudare,

892 674 993 697 imitarique
1001 674 1066 692 deceat⁴
1091 674 1148 691 Primi
1156 675 1237 692 omnium
1249 678 1300 696 sunt,
1312 675 1334 693 ad
1342 681 1387 698 qnos

890 700 1021 721 cognoscendos
1028 699 1113 717 invitatur
1121 700 1210 723 iuventus,
1223 699 1288 718 Poetae
1296 706 1316 718 sc
1325 699 1387 718 Histo-

890 725 930 742 rici:
947 731 992 748 quos
1003 725 1035 748 qui
1046 725 1141 747 voluptatis
1152 729 1221 743 tantum
1235 731 1295 747 eausa,
1311 726 1386 749 perinde

890 753 943 773 atque
959 750 978 767 in
990 750 1078 768 conviviis
1095 749 1218 772 citharistrias,
1235 755 1337 772 accersunt,
1354 757 1386 769 nse

890 776 917 793 illi
929 781 1039 793 summorum
1053 774 1147 793 hominum
1159 776 1299 794 aestimationem
1310 777 1387 799 graviter

890 802 968 819 laedunt.
993 800 1038 818 Nam
1050 805 1067 819 et
1078 802 1160 824 prodesse
1172 802 1199 819 illi
1208 802 1289 822 voluere,
1302 805 1319 820 et
1330 802 1386 820 bonas

890 830 957 844 mentes
969 827 1035 849 optima
1047 827 1157 849 potissimum
1168 827 1260 846 delectant.
1286 827 1319 845 Est
1328 828 1353 846 ita
1364 828 1385 845 ab

891 852 926 870 illis
938 856 956 870 et
967 852 1038 870 dicendi
1052 853 1110 870 forma
1125 854 1209 875 petenda,
1225 857 1242 870 et
1254 854 1385 871 observandum

890 878 933 901 quid
941 878 963 895 de
969 878 1094 895 communibus
1101 878 1153 896 rebus
1161 878 1198 896 t'ere
1206 879 1329 897 iudicaverint.
1343 880 1385 897 Sae-

890 909 911 926 pe
922 903 981 921 ridere
991 903 1039 920 soleo
1051 902 1161 921 Graecorum
1173 903 1336 922 Grammaticorum
1346 904 1385 922 vul-

889 935 930 951 gus,
945 929 976 952 qui
989 929 1010 946 ad
1019 928 1150 952 Physiologiam
1161 932 1219 947 totum
1229 929 1303 947 Homeri
1314 935 1384 948 carmen

889 954 977 977 referunt,
993 954 1073 978 mireque
1083 955 1117 972 sibi
1126 955 1206 978 placent,
1219 961 1259 973 cum
1271 961 1317 973 nova
1329 959 1384 974 meta-

890 979 980 1003 morphosi
990 980 1034 997 belli
1044 983 1138 1002 nugatores
1150 986 1170 997 ex
1179 980 1220 998 love
1232 980 1311 1002 aethera,
1324 987 1346 998 ex
1356 980 1383 999 ln-

890 1011 936 1022 none
945 1011 1003 1022 aerem
1012 1005 1088 1026 faciunt,
1101 1012 1146 1029 quae
1156 1011 1178 1022 ne
1191 1012 1222 1028 per
1233 1006 1297 1024 febrim
1306 1006 1384 1030 quidem,

890 1036 968 1054 unquam
976 1030 1096 1048 somniaturus
1104 1034 1142 1048 erat
1151 1031 1245 1049 Homerus.
1271 1031 1345 1054 Quanto
1357 1038 1384 1050 u—

889 1056 923 1073 tius
931 1056 988 1073 suerat
994 1062 1014 1073 ea
1022 1056 1101 1077 ostendi,
1113 1063 1158 1079 quae
1171 1057 1201 1074 ille
1210 1057 1304 1075 lectoribus
1313 1057 1384 1081 proprie

889 1081 1002 1099 admirationi
1011 1087 1047 1099 esse
1054 1082 1122 1099 voluit?
1135 1082 1261 1105 proprietatem
1268 1089 1287 1100 oc
1299 1083 1358 1100 lucem
1366 1083 1383 1100 in

889 1107 1003 1129 explicando,
1012 1107 1095 1125 carminis
1102 1107 1212 1130 οἰκονομίαν
1215 1121 1221 1129 ,
1235 1114 1274 1125 cum
1282 1108 1331 1126 varia
1340 1115 1383 1126 con-

889 1133 934 1153 silia,
947 1132 1005 1150 varios
1013 1139 1062 1150 casus
1070 1133 1115 1150 miro
1122 1133 1185 1150 ordine
1193 1137 1276 1155 recenset,
1287 1140 1327 1151 cum
1335 1138 1384 1157 aput

889 1158 988 1175 occasiones
1002 1158 1054 1175 novis
1065 1159 1157 1176 eventibus
1171 1160 1302 1180 accommodat,
1318 1163 1383 1183 quauta

889 1184 948 1201 decori
956 1184 1039 1201 servandi
1046 1190 1094 1204 eura,
1107 1187 1173 1207 quanta
1180 1184 1203 1202 sit
1210 1185 1252 1202 item
1260 1185 1357 1203 verborum
1365 1191 1384 1203 ae

889 1209 984 1231 figurarum
997 1209 1055 1232 copia,
1068 1209 1178 1233 varietasque
1189 1210 1211 1227 iis
1224 1210 1276 1231 locis,
1289 1210 1308 1227 iu
1319 1211 1384 1234 quibus

888 1235 965 1252 detineri
979 1235 1062 1252 lectorem
1075 1235 1149 1253 volebat.
1181 1235 1235 1253 Vides
1246 1242 1299 1259 quam
1309 1236 1384 1254 minime

887 1260 951 1282 frigida
964 1260 986 1277 sit
996 1264 1028 1278 aut
1039 1260 1098 1277 ieiuna
1110 1261 1202 1278 seditionis
1210 1261 1315 1284 descriptio,
1328 1261 1349 1279 in
1357 1267 1384 1279 st>

888 1286 946 1303 cundo
955 1285 1026 1304 Iliados.
1045 1285 1091 1303 Nam
1101 1289 1116 1303 et
1125 1290 1183 1303 motus
1191 1286 1228 1304 eius
1236 1287 1354 1308 occasionem,
1367 1290 1384 1305 et

888 1311 945 1334 ipsum
955 1311 1003 1333 vulgi
1015 1311 1103 1332 furorem,
1116 1311 1207 1329 seditiosas
1215 1312 1328 1335 quoru-udam
1340 1319 1384 1330 cori-

887 1337 951 1358 cioua,
964 1337 995 1360 qui
1004 1337 1115 1354 multitudini
1124 1337 1211 1359 frigidam,
1223 1338 1271 1361 quod
1278 1338 1336 1360 aiunt.
1346 1339 1384 1356 suf-

887 1362 994 1383 fundebant,
1007 1366 1024 1380 et
1032 1361 1124 1380 Thersitae
1136 1369 1203 1384 mores,
1214 1369 1320 1387 morumque
1330 1370 1384 1387 argu-

886 1391 976 1409 mentum,
988 1388 1074 1409 formam,
1086 1388 1130 1405 duas
1141 1388 1183 1406 item
1198 1388 1309 1411 gravissimas
1321 1396 1383 1407 eorum

887 1413 986 1434 orationes,
999 1413 1029 1437 qui
1042 1413 1162 1431 multitudinis
1174 1414 1243 1431 animos
1253 1415 1349 1436 sedabant,
1362 1415 1382 1432 in

887 1438 952 1462 quihus
965 1437 1088 1456 vehementior
1097 1442 1123 1456 est
1132 1439 1214 1463 Ulyssea,
1227 1439 1285 1457 leuior
1293 1439 1383 1459 Nestorea.

886 1463 937 1482 Bone
942 1464 995 1486 Deus,
1002 1470 1055 1488 quam
1062 1464 1160 1487 perspicue,
1167 1471 1220 1488 quam
1226 1465 1303 1488 graviter
1310 1469 1382 1484 tractat:
