4664 6022
225 283 349 360 aa.

231 450 419 553 Scythicus
434 453 553 547 legum
564 465 791 539 sermoesset,
816 465 937 526 tamur
950 452 1119 545 pinguius
1127 453 1227 527 iudi·

233 573 332 646 cant,
356 559 486 629 docent
508 557 694 629 obscurius
711 571 745 626 et
760 557 1042 648 imprudentius,
1067 581 1228 651 quacun-

233 688 302 759 que
326 663 369 732 de
393 684 432 731 re
455 659 573 732 dicere
594 658 805 744 instituunt,
829 660 917 731 dant
940 659 1017 729 sine
1031 674 1149 732 mente
1167 686 1228 732 so·

233 790 332 850 num,
357 775 534 858 quotquot
545 762 688 833 dicendi
705 776 797 834 artes
812 785 885 830 non
901 762 1056 852 attigere.
1096 762 1228 852 Magna

234 868 288 940 vis
319 880 370 939 cst
396 865 434 935 in
456 860 708 936 humaniorum
732 863 916 934 literarum
940 866 1077 944 studio,
1121 890 1228 958 quam

235 971 356 1041 animo
377 968 506 1039 rectius
528 990 690 1047 cernere,
724 990 830 1061 quam
856 968 1015 1038 oratione
1039 968 1229 1059 depingere

235 1094 436 1166 possumus.
486 1065 533 1139 Et
551 1069 709 1159 exempla
724 1069 916 1161 superioris
934 1070 1055 1141 aetatis
1071 1094 1229 1139 couuao-

237 1189 340 1259 nent,
367 1173 452 1266 quid
476 1170 633 1263 sapiant,
658 1187 802 1263 quotam
828 1171 957 1240 mentis
979 1173 1121 1241 unciam
1145 1171 1230 1242 reli-

236 1302 343 1372 quam
366 1272 539 1355 habeant,
564 1274 590 1342 ii
614 1273 677 1366 qui
699 1276 744 1343 ab
770 1273 844 1344 istis
860 1274 995 1344 artibus
1011 1274 1120 1343 alieni
1137 1287 1230 1345 sunt.

237 1378 347 1449 Vides
365 1400 471 1471 quam
491 1377 611 1468 inepte
628 1375 841 1448 tradiderint
857 1399 938 1446 suas
954 1391 1046 1448 artes
1064 1373 1231 1446 Philoso-

238 1475 320 1571 phi,
360 1492 495 1571 quanto
525 1492 672 1562 conatu,
711 1493 859 1571 quantas
889 1501 999 1568 nugas
1030 1479 1227 1549 docuerint.

237 1578 362 1657 Nihilo
385 1581 542 1650 saniores
559 1579 795 1652 lureconsulti
812 1582 909 1651 luere
927 1582 987 1675 qui
1005 1582 1232 1671 disputarunt

238 1686 282 1754 de
297 1684 450 1767 Lazaro,
472 1683 623 1753 valuerit
647 1707 692 1752 ne
711 1697 976 1769 testamentum,
1002 1699 1230 1777 posteaquam

238 1786 269 1856 is
286 1786 431 1867 revixit,
458 1798 493 1854 et
510 1780 577 1854 hoc
594 1807 704 1874 genus
721 1786 921 1855 innumera.
974 1785 1119 1857 Solebat
1137 1788 1230 1879 apud

239 1912 305 1958 nos
328 1889 452 1957 doctus
475 1887 650 1979 quispiam
675 1882 801 1970 homo,
832 1891 981 1959 istorum
1007 1889 1158 1976 ineptias
1180 1890 1231 1957 le-

239 1991 332 2061 stivo
353 2004 553 2060 commento
580 1990 708 2063 ridere.
758 1988 840 2059 Non
857 1990 982 2081 procul
995 1991 1128 2081 oppido
1143 2016 1233 2082 quo-

240 2096 342 2176 dam,
373 2091 506 2175 aiebat,
539 2093 581 2161 ad
606 2092 738 2160 flumen
760 2093 971 2184 pistrinum,
998 2117 1039 2161 ex
1061 2118 1131 2185 quo
1152 2117 1231 2161 cum

239 2218 314 2264 non
338 2194 385 2263 ita
411 2192 525 2262 multo
550 2207 631 2263 ante
652 2208 820 2287 aquatum
843 2195 964 2264 asinus
987 2195 1233 2278 descendisset,

240 2320 320 2367 curn
337 2296 375 2364 in
391 2307 544 2364 extrema
559 2294 633 2385 ripa
651 2319 713 2365 seu
729 2296 904 2366 lutulenta
916 2321 977 2365 seu
989 2297 1233 2389 tenuioraqua

240 2398 383 2482 llueret,
408 2419 515 2489 quam
535 2409 576 2466 ut
589 2419 629 2466 os
645 2397 805 2466 imbuere
819 2411 955 2487 posset,
981 2398 1019 2466 in
1037 2399 1233 2488 proximam

239 2500 365 2595 cybum
386 2498 477 2567 forte
503 2499 634 2588 pergit,
671 2500 766 2567 unde
787 2500 989 2568 uberiorem
1011 2501 1095 2571 iusti
1120 2501 1234 2570 amnis

239 2624 368 2696 aquam
392 2595 564 2673 hauriret.
615 2598 728 2669 Porro
747 2624 826 2670 cum
843 2601 1074 2673 inscendisset
1088 2603 1234 2673 navicu-

241 2704 331 2783 lam,
357 2703 493 2793 impetu
516 2704 704 2795 detorquet
724 2727 743 2773 a
767 2703 844 2793 ripa
864 2704 901 2772 in
916 2705 1072 2773 medium
1089 2705 1235 2789 flumen,

241 2829 417 2899 quocum
439 2819 527 2876 essct
551 2820 712 2894 excepta,
737 2808 901 2875 secundis
924 2807 1040 2876 ventis
1055 2807 1094 2874 in
1108 2831 1233 2898 scopu-

956 275 1121 357 DECla
1151 277 1228 357 DE
1262 276 1538 367 teuteus.

1280 469 1315 529 et
1331 456 1528 549 puerilibus
1543 453 1679 538 erratis,
1701 453 1746 524 de
1759 451 1925 524 barbarie
1938 450 2116 524 sermonis
2130 472 2275 545 queror,

1280 584 1387 654 quam
1411 556 1685 651 praescriptione
1708 568 1872 642 tuentur,
1898 554 2024 626 iudicii
2038 554 2199 647 inopiam
2217 577 2277 625 ac·

1281 686 1382 747 cuso,
1406 685 1475 755 qua
1496 661 1553 746 fit,
1579 673 1621 729 ut
1637 682 1702 728 nec
1717 658 1773 729 ius
1790 682 1855 728 nec
1868 659 1923 728 fas
1936 658 1976 728 in
1991 658 2174 750 plerisque
2190 679 2278 729 cau·

1282 765 1329 836 sis
1349 776 1507 835 cernant.
1558 758 1741 832 Adversus
1763 785 1841 830 eam
1863 774 2018 852 pestem,
2044 759 2193 833 dicendi
2217 781 2277 829 ar·

1281 867 1370 938 tium
1393 868 1512 936 studio
1534 888 1633 933 mens
1656 863 1934 955 praemunienda
1954 878 2024 943 est,
2050 861 2200 954 perinde
2222 872 2280 931 at-

1282 993 1351 1062 quc
1370 972 1537 1038 adversus
1554 964 1672 1037 Circes
1688 990 1843 1050 venena,
1870 962 2030 1059 Ulyssem
2048 965 2146 1060 moly
2165 959 2277 1033 herba

1282 1070 1484 1141 Mercurius
1505 1068 1732 1162 praemuniit.
1784 1068 1823 1138 si
1848 1069 1935 1161 quid
1958 1067 2048 1138 iuris
2065 1067 2278 1158 interpretes

1283 1174 1422 1243 inscitia
1451 1173 1633 1241 literarum
1666 1183 1873 1261 peccarunt,
1914 1181 2071 1240 vestrum
2102 1182 2172 1255 est,
2216 1190 2278 1238 ve·

1283 1290 1414 1360 strum,
1452 1276 1618 1367 inquam,
1655 1268 1939 1343 honestissimam
1968 1270 2191 1364 provinciam
2221 1292 2279 1340 re-

1283 1401 1451 1470 purgare,
1478 1390 1513 1446 et
1535 1375 1686 1465 explosis
1707 1376 1864 1446 indoctis
1887 1374 2153 1444 commentariis
2170 1371 2278 1444 asilu

1284 1496 1319 1552 et
1340 1481 1504 1574 squalore
1526 1479 1618 1567 leges
1641 1480 1820 1562 adserere,
1846 1492 1880 1547 et
1901 1500 2068 1567 germano
2091 1475 2206 1545 nitori
2221 1496 2278 1543 re-

1283 1584 1438 1654 stituere.
1490 1579 1529 1650 ld
1548 1575 1739 1649 humanius
1755 1593 1834 1662 est,
1846 1603 1951 1672 quarn
1969 1579 2063 1669 leges
2077 1578 2171 1670 ipsas
2190 1599 2278 1648 neu·

1283 1687 1418 1779 tiquam
1436 1684 1528 1753 male
1544 1683 1687 1752 meritas
1702 1685 1745 1751 de
1761 1681 1884 1766 nobis,
1911 1682 2113 1755 obliterare.

1389 1884 1458 1957 Sed
1472 1886 1579 1955 audio
1589 1886 1694 1954 etiam
1709 1887 1753 1953 de
1763 1883 2001 1976 professorum
2012 1883 2174 1952 moribus
2185 1905 2276 1953 uon·

1286 1989 1403 2057 nullos
1431 1989 1543 2079 queri.
1595 1986 1755 2057 Primum
1785 1987 1939 2077 optarim
1963 1980 2031 2055 hos
2053 2008 2221 2063 censores
2241 1985 2277 2053 in

1285 2091 1357 2160 suis
1375 2090 1470 2159 vitiis
1486 2091 1735 2173 emendandis,
1759 2089 1845 2158 nolo
1862 2089 1956 2157 enim
1971 2112 2066 2158 nunc
2081 2087 2276 2181 quidquam

1286 2193 1445 2262 acerbius
1466 2193 1600 2277 dicere,
1624 2205 1695 2260 tarn
1715 2214 1788 2260 esse
1803 2212 1919 2276 acres,
1945 2214 2052 2283 quam
2065 2202 2151 2261 sunt
2167 2190 2209 2258 in
2225 2211 2277 2259 re·

1286 2291 1548 2386 prelrendendis
1577 2294 1703 2364 alienis
1733 2294 1875 2364 oculati.
1934 2290 2073 2363 Deinde
2097 2317 2181 2363 cum
2211 2290 2276 2361 siut

1287 2399 1325 2465 in
1349 2392 1416 2467 hoc
1439 2397 1565 2466 ordine
1587 2398 1747 2489 plerique
1762 2396 1848 2464 boni
1865 2393 1954 2477 viri,
1977 2393 2143 2487 iniquum
2160 2407 2217 2465 est
2230 2394 2276 2462 le·

1286 2499 1389 2588 gibus
1408 2500 1600 2591 imputare,
1627 2497 1758 2591 siquid
1776 2498 1941 2566 adferunt
1955 2496 2032 2566 vitii
2049 2497 2276 2589 professores.

1289 2601 1364 2671 lam
1388 2625 1452 2691 ego
1478 2604 1523 2670 ob
1545 2597 1638 2670 hanc
1659 2624 1800 2670 causam
1825 2598 2046 2669 doctissimos
2070 2613 2105 2668 et
2126 2597 2277 2690 optimos

1287 2727 1445 2797 quosque
1469 2703 1574 2795 cupio
1597 2703 1731 2790 legibus
1754 2701 1930 2771 discendis
1946 2724 2090 2791 operam
2108 2702 2216 2781 dare,
2241 2711 2278 2770 ut

1287 2780 1436 2875 exti'usis
1458 2805 1714 2876 veteratoribus
1731 2818 1764 2875 et
1779 2796 2005 2896 sycophantis
2019 2803 2112 2886 illis,
2138 2800 2279 2886 iudicia,

241 2909 315 2977 lum
339 2906 507 2975 defertur.
561 2904 630 2975 Hic
651 2919 840 2999 postquam
862 2908 1026 2999 impegit,
1047 2909 1157 2978 fracta
1172 2923 1234 2989 est,
1287 2909 1475 3001 lorumque
1488 2909 1634 2978 redeant
1650 2906 1841 2999 aliquando
1856 2905 1894 2972 in
1908 2905 2086 2976 bonorum
2101 2928 2142 2973 ac
2158 2906 2279 2975 dorto-

242 3023 276 3079 et
299 3008 485 3100 imperitus
507 3005 778 3078 illeNauclerus
802 3011 839 3076 in
864 3010 970 3079 undis
991 3012 1107 3102 periit.
1160 3009 1235 3080 Do·
1287 3035 1366 3078 rum
1390 3011 1548 3078 virorum
1575 3021 1793 3100 potestatem.
1845 3005 1958 3076 Modo
1975 3030 2031 3077 res
2046 3007 2211 3078 iudicant
2225 3006 2278 3075 in·

243 3111 312 3180 luit
332 3110 508 3193 molituri,
533 3111 594 3180 ubi
614 3135 688 3178 rem
706 3111 865 3194 rescivit,
892 3112 1044 3193 iactura,
1071 3128 1104 3182 et
1120 3113 1234 3205 pisca·
1288 3113 1382 3181 docti
1404 3112 1495 3194 lere,
1529 3113 1591 3204 qui
1615 3135 1660 3180 nc
1681 3106 1775 3178 nihil
1797 3109 1954 3199 sapiant,
1984 3134 2097 3179 unum
2122 3108 2272 3202 aliquem

244 3226 358 3283 torem
373 3212 480 3281 iuius
497 3226 608 3295 vocat,
633 3216 803 3281 damnum
819 3213 956 3283 dedisse
967 3230 1115 3301 accusat,
1138 3217 1233 3308 quod
1287 3239 1327 3282 ex
1351 3215 1555 3303 vulgaribus
1579 3212 1803 3305 pragmaticis
1824 3212 1861 3279 in
1884 3210 2071 3280 consilium
2095 3205 2276 3294 adhibent,

243 3315 319 3383 eius
342 3314 483 3402 navigio
506 3315 704 3384 iumentum
727 3328 886 3385 avectum
909 3315 965 3388 sit.
1018 3314 1152 3387 Contra
1175 3319 1235 3385 ille
1289 3317 1483 3408 inquibus
1513 3329 1552 3385 ut
1583 3316 1732 3409 quisque
1760 3327 1811 3382 est
1838 3313 2122 3395 indoctissimus,
2156 3313 2208 3383 ita
2230 3321 2278 3381 est

243 3418 368 3486 iactam
393 3417 437 3487 ab
461 3417 561 3485 asino
578 3417 802 3508 pauperiem,
828 3442 935 3511 seque
949 3421 1119 3489 damnum
1137 3444 1234 3488 acce·
1287 3419 1540 3487 audacissimus
1560 3431 1593 3488 et
1616 3416 1863 3511 nequissimus.
1915 3412 2034 3485 Huius
2048 3413 2182 3486 ‘vident
2197 3437 2279 3484 ocu-

243 3518 336 3611 pisse
362 3518 551 3602 exclamat,
577 3522 671 3610 quod
697 3520 878 3609 navigium
901 3522 1075 3605 amiserit,
1103 3523 1141 3589 iu
1165 3522 1236 3591 flu··
1288 3521 1348 3600 lis,
1377 3516 1483 3588 huius
1511 3520 1661 3588 audiunt
1685 3518 1830 3587 auribus
1855 3517 1984 3610 reliqui
2005 3539 2147 3602 omnes,
2183 3516 2278 3610 quud

245 3643 327 3687 meu
357 3620 402 3684 ab
430 3619 529 3687 asino
559 3620 761 3708 impulsum.
821 3619 999 3715 Utrinque
1025 3624 1234 3691 acerrimea
1287 3617 1345 3690 hic
1377 3622 1582 3701 somniarit,
1625 3621 1763 3713 reliqui·
1784 3621 1996 3689 decernunt:
2035 3619 2119 3703 Ait,
2160 3619 2277 3689 aiunt:

245 3718 474 3789 conductitiis
504 3721 639 3789 rabulis
668 3735 838 3790 certatum
868 3737 927 3794 est.
987 3722 1101 3793 ludici
1132 3748 1233 3794 causa
1287 3723 1416 3811 Negat,
1440 3736 1580 3812 negant.
1629 3719 1754 3813 Capita
1776 3735 1860 3792 sunt
1875 3721 1951 3790 sine
1966 3720 2115 3809 linguis,
2139 3719 2198 3790 ius
2212 3717 2279 3812 ipsi

246 3823 319 3890 visa
344 3835 395 3890 est
417 3820 630 3905 intricatior,
655 3847 762 3915 quam
777 3835 818 3892 ut
834 3823 975 3907 liceret,
1001 3851 1074 3895 non
1091 3829 1234 3895 consul·
1288 3846 1320 3895 et
1337 3826 1408 3892 vim
1428 3824 1614 3918 aequitatis
1629 3825 1804 3913 ignorant.
1850 3822 2113 3913 Leguleiusilla
2132 3823 2279 3893 naribus

246 3925 290 3993 tis
321 3924 408 3991 iuris
438 3924 714 4012 professoribus,
755 3927 1002 4015 pronunciare.
1061 3926 1235 3999 Deferunt
1287 3951 1410 3996 omnes
1439 3940 1607 4020 tauquam
1638 3927 1793 3995 bubulos
1820 3919 1941 3998 trahit.
1993 3922 2036 3993 ln
2059 3937 2160 3996 tanto
2184 3923 2278 3994 iudi·

246 4028 289 4094 ad
318 4025 496 4114 leguleius.
546 4022 613 4096 His
641 4049 725 4096 vero
748 4028 930 4119 negotium
950 4030 1080 4100 mirum
1103 4033 1232 4101 factum
1287 4056 1368 4100 cum
1385 4044 1549 4112 veterno,
1577 4028 1739 4119 irrepunt
1755 4029 1792 4096 in
1810 4028 1927 4096 iorum
1946 4038 1980 4095 et
1996 4027 2207 4096 vanissimae
2223 4049 2279 4096 ra-

247 4141 317 4206 est,
350 4129 435 4196 dum
462 4151 526 4218 pro
550 4128 759 4222 aequisque
782 4131 964 4200 vindicare
987 4135 1124 4201 asinum
1148 4158 1235 4203 con·
1288 4134 1392 4202 bulae
1418 4156 1538 4202 causas
1561 4131 1694 4214 acturi,
1719 4131 1799 4222 qui,
1824 4130 1968 4222 quando
1989 4129 2020 4196 is
2044 4142 2213 4221 quaestus
2230 4139 2280 4198 est

247 4229 379 4308 tendit,
413 4229 670 4318 disputationes
696 4232 812 4300 varias
839 4232 1040 4320 instruunt,
1072 4236 1235 4306 rixantur
1287 4236 1505 4318 uberrimus,
1530 4259 1569 4302 ex
1591 4233 1715 4301 litibus
1733 4233 1812 4302 lites
1828 4243 1967 4315 serunt,
1992 4230 2139 4301 clientes
2154 4230 2280 4319 deglu-

247 4333 291 4397 de
321 4329 420 4397 asiam
449 4329 485 4397 in
515 4326 646 4399 scholis
675 4345 709 4402 et
737 4334 983 4406 conciliabulis
1011 4339 1235 4430 pertinacius,
1289 4341 1398 4421 bunt,
1427 4334 1586 4426 Respub.
1610 4335 1882 4424 depeculantur,
1914 4333 2100 4403 indoctum
2125 4332 2279 4403 iudicem

248 4432 394 4523 opinor,
429 4455 534 4524 quam
560 4429 717 4503 Graecus
746 4434 808 4506 iile
836 4439 879 4505 de
910 4441 1001 4508 asini
1023 4443 1168 4524 umbra,
1201 4456 1235 4510 et
1288 4441 1391 4509 novis
1413 4440 1564 4509 subinde
1586 4431 1723 4505 technis
1746 4435 1983 4507 ludificantur.
2035 4433 2279 4524 Nonpossum

249 4529 342 4601 haud
368 4532 459 4616 scio,
491 4558 536 4602 an
560 4535 721 4604 noudum
744 4539 850 4607 ctiam
874 4542 918 4609 de
938 4566 1074 4612 summa
1098 4544 1149 4612 rei
1173 4545 1234 4611 de-
1288 4543 1416 4611 adduci
1436 4555 1476 4610 ut
1497 4541 1655 4621 credam,
1677 4531 1831 4608 Athenis
1852 4561 2010 4629 unquam
2032 4531 2279 4629 sycophantas,

248 4634 433 4708 creverint.
485 4630 644 4705 Obsecro
667 4662 741 4708 non
765 4640 922 4711 insanire
947 4645 1011 4714 tibi
1036 4647 1235 4729 videantur,
1288 4645 1349 4738 qui
1380 4645 1430 4712 sic
1458 4644 1689 4724 dicebantur,
1721 4641 1814 4710 ullos
1833 4639 1964 4709 nostris
1986 4638 2280 4729 impudentiores,

248 4736 276 4803 si
293 4737 353 4829 qui
370 4760 405 4805 se
422 4737 457 4805 in
474 4751 546 4808 tarn
563 4740 712 4808 ridicula
725 4764 826 4811 causa
841 4744 903 4815 diu
920 4748 1131 4840 torqueant?
1164 4746 1234 4815 Vc·
1288 4747 1521 4839 nequioresve
1543 4743 1661 4816 fuisse.
1712 4739 1839 4813 Arrsim
1860 4755 1893 4812 et
1911 4735 1998 4810 haec
2015 4741 2100 4812 vitia
2117 4740 2279 4812 inscitiae

249 4861 349 4917 rum,
373 4835 463 4907 mihi
480 4843 600 4923 crede,
624 4842 772 4913 istorum
789 4844 1046 4935 disputationes
1059 4850 1236 4921 futiliores
1289 4849 1502 4938 elegantium
1524 4846 1707 4914 literarum
1731 4845 1924 4934 imputare,
1946 4867 2099 4936 quarum
2117 4844 2280 4936 quisunt

248 4954 331 5009 suut
360 4934 425 5009 hac
456 4942 631 5011 molitoris
660 4947 900 5016 contentione.
966 4949 1108 5037 Quotus
1138 4951 1233 5020 enim
1288 4951 1461 5042 imperiti,
1485 4948 1602 5016 nescio
1620 4948 1750 5040 quibus
1766 4946 1900 5015 artibus
1916 4945 1960 5013 ad
1978 4939 2201 5016 honestatem
2214 4945 2279 5015 fle-

203 5088 207 5095 ·
247 5042 398 5136 quisquc
428 5043 471 5110 de
500 5047 750 5115 communibus
780 5050 886 5117 rebus
919 5052 1091 5137 civiliter,
1129 5066 1163 5123 et
1194 5078 1235 5121 cx
1287 5054 1333 5122 cti
1354 5052 1509 5144 possint,
1533 5053 1677 5143 quando
1701 5049 1772 5116 vim
1795 5047 1954 5131 virtutis,
1979 5047 2099 5116 nullae
2119 5047 2213 5117 aliae
2234 5045 2280 5117 li-

248 5144 428 5215 communi
458 5168 562 5215 sensu
584 5147 741 5218 iudicat?
794 5148 937 5238 lngenia
961 5154 999 5222 in
1021 5157 1138 5226 stultis
1159 5155 1236 5224 iur-
1286 5168 1381 5224 terae
1403 5154 1553 5245 perinde
1576 5150 1688 5221 oculis
1706 5151 1836 5220 nostris
1852 5150 2052 5232 subiecere,
2076 5162 2184 5242 atque
2200 5144 2279 5226 hae,

247 5246 481 5316 anulariorum
499 5248 611 5318 literis
625 5253 903 5339 obbrutucrunt,
928 5249 1061 5349 hasque
1076 5259 1114 5326 in
1131 5250 1236 5326 scho-
1286 5280 1376 5349 quae
1390 5252 1621 5325 humaniores
1634 5253 1827 5323 rectissime
1840 5264 2025 5322 vocantur.
2077 5247 2125 5321 Et
2140 5275 2223 5322 cum
2235 5273 2279 5320 ne

249 5348 292 5416 lis
314 5360 347 5417 ct
372 5349 450 5417 loro
472 5374 545 5420 uon
566 5350 669 5419 aliter
684 5367 790 5446 atque
806 5377 886 5424 suas
901 5360 1030 5448 epodas
1047 5358 1146 5449 Magi
1161 5383 1235 5427 uon
1286 5361 1378 5447 leges
1400 5358 1546 5450 quidem
1569 5356 1662 5446 ipsas
1684 5357 1859 5443 attingant
1875 5354 1960 5437 isti,
1984 5367 2123 5425 tanturn
2141 5377 2184 5422 ex
2200 5376 2280 5423 ver·

249 5449 442 5523 intellectas
463 5465 657 5525 recensent.
716 5450 817 5526 Nihil
839 5452 897 5527 hic
919 5461 964 5530 dc
984 5457 1236 5532 Grammaticis
1286 5474 1449 5532 sutorum
1466 5460 1690 5553 quomodarn
1710 5457 1874 5528 formulis
1888 5456 2044 5549 sapiant,
2068 5477 2114 5525 ne
2129 5467 2279 5548 possum
