4672 6016
146 310 222 388 807
617 294 777 378 DECL.
829 296 904 375 DE
933 294 1277 375 rutusulco
1308 296 1725 383 BARBAROSSA.
2119 306 2197 383 ³⁰8

150 486 327 559 studiosos
354 479 505 572 optarim
534 478 572 547 in
596 472 819 547 Germanicis
838 474 946 546 rebus
970 472 1143 543 ornandis
1167 492 1171 511 ⁵
1192 473 1352 558 maniae,
1384 474 1483 545 daret
1507 474 1673 564 auspiciis
1699 466 1756 547 su'i
1776 477 1930 570 imperii.
1981 474 2030 552 Et
2046 492 2088 550 ut
2108 474 2198 555 bane

151 588 351 668 elaborare,
376 583 460 677 quia
482 581 585 649 video
605 576 788 668 Principes
811 592 950 647 nostros
973 568 1149 647 laudatisss
1193 577 1365 647 iacturam
1400 577 1539 647 facilius
1566 578 1692 663 ferret,
1728 580 1827 653 ausit
1852 575 1991 651 honore
2021 582 2196 655 familiam

152 690 251 763 simis
282 685 442 777 Regibus
469 698 573 776 atque
600 679 896 771 imperatoribus,
930 674 1077 749 Graecis
1108 690 1144 748 et
1193 673 1429 750 Austriacam.
1478 676 1569 749 Cum
1586 681 1802 752 animantes
1820 678 2197 773 Marelriouesessent,

151 789 338 868 Romanis,
361 787 459 857 omni
477 784 647 856 virtutum
665 807 791 869 genere
809 806 909 872 pares
924 806 1007 855 esse.
1042 779 1144 870 Qua·
1192 794 1279 851 tune
1297 781 1342 850 ab
1359 778 1710 873 lmperatoreducali
1735 785 1841 854 titulo
1858 786 1977 856 ornati
1992 800 2093 861 sunt.
2150 786 2194 861 lta

154 920 193 966 re
220 891 356 962 institui
390 888 586 958 orationem
614 886 662 975 de
694 885 725 955 F
729 885 880 953 riderico
907 883 1143 967 Aenobarbo,
1194 896 1229 953 et
1251 880 1390 953 Bavaro
1411 884 1587 977 aequitate
1615 883 1844 977 lmperatoris
1874 889 2083 979 amplificati
2117 906 2194 963 sunt

154 996 256 1067 euius
286 992 349 1063 etsi
382 1015 437 1059 res
466 1005 579 1079 gestas
608 1010 885 1057 commemorare
919 1008 1042 1056 omnes
1071 1007 1145 1053 non
1195 985 1283 1054 fines
1296 1001 1330 1056 ct
1344 1010 1446 1055 causa
1464 988 1619 1075 ingentis
1637 988 1723 1058 belli
1737 990 1875 1059 sublata
1894 1006 1959 1063 est.
2010 989 2192 1082 Quantum

155 1120 317 1192 possum,
339 1107 455 1164 tamen
470 1094 641 1185 quaedam
660 1088 839 1177 eligemus,
865 1113 905 1157 ex
922 1089 1053 1182 quibus
1070 1088 1146 1155 eius
1195 1102 1313 1157 autem
1330 1087 1445 1157 laudis
1461 1083 1547 1158 baec
1561 1090 1760 1161 moderatio
1781 1092 1819 1160 in
1834 1090 2005 1184 Principe
2022 1107 2192 1167 mereatur

157 1198 364 1289 magnitudo
380 1195 491 1263 animi
506 1208 612 1285 atque
626 1190 785 1271 consilii,
811 1191 913 1275 fides,
937 1189 1147 1273 constantia,
1197 1214 1270 1259 non
1296 1202 1346 1259 est
1362 1192 1564 1265 obscurum.
1614 1190 1722 1264 Nulla
1742 1193 1838 1263 enim
1853 1194 1967 1265 virtus
1989 1197 2130 1285 gratior
2149 1214 2191 1269 est

156 1303 268 1395 pietas
293 1297 485 1367 existimari
513 1306 679 1387 poterunt
687 1290 705 1379 ,'
724 1307 763 1364 ut
786 1292 992 1382 intelligatis
1009 1292 1146 1361 nullam
1197 1292 1236 1361 in
1253 1290 1482 1383 Principibus
1497 1309 1530 1364 et
1545 1290 1701 1386 Reipub.
1719 1296 1830 1386 magis
1851 1298 2071 1384 neeeuaria,
2092 1324 2189 1393 quan

156 1404 189 1475 ei
208 1402 374 1472 virtutem
397 1398 541 1488 dignam
565 1396 642 1465 viro
665 1416 792 1483 magno
811 1409 847 1467 et
864 1396 960 1464 bono
979 1392 1145 1485 Principe
1198 1393 1344 1486 privatis
1365 1394 1547 1465 affectibus
1569 1409 1603 1465 et
1624 1399 1824 1468 commodis
1848 1399 2028 1488 publicam
2048 1402 2189 1473 salutem

156 1505 319 1577 defuisse.
371 1499 457 1572 Peto
484 1513 600 1570 antem
633 1496 783 1567 avobis
817 1509 858 1567 ut
880 1521 994 1591 aequo
1026 1496 1146 1565 animo
1197 1519 1282 1566 suae
1300 1496 1435 1587 patriae
1458 1499 1644 1567 anteferre.
1697 1498 1805 1571 Nulla
1822 1516 1874 1572 est
1891 1501 2043 1572 victoria
2065 1504 2189 1593 glorio-

156 1603 249 1679 banc
264 1628 377 1674 meam
394 1601 682 1671 declamationem
700 1598 864 1685 audiatis,
889 1624 959 1692 qua
977 1598 1015 1666 in
1030 1622 1069 1667 re
1086 1622 1148 1666 vos
1199 1598 1289 1683 sior,
1322 1623 1428 1691 quam
1453 1594 1618 1670 cohibere
1639 1600 1801 1673 animum
1825 1616 1859 1673 et
1882 1606 1926 1672 de
1949 1606 2103 1698 proprio
2124 1606 2190 1677 inre

158 1733 301 1803 quoque
322 1703 460 1797 pietatis
485 1705 627 1774 laudern
651 1700 837 1786 auferetis,
870 1700 900 1770 si
927 1725 1049 1771 eorum
1071 1712 1147 1770 stu·
1199 1698 1333 1793 aliquid
1357 1714 1501 1790 propter
1516 1726 1741 1772 communem
1760 1706 2060 1798 tranquillitatem
2077 1708 2190 1780 remit·

157 1810 271 1894 diurn,
294 1808 356 1903 qui
369 1820 515 1876 sumunt
531 1827 676 1897 operam
692 1804 729 1871 in
748 1802 860 1896 patria
875 1803 1048 1887 ornanda,
1064 1825 1149 1893 pro-
1200 1819 1284 1874 tere.
1338 1802 1455 1889 Quam
1472 1806 1603 1874 multas
1622 1805 1771 1895 legimus
1789 1806 1948 1878 civitates
1965 1832 2189 1881 eversasesse

158 1914 245 1985 bare
270 1935 333 1980 vos
357 1908 611 1999 significabitis.
670 1900 749 1975 Etsi
777 1920 894 1974 autem
922 1904 1014 1974 solet
1044 1904 1148 1973 initio
1199 1902 1406 1995 Principum
1424 1906 1620 1976 ambitione
1636 1920 1668 1976 et
1685 1909 1889 1998 pertinacia,
1912 1908 1977 2003 qui
1995 1912 2189 1985 maluerunt

158 2014 283 2087 multis
306 2011 478 2082 encomiis
502 2012 547 2079 de
570 2006 709 2100 generis
734 2006 920 2079 nobilitate
938 2006 1031 2091 dici,
1063 2004 1148 2100 quia
1200 2006 1320 2076 ornrria
1346 2006 1461 2095 potius
1477 2010 1677 2078 miscereac
1698 2011 1869 2082 incasura
1886 2014 1992 2094 dare,
2019 2038 2129 2107 qrsarn
2144 2014 2187 2085 ri-

159 2117 293 2189 semina
316 2113 458 2184 virtutis
488 2109 717 2204 propagaria
745 2109 849 2179 bonis
879 2108 1087 2201 parentibus
1109 2107 1149 2177 iu
1199 2109 1346 2180 derivel
1361 2110 1542 2180 tantillum
1559 2111 1638 2182 aliis
1654 2111 1791 2185 civibus
1806 2114 1961 2188 cessisse.
2014 2112 2187 2189 flaccum

158 2232 317 2312 posteros
336 2214 600 2299 existimantur,
625 2226 742 2282 umen
757 2236 821 2302 ego
837 2206 896 2281 bic
915 2211 1060 2282 brevior
1076 2235 1149 2289 ero,
1200 2210 1268 2281 fuit
1283 2232 1385 2280 causa
1402 2211 1561 2281 civilium
1576 2214 1795 2287 tumultuum
1810 2213 1948 2288 Rornae
1966 2214 2094 2305 Marii,
2116 2216 2186 2315 Syl-
2222 2248 2225 2295 ε

158 2320 338 2417 quianon
360 2333 569 2409 potestesse
596 2315 745 2385 obseura
775 2314 944 2384 nobilitas
968 2313 1046 2383 eius
1072 2311 1151 2396 viri,
1200 2314 1275 2393 lae,
1302 2311 1459 2404 Pompei.
1511 2312 1584 2385 Sed
1606 2310 1697 2384 nibil
1715 2340 1805 2408 opus
1830 2332 1881 2388 est
1897 2333 2020 2391 vetera
2035 2321 2185 2393 recitare:

159 2423 222 2518 qui
250 2422 289 2492 in
316 2419 450 2489 familia
474 2415 702 2510 Imperatoria
734 2430 928 2486 natusest:
962 2413 1151 2487 Conradus
1202 2427 1272 2487 tota
1307 2414 1379 2483 vita
1412 2416 1655 2509 exemplorum
1690 2412 1797 2490 buius
1822 2420 1963 2511 generis
1999 2423 2099 2514 plena
2127 2436 2184 2494 est.
2223 2486 2225 2491 .

158 2525 254 2595 enim
277 2518 609 2613 patruusFriderici
631 2518 700 2589 fuit
720 2514 928 2610 Imperator.
978 2518 1045 2589 llla
1065 2541 1149 2587 vero
1204 2518 1284 2587 lure
1300 2515 1596 2606 igiturFriderici
1612 2520 1802 2592 consilium
1818 2524 2187 2621 laudandumessqoi

158 2626 273 2697 maior
295 2626 372 2696 laus
392 2636 462 2707 est,
486 2624 583 2716 quod
610 2643 685 2689 non
699 2620 815 2690 solum
833 2644 907 2690 non
924 2618 1151 2711 degeneravit
1201 2644 1280 2689 corn
1304 2619 1378 2710 ipse
1396 2621 1639 2719 moderatione
1659 2648 1797 2693 summa
1817 2647 1902 2695 usus
1918 2640 1996 2712 est,
2021 2640 2101 2699 turn
2115 2650 2186 2699 rere

157 2726 397 2810 amaioribus,
416 2721 1150 2812 sedetiamingenioetvirtuteenslongc
1200 2735 1350 2811 cognato
1382 2719 1541 2815 Principi
1576 2739 1682 2795 autor
1714 2726 1799 2812 fuit,
1834 2741 1875 2797 ut
1907 2729 2011 2818 pacis
2037 2730 2184 2823 publicae

159 2829 348 2923 superavit.
399 2822 466 2897 Est
482 2840 516 2897 et
531 2825 622 2896 illud
639 2824 812 2894 indicium
828 2827 1028 2917 praeclarae
1042 2838 1077 2894 et
1089 2848 1150 2912 ge·
1201 2846 1304 2893 causa
1327 2818 1497 2893 nonnihil
1520 2828 1565 2894 de
1594 2826 1672 2897 iure
1699 2852 1764 2898 suo
1794 2830 2022 2907 concederet.
2080 2828 2181 2905 Μετ’

157 2954 304 3003 nerosae
319 2927 464 3013 indolis,
489 2930 585 3023 quod
602 2951 684 2998 curn
697 2925 887 3019 imperium
904 2926 1009 2997 multi
1024 2940 1151 3019 poten·
1202 2920 1366 2995 homines
1382 2949 1423 2995 ac
1440 2925 1592 2997 nimium
1609 2925 1784 3025 φίλαυτοι
1802 2944 1943 3002 uestros
1964 2930 2173 3027 tmperssss

158 3032 287 3107 tissimi
303 3031 486 3120 Principes
502 3028 701 3114 ambirent,
727 3043 845 3100 tamen
858 3024 1151 3099 Electoresbune
1200 3028 1382 3119 appellant
1405 3028 1573 3099 barbaros
1597 3047 1632 3101 et
1654 3033 1791 3122 impetu
1817 3033 1928 3123 magis
1953 3035 2076 3107 animi
2094 3058 2177 3131 quast
2222 3076 2225 3105 t

158 3136 322 3208 iuvenem
337 3132 506 3204 omnibus
521 3131 775 3225 praetulerunt,
800 3131 898 3225 quod
914 3128 1151 3202 nouaecidis-
1200 3130 1337 3200 ratione
1349 3130 1493 3220 gessisse
1506 3133 1627 3203 omnia
1645 3134 1813 3204 iudicant.
1863 3134 1936 3207 ses
1955 3162 2044 3209 cum
2059 3136 2177 3209 aliais-

157 3252 230 3325 set,
255 3237 326 3307 nisi
347 3234 514 3306 eluxisset
534 3232 573 3305 iu
598 3258 639 3305 eo
665 3232 858 3325 singularis
878 3232 1033 3317 indoles,
1058 3254 1151 3325 quae
1201 3231 1300 3303 finita
1314 3246 1518 3303 nostrorum
1532 3230 1739 3327 Principum
1753 3236 1931 3327 sapienter
1945 3244 2176 3333 rnoderatsqsr

156 3364 254 3433 spem
270 3339 420 3411 faciebat
438 3338 600 3408 futurum
622 3359 743 3428 parem
767 3334 930 3406 maximis
953 3336 1059 3407 rebus
1073 3358 1150 3425 gu·
1199 3336 1307 3419 facta,
1331 3346 1505 3407 testantur
1521 3334 1571 3407 eis
1588 3337 1720 3408 iniuste
1743 3340 1945 3411 barbariem
1961 3344 2098 3429 obiici,
2118 3356 2174 3413 tra

157 3442 353 3516 bernandis
376 3454 410 3512 et
431 3440 607 3528 gerendis.
659 3436 783 3531 Neque
806 3461 890 3507 vero
909 3437 1034 3509 fefellit
1058 3431 1149 3507 banc
1201 3461 1285 3506 vero
1300 3431 1387 3507 baec
1403 3434 1577 3509 Friderici
1594 3440 1789 3531 pacificatio
1805 3443 1964 3515 declarat
1980 3444 2017 3515 ei
2033 3470 2098 3517 nee
2110 3466 2175 3538 pru-

156 3568 253 3637 spem
271 3541 497 3622 Electorom,
523 3540 640 3613 statim
664 3540 761 3609 enim
786 3538 889 3610 initio
907 3537 1050 3630 lmperii
1071 3564 1150 3609 mo·
1198 3538 1356 3609 dentiam
1387 3539 1426 3608 in
1449 3541 1681 3611 conciliandis
1705 3545 1951 3616 voluntatibus
1973 3537 2194 3641 Principum,¹

156 3646 341 3716 deratione
362 3668 403 3713 ae
419 3642 550 3715 virtute
572 3642 734 3734 perfecit,
758 3665 803 3709 ne
819 3665 1020 3733 quenquam
1041 3636 1150 3711 buius
1200 3664 1265 3710 nec
1278 3640 1485 3733 gravitatem
1500 3645 1664 3729 defuisse,
1689 3646 1775 3715 dum
1792 3645 1973 3737 publicam
1991 3644 2172 3745 tranquilli-

157 3745 280 3819 iudieii
298 3745 505 3839 paestiteret.
544 3743 636 3816 Nam
651 3767 732 3814 cum
746 3742 933 3834 accepisset
948 3741 1149 3833 insperiuru,
1200 3756 1307 3813 tatem
1323 3742 1471 3835 privatis
1487 3745 1670 3816 affectibus
1688 3749 1865 3837 praetulit.
1917 3746 2022 3822 Haec
2043 3746 2172 3843 auspicis

155 3845 249 3920 nibil
266 3849 364 3941 prius
380 3841 524 3931 babuit,
549 3868 657 3938 quarn
675 3858 714 3915 ut
733 3846 831 3914 dorni
851 3868 972 3937 pacem
987 3844 1066 3914 siue
1080 3868 1149 3935 pu·
1199 3844 1339 3936 imperii
1364 3844 1475 3935 ipsius
1498 3860 1533 3916 et
1556 3847 1623 3938 ipsi
1647 3850 1871 3922 autoritatem
1885 3852 2173 3925 benevolentia·-

156 3953 253 4023 blico
273 3966 372 4022 motu
393 3962 429 4020 et
449 3948 602 4019 consilio
625 3947 743 4039 potius
764 3968 872 4041 quarn
890 3946 999 4017 armis
1015 3947 1148 4017 consti-
1198 3969 1267 4038 que
1281 3948 1535 4034 conciliarunt,
1556 3964 1590 4020 ct
1611 3973 1708 4040 spem
1727 3954 1896 4025 omnibus
1913 3958 2088 4044 gentibus
2109 3950 2173 4025 insti

156 4065 288 4125 lueret:
326 4050 583 4124 dissentiebant
609 4050 707 4119 enirn
737 4047 898 4119 interae
925 4044 1084 4119 Bararus
1112 4061 1148 4121 et
1198 4062 1232 4118 et
1246 4050 1420 4119 moderati
1437 4051 1577 4142 imperii
1593 4053 1847 4143 praebuerunt,
1871 4080 1945 4150 quo
1961 4068 2174 4157 nequeopb·

154 4150 380 4235 Austriacns,
416 4152 668 4243 potentissimi,
692 4164 732 4222 ut
748 4174 845 4223 nunc
862 4174 1023 4244 quoque,
1052 4148 1145 4223 Ger·
1198 4150 1307 4221 bilius
1320 4152 1517 4247 quidquam
1532 4155 1690 4225 accidere
1706 4157 1953 4247 prudentibus,
1979 4184 2099 4257 neque
2112 4155 2175 4254 pul·

155 4258 295 4327 maniae
307 4253 501 4347 Principes.
553 4251 643 4325 Erat
662 4267 779 4323 autern
800 4252 982 4323 mutentio
997 4254 1042 4323 de
1064 4252 1146 4321 lini·
1197 4247 1318 4323 chrior
1349 4277 1404 4323 res
1437 4266 1472 4323 et
1503 4255 1751 4328 admirabilior
1775 4260 1921 4329 existere
1953 4262 2034 4334 ulla
2069 4275 2174 4357 potest.

154 4358 236 4443 bus,
252 4372 287 4429 et
302 4358 435 4429 bellum
452 4356 597 4448 parabat
607 4368 771 4449 uterque.
796 4352 905 4444 Quod
923 4355 1040 4423 sinon
1056 4368 1147 4426 esset
1195 4351 1275 4425 Etsi
1296 4369 1415 4427 autem
1435 4358 1647 4449 aequitatem
1672 4361 1783 4429 animi
1806 4384 1852 4431 ne
1866 4378 2030 4435 armatus
2049 4365 2175 4460 quidm

152 4483 360 4553 oppressum
384 4457 570 4551 diligentia
593 4455 765 4529 Frideriei
788 4454 1037 4549 Imperatoris,
1070 4458 1145 4527 esi·
1195 4458 1376 4549 deposuit,
1401 4472 1521 4529 tameo
1543 4461 1653 4550 magis
1677 4462 1771 4533 lucet
1786 4465 1861 4534 eius
1877 4464 1996 4536 virtus
2011 4462 2177 4539 inbisrs·

152 4564 236 4634 tiale
267 4562 391 4634 fuisset
423 4560 608 4632 universae
630 4556 858 4631 Germaniae.
915 4552 993 4629 Etsi
1023 4572 1142 4628 autem
1194 4558 1262 4630 bus
1275 4582 1365 4654 quas
1377 4560 1473 4629 bello
1488 4562 1611 4651 gessit,
1637 4588 1743 4658 quam
1758 4565 1797 4633 iu
1813 4578 1902 4657 toga.
1945 4564 2176 4666 Cumquera·

149 4658 353 4741 Friderieus
374 4662 517 4758 utrique
531 4675 700 4753 cognatus
721 4672 816 4747 erat,
841 4672 960 4731 tamen
976 4660 1144 4731 Austris·
1194 4662 1268 4731 riae
1283 4662 1356 4734 sint
1369 4662 1593 4751 ingeniorum
1612 4664 1651 4734 in
1668 4664 1948 4757 lrnperatoribus
1968 4674 2124 4763 species,
2144 4668 2175 4737 ia

149 4786 232 4837 euru
262 4764 429 4861 proprius
455 4762 661 4854 attingebat.
720 4760 845 4857 ltaque
871 4756 932 4834 bie
961 4762 1141 4853 specimen
1192 4762 1272 4833 aliis
1296 4764 1477 4835 cunctatio
1499 4765 1683 4851 laudatur,
1714 4768 1753 4838 in
1778 4765 2007 4859 Alexandro,
2034 4775 2073 4846 in
2095 4771 2174 4846 tulo

147 4868 326 4959 egregium
339 4866 593 4939 moderationis
607 4864 913 4961 atqueaequitatis
930 4885 1013 4935 suae
1035 4888 1142 4957 prae·
1191 4865 1372 4947 celeritas,
1412 4861 1472 4935 bic
1500 4882 1622 4939 noster
1645 4867 1859 4960 lmperator‚
1894 4871 2097 4947 Alexandri
2121 4874 2175 4945 ali-

146 4968 237 5041 buit.
271 4966 353 5041 Non
369 4970 465 5042 enirn
478 4962 578 5041 bunc
594 4962 924 5060 praetulitliavaro,
941 4969 1140 5057 nonmagis
1190 4982 1325 5060 quanto
1340 4969 1491 5039 similior
1513 4970 1581 5042 fuit
1596 4970 1791 5042 dimicandi
1813 4972 1990 5065 cupidus,
2014 4997 2174 5074 nusqm

145 5070 287 5162 cognati
301 5086 416 5163 partes
430 5072 580 5143 tuendas
592 5070 661 5143 sibi
681 5067 836 5160 putavit,
860 5093 967 5163 quam
985 5070 1023 5137 in
1040 5094 1139 5139 com-
1189 5072 1396 5142 detrectavit
1411 5094 1566 5162 pugnam
1584 5074 1691 5143 etiam
1707 5075 1794 5144 loeis
1810 5075 1958 5169 iniquis,
1981 5080 2174 5151 obsidiones

144 5196 253 5244 mune
268 5172 345 5265 paci
360 5174 631 5248 consulendum.
664 5170 742 5241 tmo
753 5194 834 5241 curn
849 5185 994 5263 propter
1008 5194 1138 5260 cogna—
1190 5173 1249 5241 vix
1263 5197 1422 5266 unquam
1437 5176 1557 5255 solvit,
1582 5198 1698 5269 neque
1712 5191 1830 5247 tamen
1845 5178 1984 5251 otiosus
2000 5184 2129 5255 assedit
2143 5180 2172 5245 in

143 5274 277 5346 donem
300 5273 382 5367 plus
410 5276 542 5347 valeret
566 5276 663 5365 apud
686 5272 932 5359 Austriacnm,
965 5274 1137 5366 persuasit
1188 5275 1330 5359 castris,
1356 5279 1416 5345 sed
1441 5278 1612 5347 continuo
1640 5302 1852 5369 oppugnans
1875 5282 2008 5369 urbes,
2034 5284 2171 5357 instabat

142 5374 195 5462 ei,
228 5392 266 5449 ut
293 5380 339 5447 de
363 5399 429 5447 sun
455 5376 533 5447 iure
562 5376 682 5469 potius
707 5376 900 5445 concedere
922 5398 964 5446 ae
985 5376 1136 5465 regredi,
1187 5369 1368 5458 hostibus,
1392 5390 1431 5447 ut
1454 5402 1535 5448 curn
1555 5379 1743 5450 intervalla
1765 5382 1809 5451 ad
1830 5382 2088 5476 quiescendum
2108 5404 2167 5455 nor

140 5500 245 5571 quam
262 5478 429 5572 progredi
441 5478 558 5562 vellet,
572 5482 674 5553 daret
686 5470 756 5549 boc
767 5475 932 5571 publicae
948 5478 1024 5571 paci
1039 5476 1134 5549 Ger·
1186 5478 1271 5552 satis
1290 5483 1476 5551 commoda
1490 5476 1683 5565 haberent,
1709 5483 1861 5556 tolerare
1875 5486 2102 5561 obsidium
2115 5486 2165 5557 dir
