4664 6022
235 267 310 348 an
758 247 918 326 nucu.
965 243 1041 321 nn
1075 240 1418 323 nnnnoaro
1452 240 1752 324 streone.
2209 242 2278 337 no

236 439 361 514 concio
390 429 619 527 interposita,
647 448 738 523 quae
764 437 805 496 ut
826 423 895 516 iptl
915 420 1047 493 latroni
1071 415 1237 491 salutaris
1289 434 1349 492 tur
1374 443 1450 501 non
1472 419 1563 491 duos
1583 431 1724 492 tantum
1747 417 1968 493 latrunculos
1980 418 2140 515 pendere
2154 417 2293 512 cogita:

237 545 324 626 luit,
350 539 399 611 ita
418 561 491 607 non
507 536 551 603 ad
569 533 684 624 ipsum
701 541 837 598 tantum
854 524 1032 618 pertinere
1047 521 1239 593 iudicanda
1290 523 1393 608 bitis,
1417 522 1477 592 sed
1499 546 1623 593 omnes
1639 517 1802 593 homines
1824 524 1985 595 omnium
1998 537 2168 597 aetatum,
2218 518 2280 594 co.
2318 572 2320 581 .

240 663 312 718 est.
364 635 551 728 Evangelii
578 658 642 702 vox
671 644 722 700 est
742 626 943 700 communis
971 626 1140 697 omnibus
1171 621 1240 714 piis
1290 625 1446 717 gitabitis
1478 639 1512 696 et
1544 624 1654 710 illud,
1700 648 1824 695 omnes
1855 649 1929 698 egee
1961 627 2138 697 latrone„
2179 626 2279 697 Μὴ,

240 746 404 819 omnium
423 754 597 821 actatum,
622 758 712 828 quae
734 731 880 825 quidem
897 729 1137 800 dulcissimam
1153 749 1241 795 con·
1291 728 1385 798 enim
1412 741 1496 797 sunt
1528 741 1565 796 et
1590 727 1720 800 atrocia
1746 729 1968 819 singulorum
1995 730 2152 815 scelera,
2186 728 2278 801 multi

242 849 452 923 solationem
471 837 651 936 proponit.
702 834 825 929 ltaque
842 828 936 902 banc
953 830 1144 921 imaginem
1161 827 1242 896 ani·
1291 831 1505 901 adiuverunt
1529 831 1621 900 mala
1641 830 1790 900 consilia
1811 834 1981 902 adversus
2009 831 2090 923 pios
2110 843 2275 925 suscepta5

243 978 304 1025 mo
326 953 489 1025 intuens,
523 957 558 1014 et
578 940 679 1009 illam
703 936 946 1029 gravissimam
964 931 1240 1026 disputationem
1292 933 1447 1027 denique
1472 954 1596 1002 omnes
1612 935 1734 1027 aliquo
1752 935 1859 1005 modo
1876 934 2205 1007 manusattulimus
2216 933 2274 1005 tilio

244 1054 421 1145 cogitans,
448 1046 573 1115 videor
602 1035 692 1111 mihi
716 1041 835 1109 videre
860 1033 1055 1130 Ecclesiam
1080 1033 1241 1104 omnium
1295 1036 1376 1109 Dei,
1441 1034 1554 1105 Pom
1591 1060 1670 1105 cum
1700 1036 1739 1104 ᾗ,
1770 1038 1885 1107 medi,
1907 1050 2022 1108 mom
2057 1059 2274 1121 versaremur,

245 1170 416 1236 aetatum,
448 1148 555 1218 audio
576 1143 736 1215 omnium
759 1136 1017 1231 Prophetarum
1040 1150 1073 1208 et
1088 1131 1241 1227 Aposto-
1294 1139 1388 1208 filius
1405 1134 1471 1207 Dei
1495 1137 1600 1208 nobis
1625 1139 1777 1207 donatus
1795 1151 1866 1222 est,
1892 1153 1934 1209 nt
1951 1138 2096 1209 victima
2113 1138 2273 1231 fieretpro

245 1260 362 1331 lorum
376 1251 584 1329 conciones,
608 1269 757 1340 quarum
769 1266 906 1312 summa
923 1244 961 1310 in
975 1242 1038 1310 illo
1053 1238 1154 1309 brevi
1169 1235 1243 1305 col·
1295 1240 1419 1325 nohis,
1446 1266 1485 1311 ac
1502 1241 1636 1330 placata
1654 1240 1764 1331 patris
1780 1241 1849 1326 ira,
1875 1242 2033 1312 aboleret
2055 1252 2274 1334 peccatone
2292 1316 2300 1327 ,

247 1359 369 1455 loquio
396 1347 649 1444 comprehensa
672 1360 733 1417 est.
794 1342 873 1417 Etsi
895 1358 1012 1414 autem
1027 1366 1101 1412 non
1116 1337 1242 1409 dubito
1295 1357 1466 1423 mortem,
1502 1355 1536 1412 et
1558 1344 1720 1413 redderet
1740 1342 1851 1414 vitam
1874 1355 2065 1413 aeternam.
2119 1340 2163 1412 Id
2185 1343 2274 1413 bene-

247 1462 426 1558 plerisqne
450 1468 605 1524 restrum
629 1444 692 1520 has
717 1449 809 1541 ipsas
833 1471 889 1518 res
910 1446 1038 1516 melius
1054 1467 1126 1513 esse
1143 1453 1244 1509 notas
1295 1447 1414 1515 ficium
1434 1444 1539 1514 offert
1556 1459 1590 1514 et
1604 1445 1760 1537 impertit
1777 1447 1963 1526 omnibus,
1988 1467 2081 1539 quos
2094 1457 2274 1517 erratorum

247 1590 287 1637 ³⁰
308 1562 514 1640 meditatas,
547 1577 655 1647 quam
677 1546 786 1631 mihi,
821 1563 1042 1620 lamentum
1074 1541 1244 1613 h⁰c1000
1296 1547 1469 1639 poenitet,
1502 1547 1635 1641 quique
1659 1547 1798 1615 veniam
1819 1549 1865 1617 ab
1889 1549 1966 1640 ipso
1991 1560 2141 1639 petunt,
2165 1544 2276 1617 etlreti

248 1667 365 1739 dicere
389 1663 505 1732 iussus
526 1679 656 1733 essem,
688 1667 723 1723 et
747 1677 803 1721 me
824 1651 979 1744 pericula
1003 1644 1132 1719 horum
1155 1658 1246 1715 tem·
1296 1649 1408 1742 ipsius
1443 1649 1643 1740 promissis,
1684 1649 1932 1720 liberationem
1964 1661 2162 1741 expectant.
2223 1646 2275 1721 Hit

247 1792 375 1863 porum
399 1757 456 1830 his
479 1759 604 1829 diebus
626 1756 670 1824 de
699 1750 762 1824 hac
785 1754 940 1843 imagine
965 1749 1246 1829 admonuissent,
1296 1753 1367 1821 iam
1390 1744 1637 1820 distrahuntur
1658 1745 1846 1821 hominum
1868 1752 2000 1822 iudicia
2017 1774 2058 1820 ,c
2079 1750 2275 1823 volum&

249 1873 403 1943 libenter
422 1860 490 1933 hoc
505 1869 753 1949 argumentum
771 1857 877 1945 elegi,
903 1866 944 1923 ut
959 1853 1116 1942 exemplo
1136 1849 1245 1918 latro·
1297 1853 1456 1924 Maxima
1471 1876 1550 1945 pm
1567 1867 1776 1944 ,spernatur
1791 1849 1861 1924 hoc
1881 1853 2112 1937 beneficium,
2138 1876 2277 1945 pm·

250 1974 326 2053 nis,
358 1967 419 2060 qul
449 1961 642 2034 ⁸0mlviffl⁸
670 1983 708 2028 ³⁶
732 1958 921 2040 Ιθΐθῐὸῑῦδ,
955 1969 1074 2027 lamen
1097 1952 1245 2041 gloriam
1298 1956 1459 2027 timeum
1478 1955 1624 2026 videant
1637 1951 1819 2028 Christum
1836 1957 1984 2049 perinde
2006 1969 2048 2026 nt
2063 1968 2278 2029 caeteroru-

250 2074 317 2148 filii
343 2068 410 2141 Dei
432 2080 569 2147 luetur,
601 2074 636 2130 θῑ
660 2084 778 2129 meum
803 2060 963 2128 animum
989 2056 1246 2132 t⁰ufirm³re¹m
1297 2056 1516 2129 lamitatibus
1541 2058 1791 2129 communibus
1818 2056 2037 2143 conflictari,
2078 2057 2276 2149 rapi,‚.etiur

252 2192 286 2249 et
302 2171 540 2243 adolescentes
562 2164 607 2233 ad
629 2163 722 2232 idem
740 2164 845 2230 decus
869 2160 1067 2231 excitarem.
1118 2154 1268 2246 Necid·
1298 2163 1342 2230 ad
1369 2157 1599 2251 supplicium,
1633 2160 1795 2231 interfici.
1853 2158 1912 2231 An
1936 2155 2135 2251 Epicuraei
2161 2160 2208 2233 ab
2227 2154 2278 2233 bot

251 2285 498 2370 argumentum
517 2266 674 2338 alienum
689 2277 742 2333 est
757 2265 801 2332 ab
815 2258 994 2343 hocloco,
1019 2274 1081 2330 aut
1093 2254 1149 2328 his
1159 2270 1247 2327 tem-
1299 2265 1468 2332 caelavere
1490 2263 1667 2353 pendente
1688 2263 1728 2332 in
1751 2262 1853 2332 cruce
1872 2275 2033 2353 peterent
2056 2275 2121 2332 aut
2138 2276 2278 2357 expecta·

249 2379 412 2476 poribus.
471 2369 544 2441 Diu
566 2367 637 2437 iam
659 2364 848 2436 Pontifices
867 2352 1037 2434 ex'ercent‘
1054 2362 1246 2429 immanem
1298 2376 1379 2433 rent
1394 2388 1523 2432 novam
1538 2377 1573 2433 et
1588 2380 1790 2456 perpetuam
1806 2363 1939 2434 vitam?
1964 2363 2028 2455 qui
2042 2361 2084 2434 in
2098 2377 2197 2437 tants
2208 2386 2280 2435 eon-

251 2479 432 2558 saevitiam
450 2474 488 2543 in
505 2471 661 2541 membra
676 2462 829 2549 Christi,
852 2492 892 2536 ac
907 2490 1021 2547 nunc,
1046 2477 1087 2533 ut
1105 2463 1249 2531 univer·
1299 2466 1438 2534 lusione
1461 2466 1572 2549 vitae,
1605 2490 1688 2536 casu
1713 2466 1833 2535 omnia
1855 2466 1941 2535 lerri
1962 2464 2205 2549 arbitrantur,
2224 2488 2280 2535 nes

252 2612 327 2662 sam
355 2577 548 2652 Ecclesiam
574 2573 732 2653 deleant,
760 2569 980 2638 inflammare
997 2565 1100 2635 civile
1115 2565 1248 2633 bellum
1300 2582 1453 2639 statuere
1471 2560 1638 2659 possum'‚
1663 2567 1739 2638 Deo
1755 2563 2141 2639 humanacumme?
2164 2566 2281 2645 mm

253 2698 446 2766 conantur,
486 2674 668 2748 Christum
705 2673 873 2741 omnibus
905 2669 1046 2763 probris
1088 2678 1250 2745 onerant,
1301 2670 1410 2759 igitur
1434 2683 1603 2762 tanquam
1631 2677 1792 2762 poemata
1817 2683 1878 2740 aut
1900 2670 2012 2739 aniles
2035 2668 2281 2749 neniasoeonit

254 2793 371 2862 multo
392 2780 570 2855 rabiosius
594 2798 701 2869 quam
725 2773 815 2842 latro
832 2773 1036 2841 maledicus.
1089 2767 1250 2859 Applau-
1303 2771 1527 2856 testimonia,
1553 2796 1642 2864 quae
1662 2766 1761 2841 Deus
1779 2785 1815 2842 et
1830 2772 1874 2841 de
1897 2774 1959 2841 sua
1973 2772 2184 2855 voluntate,
2206 2772 2282 2843 etde

256 2897 347 2966 dunt
372 2884 585 2956 Pontificum
609 2875 723 2945 sutori
745 2872 878 2964 Reges,
910 2887 943 2944 et
972 2871 1152 2963 praecipui
1182 2869 1251 2938 viri
1303 2873 1568 2944 immortalitate
1596 2873 1763 2944 omnibus
1791 2874 1964 2944 aetatibus
1989 2875 2122 2944 ordine
2142 2872 2282 2955 tradidit,

257 2993 418 3067 omnium
439 2983 629 3062 ordinum,
656 2978 807 3070 quadam
827 2975 926 3045 inani
943 2974 1109 3046 utilitatis
1124 2973 1251 3043 umbra
1306 2991 1340 3046 et
1355 2976 1498 3046 tandem
1512 2975 1619 3045 misso
1635 2976 1730 3063 filio,
1755 2990 1790 3046 et
1816 2989 1895 3067 post
1913 2988 2064 3046 mortem
2081 2974 2283 3055 revocatoia

257 3095 361 3187 capti.
413 3086 657 3158 Adsentantur
670 3072 726 3147 his
742 3077 858 3161 docti,
884 3091 923 3147 ut
944 3076 1087 3147 Silenus
1103 3071 1251 3169 Cyclopi
1303 3078 1430 3162 vitam,
1455 3078 1687 3155 confirmavit.
1738 3074 1809 3149 Hic
1831 3078 1891 3146 ille
1913 3076 2280 3155 sarcasmusestrnale·

258 3200 297 3270 in
322 3207 445 3272 antro,
478 3201 517 3257 ut
541 3196 591 3254 est
608 3182 646 3249 in
671 3179 801 3249 fabulis
819 3175 1015 3271 Euripidis.
1067 3174 1115 3247 Et
1131 3192 1170 3247 ut
1186 3172 1253 3244 ho-
1304 3177 1374 3249 dici
1400 3179 1565 3248 latronis:
1596 3178 1860 3271 Ageliberator
1883 3181 2038 3270 egregie,
2063 3178 2284 3261 tibietnobit

259 3323 339 3373 rum
354 3292 508 3365 serviant
526 3282 795 3377 cupiditatibus,
821 3281 951 3376 stylum
970 3272 1252 3348 adversusChri-
1305 3281 1452 3351 salutem
1485 3284 1637 3355 reddito.
1696 3284 1756 3354 Sic
1782 3280 1884 3373 impii
1909 3283 1973 3352 etsi
2003 3298 2089 3355 sunt
2117 3283 2159 3357 in
2186 3280 2285 3355 media

259 3418 352 3472 stum
378 3403 521 3466 acuunt.
578 3384 702 3478 Aliqui
723 3383 880 3453 saniores
899 3383 1025 3453 dolent
1050 3381 1160 3449 vicem
1185 3374 1255 3447 Ec·
1305 3397 1439 3467 morte,
1465 3396 1584 3453 tamen
1609 3409 1683 3453 non
1704 3384 1863 3454 sentiunt
1883 3386 2060 3457 malorum
2082 3383 2286 3477 maguitudi-

260 3502 594 3588 clesiaeoppressae
619 3481 785 3555 horribili
817 3485 1025 3581 tyrannide,
1056 3485 1116 3552 sed
1147 3479 1255 3549 urinis
1306 3510 1409 3565 nem,
1442 3508 1516 3555 non
1549 3502 1724 3580 quaerunt
1756 3510 1895 3557 causam
1919 3511 2200 3571 aerumnarum,
2228 3508 2286 3557 noo

259 3615 445 3699 potentum
466 3587 704 3686 perterrefacti
725 3587 863 3671 iacent,
886 3600 928 3656 ut
945 3581 1110 3677 Apostoli
1127 3582 1255 3673 dilapsi
1306 3600 1471 3657 metuunt
1498 3584 1565 3658 Dei
1590 3589 1782 3671 iudicium,
1814 3588 1946 3660 ludunt
1970 3589 2077 3660 etiem
2096 3586 2286 3661 deridendi,

262 3718 383 3786 erant,
419 3722 500 3768 cum
522 3688 685 3764 Christus
707 3689 903 3758 afficeretur
926 3686 1112 3779 supplicio.
1173 3683 1256 3754 Tali
1307 3689 1557 3777 religionibus,
1578 3690 2288 3782 etcumoffecturaesuntipsorumoom-

263 3823 440 3898 tempore,
465 3796 528 3869 etsi
544 3817 609 3862 nos
625 3791 767 3885 quidem
785 3788 935 3878 privati,
963 3786 1120 3879 oppressi
1135 3801 1256 3881 tyran·
1309 3788 1443 3870 modis,
1477 3792 1594 3860 delere
1620 3789 1856 3882 Evangelium
1886 3782 2078 3878 conantur,
2111 3809 2148 3866 et
2180 3816 2286 3887 expro-

262 3911 366 3991 nide,
392 3925 516 3996 parum
534 3896 698 3988 prodesse
713 3889 892 3961 Ecclesiae
906 3912 1112 3981 possumus,
1138 3903 1255 3958 tamen
1308 3906 1411 3962 utttnt
1438 3891 1654 3983 impietatem
1675 3920 1714 3964 ae
1734 3893 1915 3963 saevitiam
1934 3896 2105 3965 adversus
2120 3890 2289 3968 Christum

264 4012 448 4081 imitemur
465 3997 663 4089 exemplum
680 3992 842 4062 semivivi
861 3991 1028 4076 latronis,
1055 3992 1117 4084 qui
1132 3991 1256 4060 conti·
1310 3993 1435 4064 eteius
1458 3998 1627 4069 membra.
1683 3993 1732 4066 Ut
1754 4011 1839 4066 ttrite
1861 3997 1951 4065 latro
1973 3997 2168 4070 virulentis
2182 3994 2291 4071 ironiis

265 4113 328 4183 ciis
346 4106 554 4197 respondet,
582 4113 613 4168 et
637 4095 785 4186 gloriam
802 4089 935 4164 Christi
963 4115 1259 4184 snavocequan·
1310 4096 1507 4189 exagitabat
1529 4099 1642 4167 lilium
1665 4094 1753 4183 Dei,
1786 4097 1835 4167 ita
1864 4098 1994 4169 videtis
2020 4099 2156 4190 impios
2185 4078 2293 4177 ludat

265 4231 341 4284 turn
359 4223 490 4300 potest,
516 4226 595 4271 cum
613 4201 681 4267 iarn
698 4197 849 4265 animam
866 4196 961 4265 inter
976 4197 1098 4265 dentes
1114 4208 1260 4277 teneret,
1312 4197 1479 4267 orttnibus
1504 4199 1686 4269 aetatibus.
1745 4197 1798 4270 Ac
1821 4225 1865 4268 ne
1889 4200 2020 4290 putetis
2044 4225 2186 4272 novum
2202 4200 2294 4273 fuine

266 4310 433 4386 defendit.
485 4302 576 4374 Cum
599 4302 707 4389 igitur
730 4293 817 4367 haec
833 4298 945 4368 oratio
965 4297 1114 4365 irraxime
1130 4298 1260 4365 conve-
1311 4301 1521 4390 exetttplum.
1587 4300 1692 4370 Alius
1719 4317 1772 4371 est
1799 4295 1913 4373 hostis
1945 4299 2078 4374 Christi
2104 4304 2224 4389 multo
2249 4302 2296 4373 in·

265 4420 341 4488 niat
363 4407 447 4481 huic
472 4402 640 4494 tempori,
672 4424 801 4494 quaeso
832 4416 972 4470 utnon
1003 4400 1119 4469 solum
1147 4422 1260 4491 aequo
1311 4402 1450 4486 festior,
1478 4404 1611 4472 scilicet
1642 4403 1827 4478 Diabolus.
1886 4401 2106 4495 lsprimum
2130 4400 2298 4479 odiond

266 4520 386 4592 animo
403 4508 586 4582 historiam
603 4507 782 4574 latronum
797 4503 967 4586 audiatis,
993 4503 1054 4570 sed
1078 4501 1183 4569 etiam
1200 4525 1262 4569 ex·
1312 4504 1442 4574 avulsit
1455 4506 1499 4575 ab
1515 4532 1556 4575 eo
1573 4506 1706 4595 primos
1720 4519 1892 4597 parentes.
1933 4503 1967 4573 ls
1983 4506 2168 4579 similibus
2186 4504 2298 4581 ironiis

267 4616 418 4708 terpatis
441 4608 598 4700 exeuipla
622 4605 723 4675 vobis
746 4605 869 4686 utilia,
901 4619 936 4674 et
953 4603 1089 4672 animos
1105 4601 1262 4672 excitetis
1313 4605 1351 4674 in
1374 4608 1537 4697 paradiso
1560 4608 1722 4677 miseram
1748 4609 1933 4679 mulierem
1957 4608 2101 4696 tetettit,
2124 4634 2211 4683 cum
2227 4632 2299 4703 pro·

268 4726 312 4794 ad
342 4715 549 4789 imitandam
579 4709 745 4779 virtutem
769 4706 819 4798 pii
844 4706 1010 4784 latronis,
1049 4704 1121 4798 qui,
1138 4717 1171 4772 et
1193 4705 1262 4774 hde
1312 4700 1467 4778 mitteret
1490 4711 1566 4779 lore
1589 4710 1741 4779 similem
1764 4707 1856 4779 Deo:
1894 4707 2028 4795 Eritis,
2052 4712 2299 4807 inquinatur

268 4818 553 4895 hunc-medinm
587 4811 701 4880 lesum
726 4807 891 4899 supplicii
921 4806 1072 4891 socium,
1104 4807 1263 4895 agnoscit
1312 4805 1386 4880 Dii.
1448 4808 1547 4880 Idem
1577 4811 1811 4884 calumniator
1833 4807 1943 4882 hahet
1964 4812 2155 4886 fascinatas
2181 4812 2300 4907 impio-

270 4949 342 4996 esse
364 4935 525 4991 autorem
543 4914 635 4983 sitae
657 4923 867 5003 perpetuae,
894 4924 928 4980 et
944 4908 1179 4979 fortitereum
1198 4911 1261 4976 ad-
1313 4936 1394 4980 rum
1420 4928 1554 4985 mentes
1574 4914 1674 4983 omni
1699 4928 1857 5005 tempore
1879 4915 1976 4984 falsis
1997 4917 2041 4986 de
2056 4911 2135 4987 Deo
2161 4936 2325 5011 pemuaq

269 5048 392 5096 versus
421 5024 594 5090 latronem
619 5011 891 5084 conviciatorem
916 5023 1129 5103 propugnat.
1189 5008 1263 5082 Re·
1314 5013 1486 5087 sionihus.
1539 5013 1607 5085 His
1628 5017 1789 5086 abutitur
1810 5031 1978 5110 tanquam
1998 5019 2164 5107 organis,
2187 5020 2325 5091 edu..

269 5142 387 5222 petam
404 5122 512 5213 igitur
528 5120 637 5190 totius
650 5113 838 5207 spectaculi
854 5113 1145 5203 significationem
1157 5113 1263 5203 paulo
1314 5114 1479 5205 plendam
1506 5118 1681 5187 infinitam
1707 5118 1782 5187 odii
1802 5120 1859 5187 sui
1888 5120 2116 5190 acerbitatem
2138 5108 2326 5231 adversati

271 5232 387 5302 altius.
438 5221 520 5294 Duo
534 5222 690 5291 latrones
704 5217 837 5308 pariter
856 5213 971 5285 affecti
988 5213 1162 5306 supplicio
1183 5239 1262 5284 cnut
1314 5216 1426 5286 blium
1445 5217 1523 5290 Dei.
1575 5217 1684 5290 Latro
1706 5219 1834 5309 igitur,
1858 5235 1898 5291 ut
1913 5221 2041 5292 caeteri
2061 5221 2190 5315 impii,
2213 5236 2303 5295 aetor

269 5332 431 5410 Christo,
465 5322 660 5412 significant
690 5317 897 5388 universnm
927 5334 1038 5408 genus
1068 5311 1264 5386 humanum
1315 5335 1366 5389 est
1391 5316 1517 5392 irarum
1541 5321 1758 5406 ironiarum,
1791 5323 1849 5390 sed
1870 5321 2303 5417 illesuperbissimusspi-

271 5434 483 5505 destinatum
502 5447 574 5494 esse
590 5421 696 5493 morti
709 5432 855 5513 propter
869 5434 1060 5510 peccatum.
1111 5415 1181 5488 Hic
1197 5419 1265 5510 igi·
1313 5420 1405 5494 ritus
1419 5418 1529 5496 hostis
1543 5420 1631 5509 Dei,
1657 5436 1707 5493 est
1722 5447 1843 5495 earum
1858 5426 1974 5516 potita,
