4664 6022
141 286 219 360 ets
375 218 382 231 ·
871 282 1032 360 DECL.
1073 283 1147 359 DE
1178 284 1447 361 LEGlBUS.
1941 372 1944 377 ,
2117 299 2192 375 914

141 472 215 545 tas,
249 474 355 531 erunt
381 473 416 531 et
444 482 579 552 poenae
602 472 764 531 aeternae
790 458 953 530 omnium
978 459 1040 554 qui
1066 483 1140 529 non
1194 481 1288 543 esse,
1314 472 1348 528 et
1361 458 1559 528 laudandos
1575 480 1647 527 esse
1662 460 1827 547 artifices,
1850 475 1925 532 tram
1942 480 2085 549 veteres,
2112 485 2187 541 tum

140 566 355 654 confugiunt
371 565 414 634 ad
428 563 543 634 filium
556 558 637 637 Dei.
1193 574 1369 648 recentes,
1392 559 1577 635 Bartolunr
1595 575 1628 632 et
1641 561 1791 649 similes,
1817 566 1879 657 qui
1893 568 2034 658 ingenia
2049 573 2189 644 discen-

142 730 145 735 .
245 665 410 738 Tertium
433 666 591 738 officium
611 679 679 738 est:
715 663 873 737 Summis
892 663 1143 755 gubernatori·
1194 664 1284 738 tium
1315 666 1359 734 ad
1391 666 1506 733 fontes
1536 665 1729 741 deducunt.
1781 664 1966 741 Interdum
1992 676 2189 765 probabilis

137 770 211 843 bus
234 769 273 841 in
294 770 418 862 politia
435 773 643 841 mandatum
660 782 727 853 est,
751 781 791 838 ut
809 767 877 859 ipsi
892 791 1035 862 quoque
1050 768 1142 857 leges
1194 781 1340 839 tantunr
1351 768 1441 837 ratio
1459 766 1543 855 legis
1559 781 1630 851 est,
1656 770 1716 837 sed
1735 781 1855 840 tamen
1873 776 2066 862 concinna,
2092 793 2131 850 ut
2148 782 2186 849 in

142 875 277 943 addant
290 873 477 963 decalogo,
500 897 591 967 quae
607 887 725 944 tamen
743 896 824 942 curn
840 871 977 961 legibus
995 883 1142 940 naturae
1194 870 1343 940 diversis
1370 893 1564 961 poenarum
1590 871 1716 940 modis.
1773 871 1902 945 Nostro
1930 878 2008 947 iure
2034 882 2189 969 debitor,

143 1001 218 1047 non
237 992 407 1068 pugnent,
433 977 495 1046 sed
509 989 571 1047 aut
584 974 779 1045 necessaria
794 975 1058 1068 consequentia,
1081 986 1142 1043 aut
1194 974 1256 1067 qui
1272 997 1346 1042 nou
1361 985 1474 1064 potest
1489 972 1637 1056 solvere,
1649 974 1739 1044 facta
1748 978 1952 1048 excussione
1968 982 2189 1071 facultatum,

143 1080 323 1174 probabili
348 1080 487 1149 ratione
520 1105 561 1147 ex
590 1078 663 1147 illis
687 1088 865 1147 extructae
889 1077 981 1162 sint,
1016 1090 1049 1146 et
1070 1075 1143 1145 sint
1194 1077 1263 1144 nisi
1287 1075 1392 1144 bonis
1416 1077 1534 1159 cedat,
1567 1076 1696 1145 multas
1716 1101 1839 1165 graves
1862 1105 1993 1173 poenas
2014 1088 2188 1158 sustinere

144 1184 243 1254 velut
256 1184 458 1252 adiumenta
472 1183 589 1271 legum
605 1180 834 1258 naturalium,
861 1194 894 1250 et
909 1181 1142 1250 circumstau·
1194 1179 1343 1268 cogitur.
1396 1174 1540 1247 Alicubi
1564 1179 1602 1246 in
1627 1176 1778 1249 Graecia
1804 1182 1858 1251 lex
1886 1187 2038 1257 addebat
2065 1206 2186 1262 notam

142 1287 211 1357 tias
227 1285 363 1378 aliquas
378 1286 560 1355 definiant.
600 1282 650 1354 Ut
665 1283 720 1352 lex
735 1296 881 1353 naturae
896 1283 1049 1353 ostendit
1065 1283 1142 1352 fur·
1194 1296 1289 1352 certo
1311 1281 1530 1373 spectaculo,
1556 1294 1595 1351 ut
1619 1284 1811 1354 deterreret
1833 1285 1971 1376 plures,
1996 1315 2041 1358 ue
2063 1318 2188 1365 cumu-

143 1403 220 1460 tum
236 1389 457 1480 puniendum
474 1410 558 1460 esse.
603 1383 733 1456 Modus
751 1409 946 1479 poenarum
962 1385 1142 1478 probabili
1194 1385 1311 1455 larent
1325 1408 1381 1452 aes
1396 1384 1566 1457 alienum.
1609 1383 1791 1456 Pendebat
1809 1387 1848 1455 in
1863 1385 2019 1479 cophino
2039 1396 2190 1482 debitor,

143 1493 283 1563 ratione
299 1492 521 1581 magistratus
537 1489 733 1560 coustituit.
1195 1503 1228 1559 et
1246 1512 1394 1557 coenum
1411 1488 1449 1555 in
1471 1512 1552 1557 eum
1572 1488 1836 1561 coniiciebatur.
1890 1490 1942 1561 Ae
1964 1511 2097 1587 patrem
2113 1495 2189 1569 Eu·
2248 1562 2252 1575 .

247 1594 424 1684 Quartum
439 1593 595 1663 officium
613 1606 678 1676 est,
704 1605 743 1662 ut
759 1587 886 1662 harum
902 1592 1007 1663 etiarn
1025 1592 1141 1680 legum
1194 1591 1321 1681 ripidis
1344 1589 1459 1662 virum
1487 1612 1674 1681 pauperem
1697 1593 1859 1663 scribunt
1880 1588 1946 1664 hac
1960 1622 2074 1689 poena
2091 1604 2189 1670 adfe-

142 1711 263 1769 custos
284 1698 349 1779 sit,
375 1711 410 1767 et
435 1697 561 1790 puniat
583 1709 827 1781 contumaces,
853 1709 1040 1789 totumque
1061 1717 1143 1762 rnu-
1194 1708 1292 1766 ctum
1313 1716 1398 1764 esse.
1450 1691 1553 1762 Talia
1579 1696 1735 1781 decreta,
1769 1721 1859 1789 quae
1880 1698 1944 1767 etsi
1966 1698 2190 1776 nonhabent

142 1825 212 1874 nus
235 1801 365 1871 referat
385 1803 429 1871 ad
451 1800 676 1893 disciplinam
699 1812 733 1870 et
753 1823 884 1891 pacem.
936 1797 1003 1868 His
1017 1795 1143 1869 officiis
1194 1819 1336 1869 eausam
1361 1797 1609 1880 necessariam,
1651 1810 1771 1867 tamen
1794 1799 1960 1871 oriuntur
1986 1829 2027 1873 ex
2052 1808 2189 1877 ratione

141 1906 420 1995 gubernatorum
436 1905 678 1989 consideratis,
699 1926 790 1996 quae
803 1903 977 1974 divinitus
991 1902 1024 1970 ei
1039 1922 1142 1969 mau—
1195 1900 1374 1993 probabili
1398 1914 1430 1971 et
1452 1900 1644 1984 concinna,
1670 1902 1789 1971 valent
1806 1908 2190 1996 propter-magistratus

144 2012 225 2080 data
245 2032 317 2077 esse
333 2007 568 2080 certissimum
592 2020 662 2087 est,
689 2029 777 2099 quae
793 2006 840 2075 sit
855 2005 1016 2075 doctriua
1033 2001 1142 2073 luris-
1195 2004 1432 2084 autoritatem,
1459 2027 1562 2095 quem
1578 1999 1676 2073 Deus
1692 2006 1844 2076 armavit
1862 2003 1927 2077 lrac
1942 2024 2123 2099 potestate,
2150 2028 2190 2085 ut

144 2112 317 2191 consulti,
351 2112 413 2205 qui
433 2125 485 2181 est
502 2111 600 2181 velut
624 2135 692 2179 vox
717 2108 984 2199 magistratuum
1001 2102 1140 2203 (legum
1195 2107 1299 2178 certis
1315 2105 1576 2176 circunstantiis
1589 2130 1793 2178 communes
1813 2113 2005 2182 sententias
2019 2115 2191 2187 includat.

144 2215 240 2285 enim
269 2215 427 2285 custodia
450 2226 485 2284 et
503 2213 748 2307 interpretatio
763 2225 885 2281 nostro
901 2210 1023 2280 ordini
1039 2232 1141 2279 man·
1194 2208 1267 2281 Nec
1284 2210 1439 2279 recitabo
1457 2208 1558 2300 plura
1580 2211 1758 2302 exempla,
1781 2237 1860 2281 cum
1877 2214 1914 2281 in
1938 2214 2043 2286 libris
2059 2220 2190 2289 nostris

142 2320 226 2387 data
243 2319 309 2409 est)
327 2317 429 2386 facile
446 2317 597 2406 intelligi
616 2329 740 2407 potest.
1195 2314 1328 2406 ubique
1342 2312 1447 2381 obvia
1464 2312 1546 2381 sint.
1599 2310 1697 2383 Haec
1714 2313 1775 2406 qui
1794 2315 1974 2398 derident,
1999 2337 2191 2412 excerpunt

248 2418 321 2489 Nee
341 2444 425 2488 vero
446 2420 719 2488 existimandum
740 2429 809 2503 est,
834 2429 993 2487 nostram
1008 2412 1142 2511 doctri·
1195 2416 1320 2486 mutila
1338 2428 1372 2484 et
1387 2416 1478 2487 leuia
1496 2415 1665 2506 exempla.
1706 2414 1775 2488 Sed
1793 2418 1906 2488 bonae
1922 2423 2050 2490 mentis
2066 2438 2116 2495 est
2134 2426 2190 2493 in-

142 2546 228 2592 nam
247 2533 385 2591 tantum
407 2545 571 2591 acervum
594 2543 667 2589 esse
689 2521 965 2603 sententiarum,
990 2541 1141 2612 quarum
1196 2518 1287 2590 tueri
1309 2531 1423 2588 totum
1448 2518 1645 2587 aedificium
1670 2520 1871 2605 doctrinae,
1905 2537 1938 2592 et
1966 2526 2191 2598 considerare

143 2623 240 2693 nulli
267 2623 339 2690 sint
369 2622 455 2692 certi
487 2624 621 2709 fontes,
654 2624 774 2694 nullae
806 2622 1140 2694 demonstrationes.
1195 2622 1256 2691 illa
1273 2621 1415 2692 divinae
1432 2621 1623 2712 sapientiae
1641 2622 1815 2705 oracula,=
1828 2624 1992 2697 videlicet
2007 2645 2191 2722 praecepta

144 2725 215 2795 Sed
228 2725 449 2794 verissimum
465 2739 528 2809 est,
544 2727 730 2818 principia,
746 2738 786 2796 ut
801 2739 930 2797 vocant
944 2722 1141 2803 Dialectici,
1194 2725 1372 2816 decalogi,
1406 2725 1592 2818 exquibus
1609 2739 1729 2816 postea
1744 2724 1880 2819 reliqua
1896 2730 2007 2799 moles
2023 2734 2066 2799 ad
2091 2733 2191 2805 fasti-

144 2848 219 2895 esse
234 2839 416 2917 praecepta
434 2828 605 2918 decalogi,
630 2842 820 2921 quaesunt
838 2827 1141 2921 primumiuipsa
1195 2828 1292 2919 gium
1313 2850 1425 2921 usque
1449 2827 1634 2898 extruitur.
1687 2826 1764 2897 lmo
1790 2843 1905 2900 totum
1928 2832 2114 2924 politicum
2131 2862 2192 2907 or-

142 2939 262 2996 mente
282 2927 423 3017 diviua,
449 2930 571 3019 regula
596 2930 755 3001 iusticiae
777 2930 936 3002 immota.
989 2925 1140 3000 Etcum
1193 2932 1315 3002 dinem
1331 2929 1513 3003 intuearis.
1563 2930 1649 3000 Nou
1667 2928 1763 2999 enim
1784 2943 1922 3003 tanturn
1940 2949 2142 3008 contractus
2158 2955 2193 3013 et

142 3030 217 3100 sint
229 3031 380 3100 noticiae
395 3033 570 3103 divinitus
585 3056 724 3122 sparsae
737 3033 774 3100 iu
791 3028 978 3102 bominum
994 3045 1142 3112 mentes,
1194 3033 1430 3104 successiones
1452 3033 1541 3121 regit
1565 3028 1844 3120 baecdoctrina,
1870 3038 2053 3107 sedetiam
2075 3065 2192 3113 mores

141 3145 271 3203 natura
295 3146 400 3203 notae
421 3150 504 3206 sunt
526 3150 559 3206 et
575 3137 716 3219 firmae,
742 3147 782 3222 ut
802 3156 1035 3205 numerorum
1051 3136 1140 3203 ordo
1193 3129 1401 3218 hominum,
1434 3136 1547 3204 sancit
1576 3158 1707 3226 poenas
1737 3140 1899 3207 omnium
1930 3142 2119 3224 scelerum,
2151 3158 2191 3216 ut

142 3247 251 3305 uotus
267 3250 318 3307 est
343 3251 377 3307 et
401 3237 648 3310 immutabilis.
700 3233 755 3309 Ex
770 3232 827 3306 his
842 3237 956 3307 initiis
970 3261 1050 3306 eum
1065 3259 1142 3305 cer·
1193 3238 1420 3330 disciplinam
1445 3236 1601 3317 muniat,
1627 3262 1667 3308 ac
1690 3261 1811 3307 revera
1838 3242 2000 3311 omnium
2017 3245 2191 3316 virtutum

143 3351 223 3407 turn
236 3338 282 3408 sit
296 3339 471 3433 reliquam
490 3342 690 3410 doctrinam
710 3353 903 3426 extructam
920 3362 994 3409 esse
1011 3339 1140 3430 partim
1193 3341 1394 3411 doctrinam
1420 3340 1597 3424 continet,
1627 3341 1721 3434 quod
1746 3340 1782 3409 in
1800 3343 1981 3414 actionum
1998 3360 2032 3416 et
2049 3371 2191 3418 accusa·

144 3442 529 3528 demonstrationibus,
561 3444 690 3536 partim
719 3438 976 3531 honestissimis
996 3455 1031 3512 et
1056 3467 1141 3532 pro-
1193 3446 1332 3515 tionum
1367 3443 1557 3538 generibus
1587 3445 1754 3535 adparet,
1787 3468 1879 3537 quae
1908 3448 1953 3515 ad
1983 3449 2191 3538 decalogum
2275 3492 2281 3501 ·

142 3543 326 3614 habilibus
353 3547 571 3631 rationibus,
609 3571 699 3640 quae
726 3546 864 3615 vicinae
895 3559 979 3616 sunt
1009 3544 1141 3614 divinis
1193 3547 1373 3639 aptissime
1395 3548 1587 3639 quadrant:
1629 3560 1664 3616 et
1689 3545 1961 3635 gubernatorem
1986 3565 2027 3621 ut
2054 3553 2192 3641 puniat,

142 3648 356 3737 praeceptis,
382 3673 612 3739 agnoscamus
630 3663 743 3720 toturn
759 3649 977 3732 aediticium,
1000 3649 1141 3739 sapien·
1193 3664 1416 3720 contumaees
1442 3650 1522 3718 idco
1545 3662 1676 3735 armat,
1708 3649 1791 3741 quia
1818 3649 1944 3741 legum·
1960 3677 2028 3721 vox
2051 3655 2190 3725 inutilis

141 3748 231 3819 tiam
255 3774 328 3819 esse
351 3751 462 3822 aDeo
485 3767 713 3822 monstratam
737 3753 857 3840 generi
874 3747 1052 3834 humano,
1078 3749 1141 3842 qui
1193 3767 1301 3837 esset,
1333 3754 1403 3821 nisi
1434 3753 1591 3822 executio
1619 3754 1816 3838 accederet,
1851 3754 1944 3829 sicut
1966 3779 2049 3825 vere
2073 3758 2191 3851 inquit

142 3852 250 3921 etiarn
278 3855 425 3923 consilia
448 3856 723 3946 gubernantium
751 3856 859 3944 rexit,
896 3868 935 3923 ut
964 3853 1139 3945 principia
1194 3852 1406 3936 Aeschines,
1433 3850 1534 3924 Nihil
1555 3856 1669 3925 valere
1694 3857 1874 3944 politiam,
1900 3882 1976 3927 non
1999 3853 2189 3931 habentem

142 3955 325 4039 viderent,
360 3970 394 4026 et
419 3957 549 4026 deinde
571 3957 746 4027 concinna
778 3958 934 4027 rnerrrbra
959 3958 1140 4029 adderent.
1194 3982 1322 4028 nervos
1336 3973 1458 4028 contra
1471 3958 1702 4027 facinorosos.

141 4054 219 4127 Scit
229 4056 504 4129 lurisconsultns
522 4061 695 4129 iusticiam
711 4061 748 4129 in
760 4061 1001 4130 contractibus
1011 4083 1141 4151 aequa·
1294 4060 1385 4133 Cum
1410 4060 1518 4150 igitur
1535 4072 1629 4130 totus
1649 4060 1737 4128 ordo
1756 4059 1922 4150 politicus
1937 4060 2190 4133 admirandum

142 4158 279 4229 litatem
298 4186 389 4246 esse,
419 4188 508 4257 quae
529 4179 668 4253 sumpta
688 4176 739 4232 est
763 4187 803 4231 ex
830 4177 1029 4254 praecepto:
1058 4160 1139 4231 Nou
1192 4161 1259 4234 Dei
1283 4188 1373 4255 opus
1395 4164 1458 4247 sit,
1484 4177 1519 4233 et
1534 4175 1674 4233 nostrae
1691 4162 1855 4233 utilitatis
1877 4186 1999 4250 causa,
2024 4178 2059 4235 et
2080 4180 2122 4236 ut
2144 4167 2191 4237 sit

141 4264 280 4335 furtum
310 4265 426 4332 facies.
486 4264 580 4334 llinc
609 4266 768 4334 nascitur
796 4266 935 4353 regula,
963 4262 1138 4334 luiustum
1194 4267 1434 4338 testimouium
1450 4269 1494 4335 de
1509 4264 1608 4347 Deo,
1635 4289 1675 4335 ac
1691 4265 1919 4356 sapientiam,
1943 4268 2190 4340 bonitatemet

142 4388 219 4435 esse
239 4390 320 4435 cum
336 4367 481 4438 alterius
500 4368 631 4436 iniuria
655 4368 873 4459 locupletari.
924 4364 1141 4439 Eruditissi-
1194 4369 1370 4440 iusticiam
1392 4370 1468 4439 eius
1490 4369 1671 4451 ostendat,
1696 4367 1917 4452 institutum,
1943 4383 1978 4439 et
1999 4371 2045 4439 sit
2069 4393 2189 4439 assue-

141 4492 201 4537 me
215 4467 324 4559 igitur
340 4471 496 4564 quaesita
514 4485 563 4539 est
580 4471 790 4561 aequalitas,
815 4495 855 4539 ac
871 4494 973 4562 saepe
990 4472 1141 4540 demon·
1193 4472 1299 4542 factio
1314 4474 1359 4542 ad
1378 4485 1492 4543 toturn
1508 4467 1660 4542 chorum
1680 4471 1869 4542 virtutum:
1897 4493 1959 4540 vos
1975 4469 2106 4541 iterum
2121 4473 2188 4543 ob-

142 4572 332 4643 strationes
350 4575 553 4645 manifestae
570 4589 671 4657 sum,
698 4587 737 4643 ut
760 4574 796 4641 iu
824 4574 897 4663 lege
920 4574 1078 4643 lulianus
1095 4574 1140 4665 b.
1193 4589 1315 4659 testor,
1337 4588 1377 4645 ut
1394 4589 1426 4645 et
1441 4576 1556 4666 ipsum
1573 4573 1756 4666 politicum
1772 4572 1934 4643 ordinem
1953 4587 2098 4666 propter
2109 4576 2189 4664 glo-

142 4699 186 4745 ex
210 4676 375 4758 vendito,
400 4677 438 4750 ll.
460 4679 504 4745 de
526 4677 725 4746 actionibus
742 4677 851 4768 empti
865 4691 898 4746 et
915 4678 1068 4747 venditi:
1101 4678 1141 4747 s‘i
1194 4679 1283 4750 riam
1300 4679 1372 4749 Dei
1390 4679 1532 4761 ametis,
1559 4691 1592 4746 et
1607 4689 1809 4745 reverenter
1825 4674 1918 4744 tueri
1937 4676 2125 4765 studeatis,
2152 4690 2187 4748 et

142 4792 284 4870 emptor
306 4803 379 4847 uon
401 4780 501 4850 dedit
523 4781 677 4870 precium
703 4794 779 4870 post
804 4781 897 4847 diem
925 4780 1140 4857 traditionis,
1193 4777 1286 4850 hanc
1308 4781 1505 4851 doctrinam
1531 4779 1706 4851 eruditam
1730 4781 1774 4848 de
1795 4777 1893 4847 civili
1919 4779 2187 4867 gubernatione,

141 4904 225 4952 cum
251 4881 390 4951 fruatur
412 4906 449 4951 re
474 4898 604 4973 empta,
628 4882 782 4951 vicissim
808 4883 938 4973 pendat
963 4880 1140 4952 venditori
1194 4899 1225 4954 et
1245 4909 1264 4953 a
1288 4884 1459 4975 sapientia
1479 4879 1546 4952 Dei
1562 4896 1695 4964 ortam,
1720 4894 1759 4951 ut
1774 4881 1835 4950 illa
1853 4881 1927 4971 ipsa
1942 4881 2114 4971 sapientia
2131 4883 2189 4953 di-

143 4985 272 5077 quanti
288 4984 443 5055 interest.
483 4982 672 5076 Perspicua
687 4999 736 5055 est
752 4986 859 5066 ratio,
882 4998 922 5053 ut
939 4984 1011 5076 ipse
1028 4998 1141 5055 textus
1194 4988 1276 5055 vina
1293 4986 1428 5081 iuquit:
1456 4984 1524 5055 Per
1538 5011 1594 5054 me
1610 5006 1709 5072 reges
1725 4999 1893 5073 regnant,
1919 4984 2188 5070 masenili-aciatis,

141 5084 281 5178 iuquit,
309 5102 349 5157 ut
371 5091 415 5158 sit
435 5090 639 5181 aequalitas.
693 5086 795 5156 Pleni
817 5100 899 5157 suut
922 5087 1005 5155 libri
1029 5088 1142 5155 nostri
1195 5104 1229 5162 et
1250 5090 1316 5159 toti
1339 5092 1461 5179 generi
1484 5083 1662 5173 humano,
1687 5108 1750 5154 suo
1770 5087 1919 5179 quisque
1944 5085 2022 5155 loco
2045 5113 2187 5157 coirser-

144 5186 270 5259 talium
285 5190 596 5281 investigationum
620 5191 859 5283 aequalitatis,
885 5214 1035 5282 quarum
1052 5189 1142 5257 aliae
1195 5193 1271 5261 vari
1285 5191 1426 5265 curetis.

143 5289 268 5381 magis,
288 5291 378 5361 aliae
395 5296 512 5362 minus
530 5295 732 5384 perspicuae
747 5309 847 5363 suut:
870 5316 1054 5385 quaecum
1070 5292 1142 5362 sint
1295 5289 1459 5386 Cumque
1476 5286 1534 5361 hic
1552 5289 1687 5383 inquiri
1703 5288 1874 5358 virtutum
1890 5304 2034 5359 naturas
2052 5293 2190 5361 ridebi-

145 5394 486 5479 demonstrationes,
520 5396 712 5478 fateamur,
745 5410 785 5466 ut
819 5397 857 5463 in
892 5395 970 5463 aliis
996 5394 1144 5479 artibus,
1196 5395 1260 5478 tis,
1285 5418 1388 5488 saepe
1404 5397 1441 5464 iu
1459 5407 1613 5464 mentem
1629 5392 1767 5473 veniat,
1794 5392 1873 5459 idco
1893 5408 2098 5481 patenulam
2115 5416 2188 5459 esse

145 5498 331 5568 veritatem
353 5499 655 5569 demonstratione
678 5514 835 5580 erutam,
862 5499 1143 5591 amplectendam
1196 5498 1369 5571 virtutum
1391 5497 1611 5587 doctrinam,
1643 5507 1685 5566 ut
1709 5508 1743 5565 et
1765 5518 1839 5563 esse
1859 5493 1993 5577 Deum,
2018 5507 2053 5563 et
2074 5496 2189 5587 qualis

199 5596 388 5670 Massurii.
417 5606 522 5671 Orsa.
549 5605 633 5670 Vos.
660 5602 724 5670 xl.
1482 5594 1531 5668 58
