4664 6022
146 313 222 388 1⁷³
585 300 590 329 '¹
823 321 986 398 DECL.
1036 321 1113 401 DE
1151 318 1521 399 uenturam
1609 259 1616 273 ·
2116 327 2192 405 174
2233 381 2239 397 .

143 508 225 557 cnm
252 486 370 558 brutis
390 486 497 558 nobis
518 487 723 558 communia
741 501 831 560 sunt
842 486 962 585 {sensu
978 513 1019 561 ac
1036 502 1150 564 motu.
1201 485 1331 557 mentis
1345 485 1385 555 in
1401 486 1447 556 iis
1462 510 1539 556 esse
1552 499 1690 578 potest,
1712 489 1771 565 vel
1786 491 1832 561 ad
1849 490 2097 583 percipiendas
2115 495 2205 567 reti·

145 584 313 662 Galenus
333 590 517 684 crapulam
540 589 755 662 evibrando
776 605 811 662 et
825 592 1020 686 quatiendo
1034 593 1150 685 rapite
1200 590 1408 682 nendasque
1430 612 1530 660 veras
1553 614 1593 661 ac
1608 591 1771 684 proprias
1794 616 1913 665 rerum
1934 593 2125 685 imagines,
2149 599 2206 669 vel

144 692 285 763 dietum
303 692 476 778 affirmat,
509 704 544 762 et
566 693 610 762 ab
626 687 693 763 hac
708 694 898 786 praecipua
911 696 992 765 labe
1005 695 1059 766 rei
1074 697 1150 767 foe·
1200 693 1246 761 ad
1267 692 1472 763 faciendum
1495 694 1539 762 de
1560 693 1634 763 illis
1656 716 1783 765 sanum
1796 710 2003 791 rectumque
2020 696 2206 785 iudicium,

143 794 317 866 dissimae
336 820 469 866 nomen
491 794 658 866 inditum.
710 795 749 867 ld
775 798 859 868 satis
874 798 913 867 in
928 797 1005 871 istis
1022 792 1151 869 beluo-
1199 790 1405 888 inquibus,
1428 795 1641 867 utbreviter
1658 797 1794 884 dicam,
1820 800 1938 869 omnis
1952 801 2112 891 corporis
2124 802 2204 873 ani·

143 896 255 970 nibus
270 900 436 991 adparet,
462 898 593 993 quibus
613 898 670 967 vel
687 900 824 970 cerebri
839 895 933 970 nibil
948 914 1019 987 est,
1045 901 1103 971 vel
1120 901 1151 972 si
1200 898 1321 991 ruique
1336 898 1489 982 sanitas,
1515 922 1592 969 non
1608 922 1708 971 secus
1730 925 1839 994 quam
1862 902 1902 971 in
1918 896 2133 992 phreneticis
2147 904 2202 977 la·
2223 930 2227 941 ·

144 999 230 1097 quid
246 1014 321 1083 est,
346 1001 397 1074 ita
412 1014 465 1072 est
480 1014 684 1094 quassatum
699 1014 804 1096 atque
818 1002 1004 1089 affectum,
1030 1016 1070 1075 ut
1084 1027 1150 1075 suo
1199 1000 1369 1070 belactata
1387 1024 1426 1071 ac
1443 1001 1615 1073 dissoluta
1636 1018 1706 1088 est,
1732 1026 1855 1075 sensus
1870 1029 1994 1075 omnes
2008 1007 2107 1078 velut
2120 1008 2202 1079 sede

144 1103 300 1195 amplius
322 1103 439 1174 officio
462 1102 565 1192 fungi
586 1118 750 1197 nequeat.
802 1101 968 1176 Declarat
983 1101 1052 1176 hoc
1069 1130 1150 1176 sen·
1200 1126 1262 1172 sua
1280 1103 1368 1173 moti
1383 1115 1487 1197 atque
1504 1104 1617 1174 eversi
1637 1118 1732 1180 sunt.
1784 1105 1902 1196 Quem
1925 1130 1988 1178 vos
2003 1107 2113 1198 igitur
2127 1109 2203 1183 ulla

147 1228 268 1291 mum,
303 1228 394 1299 qnos
418 1205 610 1278 exteriores
635 1220 779 1293 vocant,
805 1223 959 1280 extrema
983 1209 1149 1281 debilitas
1199 1205 1237 1274 in
1256 1229 1410 1276 rausum
1430 1205 1556 1276 talium
1572 1200 1760 1278 hominum
1778 1232 1873 1294 esse,
1898 1223 1959 1279 aut
1976 1211 2064 1304 quid
2082 1213 2202 1304 publi-

149 1307 371 1395 inebriosis,
400 1332 555 1403 quorum
575 1308 646 1378 iarn
671 1334 746 1379 non
771 1324 820 1380 est
844 1311 1021 1381 diminuta
1043 1311 1149 1398 actio,
1199 1332 1259 1378 cae
1302 1308 1504 1399 privataeve
1544 1308 1598 1379 rei
1632 1309 1718 1400 ipsis
1760 1312 2006 1382 mandandum
2047 1315 2203 1404 putatis?

146 1423 184 1483 rt
208 1410 350 1482 Medici
374 1410 566 1506 loquutur,
601 1413 663 1481 sed
692 1426 858 1506 corrupta
881 1438 1045 1505 prorsus,
1076 1415 1149 1484 imo
1198 1407 1361 1479 Primum
1379 1411 1545 1481 valetudo
1562 1412 1767 1499 debilitata,
1792 1415 1838 1485 ad
1864 1416 1986 1485 omnia
2006 1416 2148 1507 publica
2167 1431 2203 1488 et

143 1513 537 1606 veropersacpeetiam
554 1513 684 1588 ablata.
733 1512 818 1585 Non
832 1518 927 1586 enim
944 1512 983 1586 bi
998 1530 1150 1603 tantum,
1198 1513 1336 1603 privata
1371 1514 1487 1583 officia
1517 1513 1704 1607 obeunda,
1741 1517 1787 1586 ad
1820 1540 1876 1588 res
1900 1520 2071 1607 gerendas
2096 1532 2202 1613 atque

142 1614 173 1687 si
194 1640 271 1712 qna
286 1631 379 1688 'sunt
403 1616 524 1710 aliquo
547 1615 736 1687 intervallo
751 1620 903 1710 seposita
922 1620 1063 1706 vident,
1088 1635 1149 1691 aut
1199 1617 1244 1684 ad
1277 1638 1401 1685 omnes
1433 1618 1679 1688 contentiones
1709 1619 1940 1689 sustinendas
1968 1643 2028 1691 eos
2054 1622 2200 1693 inutiles

142 1733 346 1811 agnoscunt
361 1719 503 1804 minus,
528 1720 589 1786 sed
609 1718 714 1790 etiam
738 1745 884 1814 eaquae
900 1722 1045 1816 quidem
1064 1738 1146 1794 sunt
1198 1719 1326 1788 reddit.
1376 1716 1608 1789 Deindecum
1623 1721 1740 1791 omnis
1754 1723 1959 1793 animorum
1976 1736 2082 1817 atque
2099 1725 2201 1816 inge-

141 1822 322 1917 proxima.
383 1819 505 1912 Surgit
534 1817 590 1890 his
611 1845 731 1893 mensa
762 1823 912 1912 geminis
936 1824 1147 1908 luminibus,
1198 1820 1251 1888 nii
1268 1821 1369 1910 vigor
1383 1820 1450 1891 ista
1467 1823 1718 1895 nocentissima
1735 1817 1908 1895 heluandi
1929 1848 1970 1894 ac
1984 1827 2200 1918 perpotandi

141 1922 446 2008 utaitluvenalis,
466 1947 532 2016 pro
543 1919 714 1995 cantharo
729 1949 804 1994 uno
816 1928 906 1997 duos
918 1927 1060 2014 vident,
1082 1952 1147 2018 pro
1198 1923 1457 1993 consuetudine
1480 1925 1529 1994 ita
1553 1925 1599 1995 sit
1622 1939 1828 2010 enervatus,
1854 1941 1895 1999 ut
1918 1951 1964 1996 ne
1980 1948 2104 1999 sensus
2118 1930 2200 2024 qui·

142 2027 388 2100 unoconviva
403 2026 563 2116 geminos
573 2026 746 2112 salutant,
772 2028 1010 2124 deniqueiam
1026 2031 1148 2099 omnia
1199 2027 1278 2095 dem
1304 2027 1504 2096 communis
1528 2028 1682 2119 amplius
1708 2029 1783 2099 sint
1812 2044 2009 2123 compotes,
2042 2032 2129 2124 quid
2155 2033 2200 2103 ab

144 2129 400 2223 sonduplicata·
423 2141 620 2199 cernuntur
643 2129 711 2213 eis,
750 2153 816 2220 pro
848 2132 956 2202 calice
982 2135 1147 2203 candela·
1199 2129 1249 2196 eis
1272 2127 1415 2196 consilii
1445 2129 1484 2198 in
1514 2130 1681 2218 gravibus
1703 2145 1810 2225 atque
1841 2132 2023 2223 impeditis
2046 2135 2201 2224 negociis

142 2236 250 2307 brom
274 2232 443 2302 manibus
467 2226 696 2324 prehendunt
717 2232 887 2319 bibituri,
911 2235 1007 2305 foras
1024 2236 1147 2305 ituria
1198 2230 1320 2321 petas?
1370 2242 1434 2301 aut
1456 2218 1544 2326 quid
1575 2233 1626 2302 rei
1658 2234 1769 2304 seriae
1800 2235 2002 2305 committas
2033 2242 2199 2311 credasve

143 2338 252 2409 ianua
270 2337 497 2418 deerrantes,
522 2330 562 2402 in
582 2334 764 2405 fornacem
781 2334 976 2411 incursant.
1029 2335 1148 2432 Atque
1198 2332 1290 2413 illis,
1317 2333 1447 2426 quibus
1469 2334 1654 2404 cerebrum
1672 2336 1796 2427 periit,
1830 2336 1999 2407 corvino
2020 2341 2199 2431 sepultum

143 2435 231 2512 baec
246 2431 368 2508 adbuc
382 2449 465 2506 sunt
480 2435 583 2505 initia
596 2436 731 2507 morbi:
760 2461 842 2507 nam
860 2440 909 2524 si,
934 2454 974 2510 ut
989 2441 1148 2532 plerum·
1199 2435 1274 2505 est?
1306 2432 1492 2506 Prodeunt
1509 2438 1552 2505 ad
1568 2439 1842 2508 consultandum
1859 2441 2030 2510 membris
2046 2455 2081 2511 et
2096 2465 2199 2510 men-

143 2566 211 2640 que
234 2540 374 2625 solent,
405 2538 456 2608 sic
479 2532 619 2608 heluari
643 2552 815 2631 pergunt,
844 2556 1024 2633 postremo
1039 2543 1148 2614 lumi·
1198 2551 1232 2608 te
1255 2538 1433 2629 corrupti,
1467 2538 1663 2624 vinolenti,
1703 2535 1864 2610 halantes
1893 2542 2090 2613 etiamnum
2123 2543 2199 2635 pri·

143 2646 250 2717 nibus
273 2664 442 2736 prorsum
464 2652 499 2711 et
522 2641 669 2711 auribus
694 2641 905 2734 capiuntur,
931 2647 1146 2739 caeterisque
1198 2639 1341 2708 dianam
1367 2641 1568 2731 crapulam,
1611 2643 1862 2727 semisomnes,
1896 2645 2010 2715 oculis
2039 2647 2199 2717 natanti·

142 2747 308 2821 ensibus
331 2745 608 2827 destituuntur,·
624 2739 887 2841 trahunturque
916 2748 1145 2819 semimortua
1199 2744 1285 2826 bus,
1319 2742 1444 2812 vinum
1469 2766 1510 2812 ac
1535 2744 1739 2815 cerevisiam
1773 2747 1920 2816 crudam
1950 2747 2199 2843 incoctamque

142 2864 178 2925 ει
196 2861 323 2923 evecta
345 2846 491 2939 crapula
513 2845 641 2916 misem
666 2871 835 2939 corpora,
869 2863 903 2921 et
919 2864 1002 2922 sunt
1024 2875 1146 2921 revera
1197 2839 1314 2914 adhuc
1337 2845 1553 2916 redolentes:
1604 2870 1763 2932 summa,
1801 2872 1956 2941 quorum
1981 2873 2097 2943 neque
2123 2872 2198 2942 pes,
2311 2920 2314 2925 ,

145 2954 238 3051 qnid
257 2950 447 3033 dicuntur,
472 2947 554 3019 viva
573 2951 743 3020 cadavera
769 2964 876 3047 atque
897 2966 1011 3023 terrae
1034 2954 1146 3022 inuti-
1197 2971 1262 3016 nec
1277 2970 1377 3016 mens
1393 2947 1550 3019 officium
1567 2973 1670 3019 suurn
1689 2950 1787 3020 facit.
1840 2948 1888 3020 Hi
1906 2951 2037 3023 deinde
2053 2955 2097 3023 de
2116 2976 2198 3044 gra-

146 3056 190 3128 lia
212 3068 253 3126 et
282 3052 479 3123 execranda
509 3075 648 3137 onera,
672 3051 786 3124 donec
811 3055 921 3125 aliurn
951 3057 1146 3148 apoplexia,
1196 3047 1372 3133 vissimis,
1403 3074 1664 3145 nonnunquam
1687 3053 1793 3122 etiam
1810 3053 2118 3146 periculosissimis
2133 3079 2198 3125 ne·

140 3158 256 3231 stium
280 3154 430 3225 morbus
452 3152 640 3224 comitialis
663 3149 887 3227 horribiliter
908 3158 1007 3249 prius
1026 3182 1145 3228 excat·
1196 3150 1307 3242 gociis
1339 3154 1552 3222 sententiam
1586 3168 1775 3244 rogantur,
1816 3156 1967 3248 quibus,
2004 3155 2197 3242 Hercules,

139 3260 327 3333 nificatum
345 3256 536 3346 extinguat.
575 3252 666 3326 Nam
679 3250 738 3327 hic
755 3259 902 3329 morbus
922 3272 973 3330 est
992 3261 1146 3329 familia·
1196 3278 1271 3322 non
1296 3252 1377 3345 plus
1393 3256 1521 3327 mentis
1537 3269 1589 3326 est
1609 3280 1717 3349 quam
1740 3256 1825 3325 bovi
1842 3271 1903 3328 aut
1923 3283 2044 3352 porco.
2097 3245 2196 3348 Quid

140 3363 197 3435 ris
220 3358 432 3432 bominibus
457 3357 626 3442 ebriosis,
658 3372 764 3452 atque
791 3361 865 3452 ipsa
889 3363 978 3430 adeo
995 3363 1145 3431 ebrietas
1197 3379 1280 3443 ergo
1305 3358 1547 3446 respondent?
1600 3356 1803 3428 Stulticiam
1829 3359 1959 3445 celare,
1985 3362 2104 3453 inquit
2120 3358 2195 3429 He-

145 3464 240 3562 quid
261 3462 358 3535 aliud
377 3474 448 3543 est,
474 3461 503 3530 si
522 3460 669 3553 propius
687 3462 909 3548 consideres,
943 3488 1048 3557 quam
1066 3488 1143 3555 spe·
1196 3458 1359 3542 raclitus,
1391 3458 1536 3527 difficile
1568 3471 1638 3541 est,
1673 3459 1710 3527 in
1736 3459 1822 3529 vino
1850 3484 1935 3529 vero
1962 3463 2193 3553 impossibile.

143 3568 217 3640 cies
245 3566 418 3661 quaedam
451 3562 569 3633 morbi
604 3563 817 3635 comitialis?
866 3565 1145 3657 praecluduntur
1196 3559 1329 3629 Vocem
1352 3581 1435 3649 ergo
1457 3554 1497 3628 hi
1522 3555 1686 3630 homines
1710 3562 1840 3631 nonin
1860 3563 2026 3634 convivio
2053 3578 2192 3635 tantum

141 3664 242 3744 ἑιιίιιι
265 3666 387 3739 erudis
409 3665 482 3736 illis
504 3665 694 3760 densisque
722 3668 934 3759 vaporibus,
966 3692 1073 3760 quos,
1104 3684 1145 3741 ut
1195 3676 1302 3755 atque
1322 3660 1416 3733 inter
1430 3662 1491 3732 illa
1508 3662 1675 3733 immania
1693 3664 1840 3755 pocula,
1866 3667 1927 3735 sed
1951 3667 2068 3737 alieno
2086 3667 2194 3738 etiam

145 3773 243 3861 dixi,
268 3763 472 3841 stomachus
492 3781 527 3838 et
542 3782 676 3839 caetera
699 3771 859 3842 membra
874 3770 1065 3841 nutritioni
1082 3773 1144 3841 de-
1195 3789 1297 3858 saepe
1323 3766 1403 3834 loco
1438 3778 1473 3835 et
1505 3766 1544 3835 in
1575 3767 1725 3837 consilio
1754 3767 1899 3858 publico
1932 3769 2100 3839 emittunt
2128 3793 2193 3862 per

144 3876 274 3950 stinata
289 3897 311 3944 s
328 3870 442 3942 nimio
466 3885 554 3961 potu
578 3866 762 3953 exhalant,
795 3897 907 3943 venae
926 3888 1032 3966 atque
1048 3898 1143 3943 mea·
1195 3867 1358 3957 iugulum
1381 3867 1595 3953 redituram,
1627 3881 1789 3940 eructant
1802 3892 1901 3940 suam
1925 3865 2191 3965 ἑωλοκρασίαν,

144 3992 199 4053 trs
214 3974 375 4059 cerebri,
399 3997 440 4044 ae
462 3997 527 4064 per
547 3997 607 4043 eos
631 3973 775 4065 spiritui
797 3977 968 4046 transitus
985 3990 1144 4065 negatur,
1194 3995 1268 4040 non
1292 3969 1387 4038 enirn
1413 3983 1526 4040 tacere
1552 3982 1717 4063 possunt,
1751 3994 1816 4040 nec
1839 3972 1954 4041 videri
1978 3973 2106 4043 volunt
2122 3974 2191 4042 rni-

145 4082 242 4153 uude
264 4076 446 4149 sentiendi
469 4089 504 4147 ct
520 4077 689 4146 movendi
705 4079 863 4169 potentia
879 4091 1014 4148 caetera
1030 4103 1143 4148 mem·
1194 4095 1263 4143 nus
1280 4072 1360 4142 aliis
1375 4095 1509 4163 sapere.
1562 4071 1730 4143 Afferunt
1742 4096 1824 4163 ergo
1839 4073 1936 4146 inter
1949 4076 2076 4166 pocula
2092 4100 2191 4145 com·

146 4182 206 4257 bra
220 4179 369 4253 destitui
387 4200 527 4250 neeesse
543 4192 614 4262 est,
639 4179 675 4247 id
691 4182 787 4272 quod
811 4181 919 4251 ebriis
935 4180 1083 4273 perinde
1103 4194 1144 4251 ut
1195 4175 1345 4245 bibones
1370 4197 1452 4246 suos
1473 4175 1677 4245 meditatam
1703 4175 1774 4243 iam
1797 4190 1878 4246 ante
1909 4202 1949 4246 ac
1970 4180 2189 4249 decantatam

148 4285 273 4358 norbo
306 4280 479 4353 comitiali
510 4280 757 4351 laborantibus
786 4284 943 4354 accidere
969 4282 1143 4367 videmus,
1193 4277 1362 4348 furiosam
1387 4277 1543 4370 aliquam
1565 4277 1744 4361 fabulam,
1779 4302 1855 4348 eam
1881 4280 1998 4350 statim
2018 4304 2084 4372 pro
2101 4281 2189 4349 folio

150 4388 431 4482 multiquesaepe
446 4384 495 4454 ita
509 4399 594 4454 sunt
610 4384 728 4455 subito
745 4385 954 4476 praefocati,
980 4399 1141 4479 tetroque
1193 4380 1352 4474 Sibyllae
1367 4374 1590 4472 acDelphico
1605 4380 1751 4450 oraculo
1766 4404 1847 4450 cum
1869 4382 2042 4474 adplausu
2062 4382 2191 4464 audiri,

153 4487 366 4564 aborrihili
386 4509 513 4576 genere
534 4486 660 4557 mortis
677 4486 833 4561 extincti.
887 4486 954 4558 Cui
971 4501 1009 4558 tu
1024 4488 1142 4556 infcn-
1194 4497 1228 4553 et
1245 4507 1325 4551 cum
1347 4503 1489 4552 assensu
1511 4483 1648 4574 accipi,
1673 4476 1885 4576 adorarique
1901 4484 2101 4576 postulant,
2126 4505 2190 4573 pe-

153 4592 284 4664 siss'imo
301 4585 397 4660 hosti
417 4589 503 4659 istos
524 4589 700 4659 cruciatus
724 4602 829 4683 atque
852 4586 1023 4665 haectam
1040 4614 1142 4660 saeva
1193 4585 1312 4669 cieris,
1349 4583 1380 4652 si
1401 4584 1600 4658 dissentias.
1660 4579 1773 4655 Oter
1788 4601 1822 4656 et
1845 4586 1997 4676 amplius
2021 4584 2187 4653 miseram

154 4693 317 4790 supplicia
334 4691 446 4785 possis
466 4690 614 4783 optare?
665 4690 760 4762 Sunt
780 4686 866 4762 haec
885 4693 1029 4788 quidem
1051 4716 1141 4785 quae
1192 4713 1231 4756 ac
1245 4686 1418 4778 perditam
1433 4685 1614 4778 Rempub.
1630 4688 1903 4780 quaeatalibus
1918 4685 2188 4755 administratur

153 4818 272 4892 eorpus
289 4794 423 4889 patitur
445 4793 626 4884 acrapula
648 4794 874 4883 gravissima,
898 4798 957 4864 sed
979 4795 1140 4885 graviora
1192 4788 1465 4861 consultoribus.
1527 4785 1564 4858 Ο
1592 4789 1813 4859 calamitosos
1839 4804 1874 4860 et
1900 4788 2050 4856 afflictos
2083 4787 2187 4871 cives,

154 4910 261 4973 lernen
272 4921 364 4993 quae
374 4896 466 4990 parti
476 4895 742 4987 praestantiori,
768 4920 896 4988 nempe
914 4898 1035 4967 animo
1049 4897 1141 4966 acci·
1192 4894 1323 4985 quibus
1339 4886 1377 4959 hi
1392 4892 1485 4981 leges
1501 4892 1646 4961 dictant.
1688 4890 1784 4979 Quid
1804 4891 1899 4958 enim
1914 4902 1984 4959 tam
2001 4891 2186 4970 absonum,

153 4998 246 5077 dunt.
290 4999 373 5071 Non
388 4998 483 5068 enirn
498 5010 635 5068 tantum
650 4998 855 5084 oculorum,
880 5000 1039 5085 aurium,
1064 5022 1141 5067 ma·
1191 4995 1403 5077 absurdum,
1430 5007 1534 5088 atque
1552 4995 1597 5063 ab
1615 4993 1713 5063 omni
1732 5016 1835 5063 seusu
1852 4988 2009 5061 humano
2028 4992 2185 5064 alienum

153 5123 278 5190 unum,
313 5103 445 5195 pedum
471 5123 511 5169 ac
536 5113 754 5171 caeterorum
780 5101 1023 5173 membrorum
1044 5101 1141 5169 sani·
1191 5095 1337 5187 cogitari
1351 5107 1483 5187 potest,
1511 5099 1605 5189 quod
1622 5096 1708 5165 istae
1721 5095 1875 5164 furiosae
1890 5096 2086 5165 bestiaevel
2103 5116 2184 5163 cum

153 5214 198 5278 trs
224 5208 398 5300 vigorque
424 5204 593 5274 ebrietate
622 5204 883 5296 corrumpitur,
930 5206 990 5275 sed
1025 5204 1140 5273 multo
1191 5199 1297 5270 exitio
1314 5198 1456 5289 publico
1476 5196 1745 5269 nonaudeant?
1784 5220 1872 5289 quas
1887 5199 2084 5286 tragoedias
2101 5196 2184 5264 nul-

155 5310 286 5395 navius
299 5309 383 5377 illae
397 5299 576 5399 δυνάμεις
594 5331 634 5375 ac
648 5307 797 5376 virtutes
811 5307 922 5376 animi
937 5308 1141 5389 laeduntur,
1190 5303 1289 5370 lade
1320 5324 1423 5371 causa
1454 5301 1604 5369 illinon
1631 5299 1807 5369 excitant?
1848 5300 1978 5393 quibus
2015 5299 2185 5378 moribus,

156 5422 251 5507 etque
274 5434 313 5482 es
343 5433 423 5503 pars
446 5409 633 5502 praecipue
655 5409 694 5478 in
717 5409 866 5480 ebriosis
894 5432 959 5480 suo
985 5409 1139 5480 naturali
1189 5404 1293 5474 bellis
1315 5419 1420 5495 atque
1432 5403 1607 5472 incendiis
1628 5396 1667 5470 hi
1686 5424 1762 5470 non
1776 5401 1924 5473 miscent
1944 5401 2063 5470 omnia
2078 5413 2183 5491 atquc

157 5527 244 5586 motu
264 5511 638 5608 usuqucdestituitnr.
702 5509 794 5582 Nam
816 5511 978 5605 quaevis
1002 5512 1138 5600 integra
1187 5505 1422 5599 perturbant?
1460 5502 1600 5578 Revera
1619 5501 1950 5596 facesRerumpub.
1964 5526 2047 5573 nam
2064 5496 2182 5573 horri-
