4664 6022
123 312 192 389 ddi
696 300 861 386 DECL.
898 301 977 383 DE
1009 297 1287 382 ENCOMlO
1319 300 1592 381 SUEVIAE.
2097 308 2173 385 882

123 486 287 559 libertate
299 481 453 554 aliorum
467 480 603 553 bellurn
618 495 728 574 gerat,
750 483 882 576 detque
896 506 1053 574 operam,
1075 505 1122 552 ne
1173 476 1323 575 hospes,
1351 483 1396 552 ad
1420 504 1527 576 quem
1550 495 1667 555 tutum
1689 483 1737 556 ait
1761 485 1910 574 diverti,
1947 492 2042 582 apud
2065 515 2172 586 wem

123 589 220 687 qaod
243 598 322 657 toto
346 586 434 657 orbe
457 600 635 658 terrarum
655 586 829 659 iniustum
853 586 1045 679 imperium
1065 587 1123 672 sit,
1173 608 1319 656 securus
1340 585 1555 679 acquiescat,
1588 587 1652 681 qui
1677 588 1864 676 comitate,
1898 593 1962 685 qui
1990 595 2175 665 mundicie

123 689 311 783 atuhiquc
332 690 403 774 las,
428 688 505 770 lex,
530 687 775 781 potentissima
801 689 894 775 sint,
920 689 970 761 ita
986 689 1125 759 iudica-
1174 686 1315 759 itineris
1328 688 1486 759 taedium
1502 688 1638 760 leniat?
1672 688 1772 762 Gens
1784 692 1860 784 ipsa
1877 694 2025 766 minime
2042 697 2173 768 idonea

123 806 210 869 runt
227 790 374 877 Graeci,
393 814 469 862 non
484 792 584 865 aliud
600 792 716 863 maius
731 792 941 863 beneficium
959 787 1124 862 homines
1174 792 1219 861 ad
1234 790 1449 877 fallendum,
1470 790 1651 883 inprimis
1672 796 1801 884 gaudet
1820 795 1927 866 fidem
1948 821 2049 869 suarn
2071 823 2174 892 pere-

123 892 335 971 homiuibus
363 909 539 988 praestare
565 917 686 985 posse,
720 918 826 990 quam
848 896 946 990 quod
968 895 1123 988 accepis·
1174 894 1289 987 grinis
1305 893 1463 987 probari.
1496 893 1557 966 Sic
1572 894 1667 966 inter
1677 918 1761 967 suos
1776 898 1881 968 etiarn
1900 902 2047 987 vivunt,
2071 902 2172 973 nulla

125 1012 205 1073 sent
225 1024 248 1069 a
269 995 458 1071 Romanis.
518 995 617 1086 Quid
643 997 740 1068 enim
766 1011 859 1068 certa
883 1021 968 1091 pace
988 999 1123 1088 gratius
1175 998 1345 1069 diuturne
1369 997 1451 1067 odia
1478 1010 1580 1082 sunt,
1608 998 1731 1068 nullae
1756 1000 1925 1090 insidiae;
1967 1028 2173 1098 quanquam
2209 1004 2215 1019 '

128 1118 195 1189 eat,
235 1100 443 1196 praesertim
469 1099 500 1170 si
533 1101 723 1171 coniuncta
758 1101 803 1173 sit
830 1126 910 1171 cum
938 1101 1125 1172 libertate?
1175 1100 1272 1169 euim
1294 1100 1439 1190 ingenia
1463 1099 1536 1170 sint
1557 1101 1751 1190 ferociora,
1776 1117 1895 1175 menen
1910 1106 2173 1198 sacileplacan-

126 1204 209 1279 Non
233 1204 354 1275 miuus
378 1202 487 1293 igitur
511 1202 630 1272 laudis
657 1203 697 1272 in
720 1200 914 1275 Germania
943 1219 1125 1275 merentur
1176 1216 1246 1284 tur,
1270 1215 1306 1274 et
1319 1203 1403 1297 quia
1420 1197 1514 1272 nihil
1530 1203 1756 1276 dissimulare
1769 1207 1994 1293 didicerunt,-
2007 1209 2174 1281 insidiari
2266 1242 2272 1251 ·

125 1306 256 1390 saevi,
274 1306 344 1401 'qui
360 1329 425 1377 suo
444 1306 620 1396 praesidio
636 1329 758 1398 pacem
772 1308 852 1377 aliis
869 1307 1035 1400 gentibus
1047 1307 1125 1376 sine
1176 1330 1250 1376 non
1266 1318 1415 1380 norunt.
1446 1304 1635 1377 Caeterum
1651 1332 1726 1377 nou
1741 1310 1860 1380 deesse
1874 1310 1924 1383 eis
1945 1311 2173 1403 ingeniorum

125 1410 262 1485 lactura
274 1409 450 1481 libertatis
465 1431 586 1479 earum
602 1407 790 1495 muniunt,
813 1434 921 1505 quam
936 1411 1125 1480 mereban-
1175 1408 1427 1494 acrimoniam,
1467 1410 1553 1478 inde
1585 1411 1753 1502 adparet,
1798 1416 1896 1507 quod
1926 1414 2174 1486 celeberrimos

126 1526 200 1601 tur,
226 1512 285 1583 vel
301 1506 560 1598 Athenienses,
584 1513 641 1583 vel
657 1510 1008 1604 populusRomanus
1029 1513 1124 1604 apud
1175 1512 1399 1606 maximeque
1423 1525 1588 1582 strenuos
1610 1527 1824 1584 mercatores
1850 1511 1996 1590 hahent.
2048 1516 2173 1611 Neque

126 1614 285 1691 Graecos
297 1614 523 1687 immunitate
539 1617 708 1686 donatos:
751 1638 835 1686 nam
852 1630 905 1687 ter
920 1639 939 1685 a
954 1614 1126 1686 Maximi·
1176 1616 1305 1685 desunt
1325 1614 1397 1699 ibi,
1429 1613 1547 1708 quiet
1571 1629 1693 1687 ament
1715 1630 1751 1687 et
1774 1619 1894 1689 colant
1915 1619 2054 1707 literas3
2087 1615 2174 1689 haec

124 1718 215 1793 liaui
235 1732 352 1789 morte
370 1716 604 1789 Germaniam
625 1716 789 1787 maximis
810 1718 977 1809 periculis
997 1740 1125 1809 magna
1176 1718 1272 1789 enirn
1295 1717 1395 1789 natio
1410 1717 1600 1789 Alhertum
1625 1720 1842 1809 procreavit,
1875 1746 1948 1816 quo
1974 1747 2016 1794 ex
2039 1723 2175 1794 nostris

125 1821 319 1897 faelicitate
341 1820 596 1892 liberaverunt.
655 1819 766 1893 Favet
790 1822 887 1891 enim
911 1820 1008 1893 Deus
1034 1822 1124 1892 iusta
1177 1816 1386 1892 hominibus
1418 1843 1525 1891 nemo
1563 1821 1768 1892 uberiorem
1801 1826 2018 1896 naturalium
2052 1848 2173 1895 rerum

125 1924 220 1999 bella
234 1948 304 2019 pro
319 1923 462 2017 publica
479 1924 591 1995 salute
614 1924 829 2013 gerentibus.
882 1923 1005 2014 Quare
1027 1937 1126 2016 grata
1176 1923 1417 2016 cognitionem
1433 1918 1569 1997 hahuit.
1621 1919 1798 1995 Nonnihil
1814 1951 1899 1998 vero
1923 1928 2037 1999 laudis
2051 1928 2176 1999 intulit

124 2028 234 2103 uobis
253 2027 423 2099 memoria
443 2025 587 2098 Suevici
608 2026 762 2097 foederis
781 2049 855 2097 csse
878 2027 999 2099 debet.¹
1047 2025 1126 2098 lloc
1177 2051 1220 2097 eo
1234 2024 1431 2117 etCapnio,
1447 2040 1607 2096 versatus
1623 2027 1663 2096 in
1679 2025 1825 2098 Graecis
1842 2045 1876 2102 et
1890 2029 2078 2102 Hebraicis
2092 2030 2175 2099 lite·

126 2131 229 2207 euim
248 2130 387 2217 ociurm
426 2154 500 2223 quo
520 2127 594 2201 frui
617 2128 718 2199 vobis
742 2124 914 2201 hactenus
939 2130 1060 2216 licuit,
1091 2141 1127 2200 et
1177 2130 1228 2202 ris
1241 2128 1464 2200 difficillimis
1485 2129 1725 2222 temporibus,
1752 2144 1787 2202 et
1802 2157 1883 2202 cum
1907 2134 2176 2225 peregrinarum

125 2230 367 2317 hecatudia,
390 2256 482 2326 quae
504 2232 624 2303 omnia
647 2230 752 2302 nobis
765 2234 810 2301 de
832 2233 998 2305 manibus
1020 2257 1126 2303 excu-
1178 2234 1382 2323 linguarum
1397 2232 1516 2304 studia
1532 2235 1697 2303 nondum
1713 2234 1753 2302 in
1768 2231 1870 2305 ltalia
1884 2236 1969 2308 satis
1992 2237 2175 2308 llorerent.

127 2338 292 2419 liuntur,
321 2334 561 2429 simulatque
584 2333 715 2426 aliquis
738 2348 855 2406 motus
876 2336 1045 2407 bellicum
1068 2360 1126 2406 ca-
1178 2335 1311 2429 Accepi
1326 2335 1422 2405 enim
1435 2335 1485 2406 ita
1496 2332 1671 2406 Venatum
1687 2337 1866 2429 quendam
1883 2354 2061 2410 oratorem
2087 2338 2175 2409 olim

127 2462 216 2513 nere
227 2437 365 2531 coepit,
390 2437 544 2509 istorum
565 2437 674 2508 armis
688 2437 832 2508 defensa
849 2451 945 2511 sunt.
999 2436 1127 2529 Quan-
1178 2442 1224 2509 de
1240 2462 1281 2508 eo
1295 2438 1524 2530 praedicasse.
1566 2436 1659 2509 Nam
1677 2461 1760 2509 curu
1779 2444 1875 2533 apud
1890 2439 2078 2515 Caesarem
2094 2438 2176 2511 Fri·

129 2554 206 2617 ton
227 2552 350 2613 autem
373 2541 532 2612 studium
559 2539 613 2610 rei
635 2537 802 2611 militaris
821 2541 868 2612 sit
888 2541 928 2610 in
949 2564 990 2612 ea
1010 2555 1126 2634 gente,
1177 2541 1340 2613 derisum
1355 2539 1509 2631 Legatos
1526 2541 1583 2610 sui
1599 2540 1778 2634 Principis
1793 2558 1881 2616 esset
1896 2542 2054 2637 Capnio,
2076 2567 2175 2615 cum·

128 2658 263 2745 quanta
278 2644 413 2729 virtus,
437 2657 570 2738 quanta
588 2641 734 2713 scientia
756 2643 903 2734 gerendi
920 2644 1027 2731 belli,
1052 2669 1127 2716 uon
1178 2668 1249 2741 qne
1264 2642 1422 2714 Venetae
1438 2643 1590 2715 civitatis
1611 2646 1833 2733 oratoribus,
1865 2648 1930 2742 qni
1946 2672 2010 2742 per
2033 2648 2070 2717 id
2086 2660 2176 2719 tem-

127 2745 322 2843 iguoratia3
349 2770 465 2841 neque
484 2746 581 2816 euim
595 2744 663 2815 alia
680 2745 777 2817 natio
793 2747 1005 2817 celebriores
1021 2749 1128 2818 duces
1178 2770 1247 2842 pus
1275 2770 1318 2817 eo
1343 2760 1534 2832 venerant,
1572 2747 1777 2841 frequenter
1809 2765 1918 2836 earet,
1953 2750 2082 2821 accidit
2108 2748 2177 2820 ali-

127 2844 246 2925 labes
299 2848 414 2922 Porro
436 2874 518 2921 cum
541 2847 629 2918 ioris
644 2846 754 2919 Suevi
779 2861 814 2919 et
836 2849 1047 2922 fortitudine
1069 2850 1129 2921 in-
1179 2852 1344 2947 quando,
1374 2863 1417 2921 ut
1448 2846 1588 2941 Capnio
1620 2849 1714 2920 forte
1746 2848 2007 2942 pulcherrimae
2036 2854 2176 2925 Graece

128 2952 317 3036 credibili,
352 2965 387 3023 et
410 2974 548 3023 summa
567 2949 706 3021 iusticia
732 2950 771 3020 iu
788 2952 1021 3023 defendendis
1040 2953 1129 3023 vici·
1179 2954 1354 3048 scriptum
1370 2945 1611 3024 Euchiridion
1632 2952 1722 3027 novi
1735 2944 1939 3028 testamenti
1953 2958 1993 3026 in
2010 2956 2203 3028 manibus

126 3058 182 3131 aia
208 3066 384 3142 utantur,
423 3054 511 3150 quid
540 3053 745 3126 dubitemus
766 3055 889 3149 quales
910 3055 1010 3153 domi
1032 3056 1130 3128 sint?
1179 3051 1337 3128 haberet.
1380 3053 1489 3144 Quod
1505 3078 1587 3126 cum
1601 3053 1747 3128 vidisset
1763 3057 1941 3145 Venetus,
1966 3060 2177 3131 etanimad·

123 3158 207 3237 tt'oi
230 3158 332 3231 euim
348 3158 447 3229 domi
473 3156 630 3228 civitates
653 3152 826 3228 haherent
847 3159 938 3228 bene
962 3172 1130 3245 moratas,
1181 3159 1360 3242 vertisset,
1385 3181 1462 3226 non
1485 3180 1559 3227 esse
1582 3161 1708 3228 rudem
1730 3156 1951 3232 Graecarum
1973 3162 2177 3253 linguarum

123 3286 192 3337 nec
214 3274 399 3357 sumptus,
431 3283 498 3331 nec
521 3258 653 3330 milites
675 3273 919 3353 suppeterent:
953 3275 1016 3333 aut
1038 3286 1130 3357 quo-
1179 3259 1424 3353 Capnionem,
1470 3282 1664 3331 conversus
1702 3262 1748 3331 ad
1787 3285 1872 3333 suos
1903 3264 2073 3356 collegas,
2111 3264 2176 3334 ait:

123 3366 243 3439 modo
255 3364 389 3437 milites
402 3385 527 3457 parere
543 3359 671 3433 armati
687 3361 840 3450 scireut,
865 3362 929 3458 qui
946 3364 1045 3434 domi
1065 3388 1127 3458 pa-
1182 3362 1308 3433 Videte
1328 3384 1457 3455 quaeso
1480 3362 1519 3430 iu
1542 3358 1737 3433 Germania
1765 3358 1862 3435 hunc
1883 3366 2003 3436 virum
2030 3379 2178 3458 propter

123 3490 215 3543 rere
234 3466 369 3561 taglam
389 3491 464 3537 non
489 3464 722 3536 didicissent?
754 3480 817 3538 aut
835 3468 1017 3561 mornado
1038 3467 1130 3540 tolc-
1180 3464 1422 3557 cognitionem
1443 3464 1628 3534 literarum
1650 3464 1690 3534 in
1713 3465 1949 3538 admiratione
1970 3492 2063 3550 esse,
2089 3490 2177 3563 quas

123 3592 213 3645 rare
226 3568 372 3645 militiae
386 3566 639 3640 difficillimum
655 3569 828 3650 lahorem,
855 3581 890 3639 et
904 3590 1011 3660 grave
1027 3568 1129 3641 Mar·
1180 3567 1295 3642 nostri
1309 3580 1380 3638 tam
1397 3566 1626 3660 pertinaciter
1639 3582 1888 3643 contemnunt.
1940 3566 1989 3642 Et
2005 3570 2179 3642 nobilita-

123 3676 171 3751 tis
190 3694 305 3769 opus,
324 3688 366 3747 ut
382 3671 531 3762 Vergilii
546 3672 664 3742 verbis
678 3687 770 3758 utar,
792 3672 824 3742 si
840 3672 1034 3744 domestico
1049 3672 1128 3745 ocio
1180 3672 1233 3746 vit
1255 3668 1404 3763 egregiis
1432 3670 1676 3742 monumentis
1696 3669 1863 3743 sueviam
1885 3672 2076 3747 Stofflerus
2096 3670 2179 3745 Ma-

123 3802 167 3853 ae
181 3776 275 3849 luxu
287 3774 503 3848 effoeminati
521 3774 662 3845 essent?
690 3773 836 3846 Habent
851 3775 961 3866 igitur
982 3789 1018 3848 et
1038 3776 1129 3847 civi·
1180 3768 1411 3853 thematicus,
1444 3796 1525 3844 cum
1548 3772 1693 3865 primis,
1726 3788 1760 3845 et
1780 3776 1933 3867 diligens
1955 3789 1990 3848 et
2006 3777 2179 3859 eruditus,

123 3894 239 3963 tates,
265 3878 403 3971 legibus
414 3903 458 3950 ac
472 3876 616 3948 iudiciis
632 3878 823 3969 diligenter
841 3880 1070 3965 constitutas,
1093 3893 1129 3952 ct
1180 3878 1283 3951 cuius
1298 3876 1383 3973 quia
1397 3874 1570 3947 beneficio
1586 3876 1748 3971 quotidie
1760 3879 1907 3967 utimur,
1925 3881 2012 3951 duxi
2027 3880 2102 3951 eius
2117 3873 2178 3948 hic

123 3980 404 4079 tranquillitatis
418 3981 577 4052 urbanae
592 3983 745 4052 tuendae
762 4004 846 4051 cura
860 4006 934 4051 uon
950 3982 1036 4054 alibi
1053 4006 1130 4052 ma-
1180 3980 1400 4053 mentionem
1415 4000 1489 4049 esse
1503 3978 1718 4067 faciendam3
1744 3980 1853 4054 fastos
1868 3982 1966 4054 enim
1981 3983 2177 4055 multorum

123 4084 186 4161 iot·
206 4098 274 4159 est.
323 4082 397 4157 Lex
419 4098 471 4157 est
490 4082 586 4153 enim
607 4082 645 4153 in
660 4082 822 4156 Suevicis
843 4084 1015 4167 urbibus,
1039 4098 1081 4156 ut
1097 4085 1127 4155 si
1180 4106 1360 4158 annorum
1381 4081 1533 4153 coniecit
1563 4095 1599 4153 et
1617 4083 1778 4173 digessit,
1808 4085 1849 4155 in
1870 4086 2003 4181 quibus
2031 4108 2179 4178 compo-

123 4188 166 4263 ln
180 4188 262 4263 aisa
276 4187 391 4283 aliqui
404 4186 543 4279 gladios
558 4186 785 4273 strinxerint,
808 4210 850 4257 ac
864 4186 920 4257 vel
936 4211 1045 4281 puer,
1070 4189 1129 4258 vel
1180 4187 1309 4259 nendis
1323 4184 1397 4257 dici
1412 4208 1487 4255 non
1504 4197 1636 4278 potest,
1661 4200 1835 4279 qnantum
1857 4188 1992 4261 laboris
2011 4187 2121 4260 inerit
2144 4185 2180 4255 ei

123 4290 361 4379 muliercula,
389 4290 515 4384 procul
538 4288 645 4359 etiam
668 4288 864 4359 inclamans
882 4314 1002 4383 pacem
1015 4291 1128 4383 impe-
1180 4286 1482 4373 exhauriendum
1508 4299 1561 4359 eat
1577 4288 1674 4357 enim
1695 4288 1861 4361 immensi
1876 4292 2034 4383 negocii,
2059 4303 2181 4362 motus

123 4410 194 4483 aet,
219 4394 338 4487 capite
352 4394 536 4487 puniatur,
562 4390 924 4486 quianditonomine
937 4393 1047 4486 pacis,
1071 4394 1127 4463 in·
1180 4395 1350 4489 syderum
1366 4403 1485 4460 exacte
1505 4404 1708 4484 supputare.
1755 4391 1865 4465 Nulla
1879 4407 2081 4487 temporum
2101 4391 2177 4461 dis-

123 4496 489 4593 npcrlerireaudet.
541 4492 634 4567 Cum
650 4494 751 4565 nulla
774 4508 848 4567 tarn
870 4519 991 4566 severa
1011 4497 1067 4567 lex
1088 4497 1127 4565 in
1179 4494 1349 4580 crimina,
1386 4490 1506 4563 nullas
1533 4493 1710 4564 mensium
1738 4496 1832 4568 vices
1863 4518 2067 4580 nossemus,
2105 4489 2176 4561 nisi

123 4602 270 4697 reliqua
297 4596 492 4671 Germania
519 4598 584 4680 sit,
622 4597 800 4670 aestimari
828 4610 961 4690 potest,
993 4613 1127 4695 quanta
1181 4595 1449 4670 bunclaborem
1465 4596 1522 4665 vir
1539 4595 1600 4666 ille
1618 4595 1774 4689 optimus
1795 4600 2010 4690 sumpsisset.
2061 4593 2177 4666 Porro

123 4702 318 4797 diligemh
340 4703 468 4794 vulgus
490 4700 690 4775 Succorum
717 4696 958 4777 coherceatur.
1008 4701 1059 4775 Et
1082 4705 1126 4774 ad
1180 4701 1298 4773 simile
1310 4698 1483 4795 quiddam
1499 4700 1675 4791 pecudum
1692 4699 1785 4772 vitae
1801 4702 1927 4787 fucrit,
1952 4723 2028 4771 non
2043 4692 2177 4769 hahere

123 4806 429 4903 tranquillitatem
450 4804 596 4876 urbium
627 4799 695 4873 hoc
723 4828 867 4898 quoque
896 4805 1000 4892 facit,
1029 4807 1125 4900 quod
1180 4804 1399 4896 descriptum
1420 4824 1557 4871 annum
1587 4800 1625 4869 in
1648 4816 1742 4873 certa
1773 4804 1911 4895 spacia,
1941 4826 2017 4873 nou
2039 4801 2178 4886 arandi,

123 4912 269 4987 urbam
288 4908 482 4981 multitudo
503 4907 624 4978 minua
642 4907 826 5000 aliquanto
848 4906 919 4978 ocii
943 4903 1068 4991 habet,
1094 4922 1128 4979 et
1180 4906 1340 4991 serendi,
1365 4901 1572 4995 plantandi,
1593 4915 1655 4974 aut
1669 4906 1820 4976 aliarum
1836 4929 1957 4976 rerum
1977 4905 2071 4977 iusta
2085 4918 2177 4975 tenr-

123 5011 303 5107 l'rngalior
324 5025 398 5099 est,
428 5035 536 5106 quam
560 5009 600 5079 in
624 5008 752 5080 vicinis
776 5009 993 5085 nationibus.
1044 5008 1129 5080 Ma-
1179 5034 1266 5103 pora
1286 5030 1401 5081 nosse.
1454 5002 1598 5075 Habent
1621 5020 1657 5077 et
1682 5007 1832 5079 artilices
1855 5007 2176 5099 ingeniosissimos3

123 5140 240 5213 pom
276 5114 330 5187 ibi
361 5115 477 5187 scelus
513 5125 585 5197 est,
629 5127 665 5185 et
697 5112 927 5199 inusitatum,
970 5113 1128 5206 conspici
1179 5107 1217 5183 hi
1235 5111 1331 5183 enim
1354 5109 1526 5202 plasticen
1546 5108 1733 5199 sculpendi
1757 5122 1890 5193 ntem,
1916 5135 2008 5205 quae
2029 5129 2177 5202 prorsus

123 5220 282 5295 ebrium.
332 5218 377 5289 lu
401 5216 609 5288 diversoriis
629 5237 757 5305 magna
780 5216 981 5288 mundicias
997 5229 1067 5297 est,
1094 5229 1128 5286 et
1178 5215 1306 5285 amissa
1327 5214 1464 5296 lucrat,
1506 5224 1737 5282 renovarunt.
1795 5210 1867 5283 Sed
1896 5214 2022 5284 desino
2053 5211 2175 5281 omnia

123 5322 216 5397 odes
230 5316 412 5414 hospitum
426 5342 577 5404 summa,
600 5342 666 5390 nec
682 5319 796 5409 magis
811 5319 910 5388 domi
927 5343 1012 5390 suae
1027 5342 1128 5412 pere-
1178 5312 1362 5411 persequi,
1385 5338 1469 5384 nam
1489 5334 1554 5404 ego
1577 5336 1653 5383 non
1675 5336 1798 5384 ornnes
1821 5316 1961 5397 laudes,
1988 5316 2048 5385 sed
2072 5335 2176 5405 prae-

123 5424 244 5519 grini,
278 5448 387 5519 quam
408 5423 503 5516 apud
531 5423 613 5494 illos
636 5421 706 5494 tuti
724 5436 823 5493 sunt.
884 5420 983 5512 Quid
1007 5435 1125 5494 autem
1177 5421 1298 5512 cipuas
1313 5416 1484 5492 Suevicae
1507 5415 1622 5507 gentis
1636 5438 1820 5488 recensere
1842 5418 1951 5487 volni.
2003 5414 2175 5505 Magnam

123 5528 264 5621 gratius
285 5526 444 5599 accidere
468 5525 710 5618 peregrinanti
740 5538 875 5619 potest,
911 5550 1019 5621 quarn
1044 5525 1126 5597 talis
1176 5519 1522 5597 commendationem
1536 5514 1645 5591 hahet
1656 5519 1795 5612 generis
1817 5520 1988 5591 nobilitas
2007 5532 2041 5589 ct
2060 5516 2177 5587 maio·
