4664 6022
147 300 223 380 tas

144 479 205 549 sed
225 475 321 569 pacis
336 473 417 569 linis
434 480 526 558 erat,
558 486 598 543 nt
614 486 706 543 certa
724 473 823 542 aedes
839 489 999 544 maneret
1016 468 1137 543 Eccle-

145 581 237 664 siae,
264 576 328 648 ubi
344 564 602 667 propagaretur
625 574 786 643 doctrina
811 576 982 648 coelestis.
1035 571 1139 667 Opus

146 697 198 754 est
219 705 302 772 pace
324 703 399 749 non
420 679 535 747 solum
557 678 603 746 ad
623 678 843 746 educandam
867 678 1044 762 sobolem,
1077 680 1137 746 sed

36 788 37 792 ’
146 787 252 857 etiam
268 784 313 852 ad
328 781 523 849 docendam
540 778 780 863 iuventutem,
804 791 838 848 et
855 781 1028 872 reliquam
1044 780 1139 847 mul-

146 887 356 963 titudinem,
382 883 481 950 etad
504 881 712 970 disciplinae
730 903 769 948 ac
789 882 972 971 religionis
996 903 1138 951 conscr-

147 991 336 1060 vationem.
386 980 463 1052 Hos
481 1005 554 1051 esse
573 983 658 1050 fines
678 983 884 1073 praecipuos
907 983 1138 1072 gubernatio-

146 1095 203 1162 nis
220 1092 258 1160 in
276 1086 454 1179 imperiis,
479 1079 573 1152 nihil
588 1085 737 1153 dubium
752 1098 813 1154 est.

247 1191 328 1263 Sint
352 1211 437 1279 sane
459 1187 577 1274 magni
595 1201 628 1255 et
649 1185 782 1254 laudati
797 1184 910 1255 Duces
926 1181 1139 1270 Alexander,

148 1295 280 1378 lulius,
311 1304 346 1359 et
369 1289 443 1360 alii.
496 1287 577 1358 Sint
600 1289 851 1378 gubernatores
874 1288 1059 1359 domestici
1080 1312 1140 1357 ex-

146 1398 311 1469 callentes
325 1391 534 1485 prudentia,
560 1390 691 1474 Solon,
718 1385 916 1479 Angustus;
942 1392 1003 1460 sed
1026 1391 1139 1462 multo

146 1511 262 1570 essent
275 1496 330 1565 illi
346 1494 414 1584 ipsi
435 1491 604 1576 maiores,
631 1493 661 1561 si
679 1493 790 1582 partis
804 1492 980 1573 victoriis,
1007 1493 1140 1562 consti-

145 1603 231 1674 tutis
256 1597 415 1689 imperiis
437 1607 616 1664 curassent
631 1590 746 1663 Deum
770 1608 863 1663 recte
879 1595 1058 1679 invocari,
1083 1619 1140 1664 ce-

145 1701 296 1780 lebrari,
322 1699 401 1770 coli.
455 1695 496 1766 ld
499 1697 698 1788 praecipue
714 1696 850 1765 efficere
870 1697 986 1767 bonus
1009 1697 1139 1785 guber·

145 1821 251 1877 nator
266 1803 383 1881 debet,
408 1799 499 1869 sicut
514 1800 630 1868 bonus
646 1798 903 1889 paterfamilias
912 1823 987 1868 non
1001 1813 1138 1870 tantum

147 1929 315 2001 quaerere
330 1902 584 1995 patrimonium
600 1901 722 1971 liberis
735 1903 852 1985 debet,
870 1902 1049 1971 sedetiam
1066 1915 1138 1971 tra-

146 2013 228 2080 dere
250 2004 318 2076 Dei
341 2005 528 2084 noticiam,
562 2017 596 2072 et
620 2027 736 2072 mores
761 2028 885 2072 eorum
908 2027 1038 2093 regere.
1089 2002 1140 2074 Ut

145 2125 263 2184 autem
286 2109 390 2200 pauci
407 2105 673 2197 patresfamilias
689 2106 807 2175 omnia
826 2128 888 2173 sua
912 2107 1026 2175 officia
1042 2129 1139 2175 com-

145 2216 367 2308 plectuntur,
399 2210 447 2278 ita
481 2208 585 2300 pauci
618 2206 801 2298 Principes
832 2207 872 2275 in
906 2203 974 2277 hoc
998 2230 1138 2278 summo

145 2339 252 2408 opere
267 2314 461 2381 elaborant.
513 2307 609 2379 Rara
628 2322 679 2377 est
700 2303 787 2376 baec
806 2310 993 2399 perfectio,
1019 2325 1060 2381 ut
1081 2333 1139 2377 ra-

145 2443 205 2490 rae
220 2428 305 2487 sunt
318 2436 473 2503 gemmae
490 2413 585 2480 inter
600 2425 754 2481 caeteros
777 2409 923 2500 lapides.
978 2411 1139 2482 Subinde

146 2537 265 2593 tamen
291 2517 429 2608 aliquos
461 2513 589 2584 excitat
611 2512 708 2582 Deus
729 2509 862 2595 Duces,
894 2528 956 2583 aut
974 2513 1139 2604 politicos

145 2624 259 2704 viros,
285 2617 347 2712 qui
363 2639 442 2686 suas
462 2615 617 2683 actiones
639 2617 683 2682 ad
703 2638 825 2681 verum
842 2615 948 2683 finem
972 2616 1138 2687 referunt.

146 2724 255 2796 Tales
268 2723 414 2790 fuerunt
429 2713 569 2808 loseph,
596 2714 726 2795 David,
754 2713 881 2800 loslas,
905 2731 939 2786 et
954 2718 1049 2786 inter¹
1061 2741 1139 2786 mo·

144 2821 296 2897 narchas
312 2819 437 2913 Cyrus,
463 2816 731 2901 Constantinus,
757 2811 997 2903 Theodosius,
1023 2832 1057 2888 et
1077 2818 1139 2886 alii

145 2929 304 3022 quidam.
341 2919 481 2991 Horum
500 2921 657 3009 exempla
674 2931 757 2988 nota
772 2934 867 2989 sunt.
913 2918 1054 3008 Quanta
1071 2919 1139 2990 fuit

146 3028 258 3101 animi
277 3024 448 3095 celsitudo
471 3024 510 3093 in
526 3020 781 3102 Constantino,
809 3022 871 3114 qui
893 3047 972 3091 cum
992 3018 1139 3093 haberet

146 3133 297 3221 collegas
313 3127 477 3197 inimicos
490 3120 694 3195 Christiano
712 3124 870 3209 nomini,
896 3125 991 3193 viros
1007 3126 1138 3193 acerri-

144 3260 243 3319 mos,
273 3246 309 3302 et
330 3231 520 3299 instructos
540 3226 717 3318 potentia,
743 3222 847 3321 (nam
865 3227 980 3295 maior
998 3226 1139 3318 imperii

145 3359 227 3430 pars
251 3330 366 3404 adhuc
391 3325 607 3399 adhorrebat
628 3353 646 3397 a
667 3322 801 3398 Christi
821 3325 1021 3424 doctrina),
1045 3351 1139 3398 unus

144 3465 182 3512 se
206 3435 373 3529 opposuit
393 3433 465 3501 illis
487 3431 725 3521 grassantibus
749 3431 786 3497 in
803 3431 898 3522 pios,
924 3432 1139 3520 compescuit

144 3541 344 3618 saeviciam,
362 3549 479 3624 postea
497 3533 621 3601 deletis
638 3533 809 3625 tyrannis,
824 3533 936 3602 vetuit
950 3533 1139 3601 sacrificari

61 3650 63 3655 ’
145 3642 268 3725 idolis,
299 3634 392 3706 nihil
426 3650 586 3705 metuens
620 3635 700 3702 odia
735 3647 853 3703 tantae
887 3635 1139 3719 multitudinis,

144 3768 236 3840 quae
254 3738 489 3828 Evangelium
506 3737 743 3807 aversabatur.
791 3733 888 3804 ldern
905 3750 1023 3827 postea
1036 3739 1138 3805 seda·

145 3848 192 3920 tis
215 3844 381 3915 civilibus
396 3839 521 3922 bellis,
546 3838 652 3906 etiam
665 3836 810 3907 sustulit
826 3837 1061 3907 dissensiones
1080 3862 1137 3907 ec·

144 3945 363 4025 elesiasticas,
391 3953 579 4010 convocata
595 3937 757 4033 Synodo,
782 3962 846 4008 nec
860 3941 973 4008 adfuit
986 3953 1138 4026 tantum,

144 4066 186 4122 ut
202 4051 273 4118 vim
288 4040 492 4137 prohiberet
509 4042 602 4111 inter
615 4055 743 4131 partes,
763 4043 823 4110 sed
840 4042 1032 4133 disputavit
1050 4043 1137 4133 ipse,

145 4168 181 4224 et
197 4151 378 4220 veritatem
395 4144 528 4236 inquiri
546 4144 669 4217 voluit
718 4141 808 4210 Nam
825 4167 905 4211 cum
922 4142 1060 4236 Synodi
1083 4157 1137 4213 to-

145 4257 217 4326 tius
232 4249 408 4323 Ecclesiae
427 4246 557 4315 iudicia
573 4246 662 4324 sint,
688 4268 762 4311 non
784 4257 922 4317 tantum
942 4242 1137 4337 Episcopo-

144 4382 243 4436 rum‚
266 4351 490 4423 concedenda
506 4361 588 4417 sunt
603 4347 769 4440 suffragia
786 4348 891 4416 etiam
908 4348 987 4415 aliis
1012 4348 1080 4438 piis
1103 4361 1137 4419 et

144 4459 276 4540 doctis,
304 4454 365 4547 qui
387 4475 460 4520 non
480 4452 679 4538 funguntur
695 4448 902 4517 ministeriis
927 4451 1137 4519 ecclesiasti·

145 4565 206 4633 cis.
266 4552 492 4628 Constantini
527 4550 725 4639 exemplum
758 4565 877 4640 postea
911 4546 1136 4622 Theodosius

144 4664 303 4733 imitatus
319 4671 384 4726 est:
410 4668 450 4723 ut
466 4674 609 4740 prorsus
623 4652 755 4720 deleret
771 4652 885 4732 idola,
909 4675 1031 4722 eorum
1046 4668 1136 4724 tem-

144 4766 202 4857 pla
219 4765 293 4833 solo
310 4756 491 4851 aequavit,
518 4753 646 4821 indixit
661 4751 867 4844 Synodum,
894 4756 1047 4824 ostendit
1062 4757 1137 4825 for-

62 4860 64 4867 ’
144 4889 239 4935 mam
262 4858 455 4931 dirimendi
479 4854 698 4937 certaminis,
723 4854 909 4939 videlicet,
934 4871 974 4927 ut
995 4858 1136 4951 profer-

121 4975 127 4982 '
145 4980 270 5036 rentur
286 4976 378 5032 certa
395 4957 595 5031 testimonia
611 4957 843 5046 probatorum
868 4971 1043 5044 autorum,
1069 4985 1135 5030 nec

144 5067 405 5159 permitteretur
420 5060 486 5131 ulli
502 5081 630 5128 essese
646 5059 775 5146 fingere
790 5083 902 5128 novas
924 5060 1133 5151 interpreta-

142 5172 276 5253 tiones,
299 5162 494 5255 Aliquanto
510 5174 588 5252 post
603 5174 739 5229 secutae
751 5174 835 5230 sunt
848 5159 996 5255 Synodi,
1012 5158 1135 5253 Ephe·

143 5274 219 5344 sina
236 5279 425 5339 convocata
442 5289 460 5332 a
483 5263 623 5332 iuniore
637 5257 862 5343 Theodosio,
889 5278 923 5333 et
938 5261 1134 5335 Chalcedo-

141 5373 262 5445 nensis
278 5380 466 5438 convocata
481 5390 501 5432 a
515 5363 706 5435 Martiano.
758 5361 829 5433 Sed
844 5377 1020 5458 utranque
1036 5368 1133 5436 arbi-

140 5493 216 5548 tror
230 5473 399 5542 indictam
414 5490 487 5536 esse
501 5465 651 5537 consilio
665 5465 838 5538 foeminae
853 5469 1132 5560 sapientissimae

695 296 857 374 DECL.
877 297 968 374 'DE
1006 295 1255 375 orrtcto
1284 296 1628 376 PRINCIPUM.

2105 300 2183 377 436

1188 467 1416 556 Pulcheriae,
1449 497 1539 564 quae
1561 494 1642 543 cum
1664 486 1754 543 esset
1774 496 1876 545 soror
1895 468 2118 560 Theodosii,
2149 489 2184 548 et

1191 590 1309 665 postea
1327 572 1499 643 Martiani
1512 577 1686 661 coniunx,
1711 591 1745 647 et
1762 592 1907 668 propter
1920 578 2086 648 eximiam
2100 602 2185 669 pru-

1191 677 1348 747 dentiam
1371 690 1406 745 et
1429 679 1635 765 gravitatem
1660 679 1856 769 plurimum
1877 681 2029 771 polleret
2049 679 2186 751 autori·

1191 792 1282 861 tate,
1308 800 1363 846 res
1377 801 1417 846 eo
1439 793 1597 871 tempore
1619 782 1789 850 maximas
1804 783 1902 852 domi
1923 781 2100 874 singulari
2114 783 2188 853 vir·

1192 895 1264 952 tute
1288 880 1510 969 gubernavit.
2064 930 2074 941 -

1295 981 1512 1051 lustinianus
1530 985 1659 1053 deinde
1675 982 1862 1078 Synodum
1880 988 2028 1057 alteram
2043 983 2186 1080 Byzan·

1191 1083 1281 1154 tium
1296 1086 1512 1158 convocavit.
1564 1085 1662 1156 Idem
1680 1110 1757 1157 mos
1771 1088 1839 1158 fuit
1860 1089 1927 1178 piis
1943 1087 2108 1179 Regibus
2121 1086 2187 1157 Hi·

1192 1185 1343 1276 spanicis
1369 1201 1404 1257 et
1431 1184 1595 1274 Gallicis,
1627 1214 1822 1258 convocare
1850 1189 2014 1284 Synodos
2048 1191 2089 1259 in
2117 1191 2187 1274 suis

1192 1289 1327 1376 regnis,
1360 1289 1465 1356 etiam
1498 1314 1572 1358 non
1607 1292 1769 1363 consulto
1801 1289 1969 1365 Romano
2001 1291 2186 1367 Pontifice.

1192 1389 1329 1460 Norant
1353 1391 1448 1458 enirn
1479 1391 1627 1483 imperia
1652 1393 1783 1464 imitari
1809 1395 1937 1463 debere
1960 1390 2186 1484 Decalogum,

1193 1493 1253 1584 qui
1278 1507 1319 1563 nt
1338 1493 1495 1583 primum
1516 1495 1747 1567 concionatur
1764 1497 1809 1564 de
1824 1499 2070 1567 conservanda
2088 1497 2183 1588 puri·

1193 1608 1262 1664 tate
1284 1595 1488 1683 religionis,
1520 1597 1570 1666 ita
1595 1593 1803 1688 Principum
1826 1594 1917 1668 banc
1935 1621 2010 1669 esse
2033 1599 2183 1690 primam

1193 1720 1312 1766 curam
1328 1709 1478 1789 oportet.
1495 1712 1498 1719 ’
1528 1697 1723 1789 Decalogus
1742 1700 1837 1767 enim
1858 1716 1911 1770 est
1925 1702 2041 1771 forma
2059 1700 2185 1793 piacet

1193 1793 1361 1869 honestae
1386 1800 1665 1888 gubernationis.
1717 1798 1824 1872 Extat
1843 1805 1937 1893 apud
1955 1801 2182 1874 Aristotelem

1192 1900 1351 1971 definitio
1368 1899 1596 1990 Magistratus
1611 1903 1845 1973 eruditissime
1862 1905 2026 1993 cogitata,
2050 1917 2087 1975 et
2101 1905 2183 1974 mira

1192 2003 1405 2094 proprietate
1421 2027 1461 2072 ac
1476 2005 1647 2074 brevitate
1664 2009 1900 2096 complectens
1915 2007 2033 2076 officia
2056 2006 2181 2081 omnin

1194 2104 1315 2196 lnquit
1349 2105 1444 2172 enirn
1480 2103 1726 2194 Magistratum
1761 2131 1835 2176 esse
1867 2110 2053 2178 custodem
2092 2109 2178 2198 legis.
2218 2156 2222 2247 p

1191 2203 1287 2295 Ergo
1307 2229 1386 2273 cum
1411 2207 1519 2276 totius
1542 2209 1628 2297 legis
1647 2223 1763 2278 custos
1785 2209 1849 2291 sit,
1875 2210 1967 2279 tueri
1983 2210 2095 2279 etiam
2115 2210 2178 2301 pri-

1192 2332 1287 2377 mam
1303 2304 1471 2398 Decalogi
1485 2310 1642 2379 tabulam
1659 2311 1813 2381 debebit.
1867 2310 1942 2381 lam
1960 2335 2048 2381 cum
2073 2324 2178 2383 extent

1192 2410 1348 2501 exempla
1373 2410 1513 2500 piorum
1529 2408 1688 2501 Regum,
1712 2437 1793 2482 cum
1814 2425 2025 2502 argumenta
2052 2413 2176 2502 gravis-

1191 2512 1279 2582 sima
1303 2513 1522 2602 praecipiant
1542 2512 1703 2604 Regibus
1730 2539 1922 2584 convocare
1943 2513 2130 2609 Synodos,
2149 2527 2179 2585 et

1192 2613 1405 2683 constituere
1446 2615 1578 2685 iudicia
1619 2616 1868 2701 ecclesiastica,
1913 2641 1991 2686 non
2030 2616 2179 2689 dubitari

1192 2729 1325 2808 potest,
1351 2716 1447 2808 quod
1463 2716 1508 2785 sit
1525 2715 1682 2788 Romani
1699 2717 1926 2809 lmperatoris
1942 2714 2012 2807 boc
2029 2733 2178 2813 tempore

1192 2818 1360 2888 officium.
1411 2817 1550 2888 Sentiat
1573 2819 1682 2907 igitur
1706 2815 1774 2889 hoc
1795 2833 1932 2909 gratum
1948 2818 2029 2890 Deo
2056 2821 2179 2893 sacrif-
2220 2882 2222 2901 ,

1192 2920 1285 2989 cium
1303 2920 1399 3002 fore,
1426 2921 1456 2987 si
1474 2944 1570 2989 nunc
1595 2937 1689 2990 recte
1715 2922 1905 2991 diiudicari
1927 2923 2178 3007 controversias
2220 2934 2222 3015 ζ

1192 3021 1457 3105 ecclesiasticas,
1483 3037 1517 3093 et
1533 3023 1661 3091 sanciri
1679 3024 1902 3116 disciplinam
1921 3039 2038 3097 curet.
2078 3025 2175 3117 quue
2220 3028 2222 3037 '

1192 3125 1222 3192 si
1245 3147 1318 3191 non
1348 3124 1490 3209 fecerit,
1524 3125 1678 3214 graviter
1701 3125 1834 3195 offendi
1857 3127 2083 3197 voluntatem
2100 3124 2174 3198 tteiz

1191 3226 1397 3317 praesertim
1414 3250 1493 3295 cum
1510 3228 1673 3297 videatur
1694 3242 1853 3297 secutura
1875 3229 2017 3298 infinita
2034 3229 2177 3324 dissipa-

1191 3321 1240 3397 tid
1262 3341 1296 3396 et
1313 3327 1454 3396 vastitas
1475 3324 1670 3413 Ecclesiae,
1696 3343 1730 3398 et
1753 3354 1892 3399 morum
1907 3331 2095 3417 confusio,
2116 3329 2178 3399 nisi
2219 3358 2222 3475 p

1191 3453 1273 3499 vera
1289 3442 1322 3498 et
1336 3429 1503 3498 salutaria
1525 3432 1679 3500 remedia
1697 3432 1735 3498 in
1753 3445 1911 3522 tempore
1927 3447 2157 3525 quaerantur.
2216 3478 2222 3513 ,-

1292 3530 1450 3602 Haerent
1461 3545 1595 3601 veteres
1612 3533 1729 3602 morbi
1750 3533 1789 3601 in
1805 3530 1962 3602 Ecclesia
1989 3536 2116 3621 multi,
2138 3534 2178 3606 ad
2219 3560 2222 3629 j

1191 3627 1273 3718 bos,
1300 3648 1340 3705 ut
1353 3633 1391 3701 lit
1407 3633 1444 3699 in
1459 3634 1664 3715 discordiis,
1692 3632 1796 3703 etiam
1822 3635 1908 3703 novi
1923 3636 2075 3728 quidam
2090 3661 2178 3709 acce·
2220 3636 2222 3657 '

1190 3737 1292 3805 dunt.
1339 3730 1435 3822 Ergo
1461 3736 1498 3803 in
1519 3736 1703 3827 utriusque
1725 3736 1835 3826 partis
1858 3739 2011 3827 negotiis
2028 3740 2178 3810 delectus
2217 3672 2222 3797 l

1190 3833 1414 3906 adhibendus
1433 3849 1493 3906 est.
1544 3835 1617 3904 Nec
1633 3851 1715 3907 sunt
1737 3838 1845 3906 armis
1863 3840 2074 3910 stabiliendi
2089 3855 2177 3912 vete·

1190 3962 1245 4008 res
1268 3940 1419 4017 abusus,
1446 3940 1504 4007 sed
1529 3941 1715 4028 praecedat
1729 3964 1812 4008 vera
1826 3941 2057 4028 diiudicatio,
2084 3965 2178 4037 qnae,

1190 4041 1220 4108 si
1242 4043 1350 4109 modo
1375 4040 1460 4109 velit
1484 4039 1697 4130 Imperator,
1722 4066 1797 4111 nnn
1812 4043 1967 4111 difficilis
1989 4059 2055 4116 est.
2106 4040 2178 4115 Ad·

1190 4143 1326 4213 ficiatur
1339 4142 1535 4211 miserrima
1550 4138 1727 4213 Ecclesiae
1743 4145 1874 4234 species
1897 4145 2078 4218 discordia
2090 4145 2178 4240 parit
2217 4110 2222 4223 l

1189 4245 1228 4313 in
1249 4260 1398 4337 utraque
1423 4258 1523 4334 parte
1554 4246 1750 4337 plurimum
1775 4247 1961 4332 vitiorum,
1996 4250 2178 4320 confirmat

1188 4348 1373 4417 andaciam
1390 4347 1429 4416 in
1445 4347 1557 4416 malis.
1610 4345 1711 4417 Alibi
1727 4349 1952 4419 trucidantur
1968 4351 2021 4441 pii
2046 4365 2081 4424 et
2102 4374 2178 4422 ern·

1189 4449 1274 4534 diti,
1300 4449 1500 4518 retinentur
1514 4449 1694 4519 idolorum
1714 4451 1848 4534 cultus,
1869 4452 2179 4525 stabiliunturfla·

1188 4551 1334 4640 gitiosae
1354 4552 1540 4636 libidines,
1567 4551 1699 4643 templa
1717 4567 1813 4622 muta
1830 4567 1931 4634 sunt,
1957 4578 2024 4624 nec
2047 4551 2178 4628 babent

1188 4656 1337 4723 idoneos
1370 4653 1653 4723 concionatores:
1693 4666 1728 4725 et
1756 4655 1839 4746 quia
1866 4656 2029 4729 doctrina
2064 4657 2178 4730 consi-

1188 4757 1305 4837 leseit,
1332 4757 1435 4825 multi
1457 4756 1635 4842 incipiunt
1651 4779 1768 4825 amare
1790 4751 1992 4848 prophanas
2007 4773 2044 4831 et
2062 4761 2179 4854 epicu-

1188 4882 1264 4928 reas
1279 4859 1477 4949 opiniones.
1528 4857 1625 4928 Haec
1649 4859 1756 4949 pestis
1770 4854 1834 4928 diu
1852 4859 1891 4927 in
1909 4858 2010 4930 ltalia
2028 4877 2180 4952 grassata

1189 4975 1258 5046 est,
1280 4985 1377 5030 nunc
1401 4961 1505 5029 etiam
1528 4975 1680 5030 caeteras
1702 4963 1864 5030 nationes
1878 4962 2028 5033 invadit.
2083 4962 2178 5040 Alibi

1187 5064 1382 5132 emendatis
1392 5062 1561 5131 abusibus
1572 5065 1763 5132 succedunt
1776 5087 1867 5132 nova
1878 5064 1988 5148 mala,
2015 5080 2178 5158 propter·

1186 5189 1245 5248 ea,
1271 5165 1354 5257 quia
1368 5165 1454 5234 boni
1473 5166 1634 5233 doctores
1648 5188 1723 5232 non
1739 5165 1953 5234 adiuvantur
1966 5166 2011 5235 ab
2028 5168 2092 5252 iis,
2117 5166 2178 5263 qui
2220 5156 2222 5163 ⁵

1186 5267 1408 5355 disciplinam
1426 5267 1516 5337 tueri
1533 5267 1719 5338 debebant.
1759 5263 1893 5336 Crescit
1908 5266 2017 5356 igitur
2035 5269 2176 5342 licentia

1185 5383 1219 5438 et
1235 5369 1352 5458 legum
1374 5380 1608 5459 contemptus.
1660 5365 1742 5436 Non
1756 5369 1871 5437 frenat
1890 5369 2030 5439 animos
2048 5375 2176 5467 pudor,

1184 5495 1259 5540 non
1286 5471 1479 5553 modestia,
1514 5493 1589 5539 non
1617 5467 1705 5540 iuris
1733 5471 1949 5557 reverentia,
1980 5475 2043 5544 sed
2067 5474 2175 5545 vincit
