4664 6022
149 306 226 385 ddi
820 304 985 387 DECL.
1021 305 1101 383 DE
1132 302 1538 387 antsronaun
2125 309 2201 384 stt

145 481 307 578 grasitss
326 479 437 573 digna
453 480 577 566 laude,
603 482 702 575 qnod
717 503 798 554 sero
812 483 1008 554 admodum
1023 484 1151 555 docere
1198 483 1342 555 stoteles
1361 483 1470 555 rediit
1485 477 1667 572 Athenas,
1690 505 1733 554 ac
1746 477 1885 555 scholas
1907 475 2039 555 habere
2060 483 2193 578 coepit;

145 585 287 679 coepit:
324 582 416 657 Nam
445 581 596 655 Platone
624 584 709 654 vivo
738 608 814 656 non
843 580 969 657 habuit
1000 581 1150 660 scholas.
1198 610 1352 682 cumque
1373 586 1510 658 videret
1532 611 1616 659 cunr
1637 609 1760 658 rerum
1780 586 1928 658 scientia
1954 586 2194 681 eloquentiam

147 687 273 763 Motu
294 700 413 759 autem
435 699 557 757 extant
580 680 776 759 honorifica
799 689 1002 762 testimonia
1024 687 1148 760 Plato·
1196 688 1485 780 coniungendam
1499 713 1594 777 esse,
1615 689 1790 762 matutina
1802 690 1938 775 studia,
1961 713 2041 771 seu,
2066 704 2105 761 ut
2118 691 2193 783 ipsc

147 792 208 865 nis
234 794 281 862 de
309 785 419 861 huius
446 788 602 880 ingenio.
671 789 829 862 Vacabat
852 792 949 861 enim
973 789 1149 863 Aristote·
1198 792 1409 864 nominabat
1430 785 1594 878 e‘oidsaoe,
1628 794 1808 864 tribuebat
1832 785 2106 882 Philosophiae,
2131 817 2193 863 ve-

147 887 490 985 lemPhilosophum
505 891 675 976 veritatis,
696 908 729 964 et
746 918 955 986 comparans
971 919 1051 965 eum
1067 918 1147 965 cnm
1198 895 1354 986 spertina
1385 918 1448 965 seu
1476 891 1618 968 ‹leiltra
1639 890 1827 967 rhetoricis
1851 895 2036 966 exercitiis.
2089 894 2193 967 Unus

148 996 372 1081 Xenocrate,
398 996 447 1065 ait
461 991 648 1067 Aristoteli
668 997 771 1066 freno
795 1020 886 1088 opus
908 1020 999 1083 esse,
1025 995 1148 1067 Xeno-
1198 998 1361 1068 omnium
1378 999 1529 1068 maxime
1542 999 1633 1068 vidit
1649 999 1895 1088 cognationem
1911 998 2055 1068 artium.
2100 994 2191 1067 Nam

148 1100 239 1175 crati
262 1098 473 1170 calcaribus.
522 1095 688 1167 Vicissim
711 1101 756 1167 de
775 1098 946 1191 Magistro
960 1102 1029 1171 nisi
1046 1123 1147 1193 prae-
1197 1096 1373 1197 Physicen
1388 1100 1543 1172 instituit
1559 1115 1594 1172 et
1609 1096 1782 1173 inchoata
1800 1101 2021 1192 geometricis
2039 1102 2190 1171 demon·

148 1205 246 1277 clare
267 1201 432 1273 sensisset
453 1198 681 1284 Aristoteles,
714 1203 872 1273 tamdiu
894 1227 969 1273 non
992 1214 1148 1297 putasset
1198 1203 1443 1299 strationibus.
1509 1202 1594 1274 ldeo
1619 1227 1743 1274 omnes
1766 1217 1859 1275 artes
1883 1204 2073 1289 tractabat,
2106 1203 2193 1274 scri-

148 1306 373 1381 audiendum
394 1325 479 1373 esse·
528 1298 670 1374 Dicitur
687 1303 792 1374 etiarn
810 1303 951 1377 Platoni
968 1331 1065 1377 aram
1082 1331 1148 1399 po—
1200 1307 1304 1376 bebat
1324 1308 1369 1376 de
1390 1321 1518 1378 natura
1540 1331 1680 1393 rernm,
1702 1309 1748 1377 de
1769 1306 1951 1391 moribus,
1976 1308 2021 1377 de
2044 1306 2192 1375 immor-

149 1410 265 1483 misse
294 1421 331 1479 ct
350 1401 580 1499 Epigramma
610 1406 808 1491 addidisse,
841 1411 939 1502 qnod
962 1423 1074 1494 extat,
1106 1408 1145 1476 in
1200 1403 1333 1480 talitate
1359 1410 1562 1479 animorum
1593 1423 1628 1482 et
1655 1410 1761 1480 rebus
1784 1410 2006 1480 coelestibus.
2035 1428 2043 1442 ·
2073 1406 2192 1481 Multa

147 1537 221 1611 qno
244 1507 474 1602 amplissimis
495 1508 663 1579 laudibus
685 1522 790 1580 ornat
807 1508 1004 1587 Platonem.
1054 1509 1145 1580 Nam
1199 1513 1435 1604 componebat
1464 1513 1506 1582 ad
1529 1510 1796 1599 Alexandrum,
1828 1526 1868 1582 ut
1895 1512 2010 1583 victor
2031 1508 2192 1603 Respuh.

147 1616 204 1688 rel
223 1610 287 1685 hic
309 1634 405 1684 unus
426 1633 548 1681 versus
569 1611 705 1684 indicat
724 1626 899 1706 qnantum
917 1613 951 1684 ei
969 1613 1147 1700 tribuerit,
1198 1614 1357 1704 legibus,
1379 1614 1478 1698 iure,
1503 1615 1666 1701 iudiciis,
1692 1615 1880 1708 disciplina
1901 1614 2069 1685 muniret.
2121 1610 2192 1684 llic

147 1742 230 1792 ctam
247 1714 318 1789 ait:
1199 1718 1341 1811 scripsit
1362 1740 1489 1789 aureos
1512 1718 1593 1787 illos
1615 1719 1728 1790 libros
1744 1720 1788 1789 de
1804 1713 1955 1788 historia
1967 1717 2192 1803 animalium,

325 1821 418 1905 Natta
434 1824 533 1888 farem
546 1828 638 1887 talem
653 1830 730 1888 sasla
745 1828 849 1891 futura
862 1831 971 1893 dmm.
1199 1845 1269 1916 qua
1292 1821 1330 1891 in
1354 1845 1393 1891 re
1415 1846 1490 1892 nun
1513 1822 1630 1892 solum
1653 1820 1857 1893 Aristotelis
1879 1821 2064 1911 diligentia
2089 1818 2192 1888 miri-

143 1922 258 2017 Qnod
281 1942 367 1993 vero
388 1917 552 1992 homines
567 1922 723 2014 imperiti
737 1924 953 1996 simultatem
967 1920 1145 2017 quandam
1199 1926 1281 2011 fica,
1327 1926 1386 1995 sed
1420 1918 1526 1996 etiam
1558 1918 1755 1995 Alexandri
1785 1923 1978 1995 liberalitas
2011 1923 2191 1993 laudanda

143 2028 246 2100 inter
265 2046 326 2097 cos
346 2024 584 2096 intercessisse
601 2038 743 2116 putant,
768 2051 810 2097 eu
827 2029 923 2121 quod
937 2021 1147 2097 Aristoteles
1198 2043 1260 2099 est.
1309 2024 1401 2099 Nam
1424 2028 1459 2097 id
1482 2052 1626 2123 quoque
1648 2028 1784 2119 regium
1809 2040 1882 2114 est,
1906 2023 2087 2117 Rempub.
2104 2024 2192 2095 arti·

144 2130 332 2204 interdum
354 2125 567 2219 aMagistro
589 2127 772 2214 dissentit,
798 2130 918 2223 inepta
942 2127 1067 2222 opinio
1084 2139 1147 2195 est.
1197 2133 1264 2202 bus
1284 2144 1319 2200 et
1334 2130 1447 2200 literis
1464 2155 1603 2206 ornare.
1654 2128 1747 2203 Cum
1764 2131 1860 2200 enim
1877 2128 2026 2222 privatis
2041 2126 2193 2218 sumpti·

147 2232 246 2305 Nam
265 2244 306 2303 nt
322 2230 362 2301 in
377 2228 513 2303 Senatu
526 2228 566 2298 in
583 2230 733 2301 dicenda
749 2233 923 2305 sententia
938 2255 1041 2323 saepe
1056 2228 1145 2299 ami·
1199 2235 1265 2305 bus
1293 2233 1468 2325 explorari
1497 2247 1643 2303 naturae
1671 2232 1909 2305 animantium
1939 2256 2012 2301 non
2036 2242 2192 2323 possent,

147 2334 284 2409 tissimi
300 2334 379 2404 sine
396 2332 596 2403 offensione
615 2335 822 2419 animorum
835 2336 1071 2416 dissentiunt,
1096 2331 1145 2400 ita
1198 2337 1295 2406 misit
1308 2333 1512 2425 Alexander
1527 2333 1712 2407 Aristoteli
1729 2336 1931 2426 octingenta
1947 2334 2098 2417 talenta,
2123 2327 2192 2402 hoc

144 2437 240 2513 boni
262 2450 301 2508 et
324 2435 421 2507 docti
437 2434 507 2505 viri
523 2436 602 2504 sine
616 2437 806 2508 acerbitate
822 2439 1025 2509 animorum
1041 2433 1145 2504 dissi-
1197 2454 1267 2525 est,
1292 2438 1549 2533 quadringenta
1565 2452 1600 2509 et
1613 2439 1792 2529 octoginta
1808 2438 1921 2507 millia
1937 2450 2190 2506 coronatorum

146 2544 252 2615 miles
276 2535 410 2610 babent
428 2537 629 2630 opiniones
687 2537 758 2610 Sed
780 2542 826 2611 de
848 2536 913 2620 hac
932 2539 1145 2632 opinionum
1197 2544 1240 2612 ad
1266 2543 1515 2611 conducendos
1537 2555 1723 2611 venatores
1747 2556 1781 2612 et
1803 2540 1948 2610 alendas
1968 2539 2119 2623 bestias,
2150 2548 2192 2608 ut

145 2642 444 2721 dissimilitudine
466 2640 574 2732 paulo
597 2654 678 2733 post
698 2643 827 2714 dicam.
878 2642 963 2715 Post
986 2639 1147 2712 Platonis
1197 2668 1321 2715 eorum
1345 2658 1493 2715 naturae
1514 2644 1732 2715 considerari
1757 2655 1914 2736 possent.
1971 2637 2052 2712 Etsi
2073 2655 2190 2711 autem

142 2762 323 2834 nortem,
346 2768 427 2816 cum
446 2743 518 2813 iam
541 2744 779 2816 celebraretur
798 2747 928 2817 domus
943 2742 1146 2816 Aristotelis
1196 2749 1369 2842 quaedam
1392 2747 1572 2838 praeclara
1593 2747 1723 2839 scripta
1743 2747 1820 2817 eius
1841 2745 2045 2839 perierunt,
2071 2758 2191 2814 tamen

143 2878 165 2927 s
183 2847 425 2924 nobilissimis
445 2839 673 2931 hominibus,
699 2848 854 2919 incensis
869 2848 1030 2920 discendi
1044 2846 1147 2937 eupi-
1196 2850 1358 2921 existimo
1378 2873 1418 2919 ea
1433 2873 1523 2944 qnae
1538 2849 1675 2943 reliqua
1690 2865 1791 2931 sunt,
1818 2873 1908 2943 qnae
1923 2848 2069 2942 quidem
2085 2840 2191 2917 scho-

144 2956 278 3037 ditste,
312 2948 459 3023 accersit
482 2973 565 3019 eum
590 2944 781 3043 Philippus
796 2948 874 3022 Rea
893 2950 1146 3034 Macedonum,
1198 2953 1242 3022 lis
1262 2952 1416 3022 maxime
1438 2972 1519 3044 apta
1542 2966 1642 3038 sunt,
1675 2951 1849 3023 divinitus
1874 2965 2010 3021 servata
2034 2972 2127 3034 esse,
2150 2958 2192 3017 ut

146 3074 180 3134 et
200 3056 318 3130 tradit
337 3054 372 3124 ei
391 3051 507 3124 lilium
529 3052 569 3121 in
593 3053 832 3144 disciplinam.
883 3052 998 3124 Porro
1020 3053 1091 3122 nisi
1112 3064 1144 3119 et
1197 3055 1382 3148 posteritas
1402 3055 1533 3126 rectius
1554 3055 1674 3126 doceri
1698 3069 1827 3147 posset.
1877 3053 2069 3148 Postquam
2094 3048 2191 3122 enim

143 3158 352 3235 doctrinam
381 3168 417 3227 et
443 3178 561 3224 mores
590 3151 802 3227 Aristoteles
832 3153 911 3228 Rex
945 3151 1146 3247 Philippus,
1197 3158 1235 3227 in
1251 3155 1421 3242 Graecia,
1446 3157 1560 3243 utlit,
1585 3159 1800 3229 recentiores
1816 3151 2040 3248 Philosophi,
2065 3150 2192 3236 Stoici,

144 3265 213 3362 qni
234 3258 438 3337 acutissime
459 3259 505 3328 de
525 3257 679 3347 ingeniis
701 3259 859 3327 iudicare
881 3272 1036 3349 poterat,
1062 3281 1145 3349 pro·
1196 3256 1362 3352 Epicurei
1389 3274 1424 3331 et
1446 3255 1652 3329 Academici
1678 3273 1871 3351 coeperunt
1892 3259 1931 3327 in
1953 3255 2190 3330 admiratione

144 3370 287 3453 basset,
305 3382 535 3457 nequaquam
549 3361 581 3429 ei
598 3360 710 3430 hlium
726 3373 846 3432 tantae
859 3360 933 3454 spei
949 3373 982 3430 et
997 3383 1146 3449 genero-
1195 3385 1288 3445 esse,
1319 3384 1400 3431 cum
1430 3361 1575 3454 quidem
1600 3362 1698 3454 pleni
1724 3362 1796 3432 sint
1819 3361 2035 3452 ineptiarum
2060 3381 2099 3427 ac
2121 3356 2190 3428 So-

151 3466 311 3541 sissimse
324 3463 460 3535 indolis
476 3465 768 3532 commendasset.
824 3461 947 3558 ltaque
963 3458 1145 3531 hoctesti·
1196 3459 1381 3556 phistices,
1414 3462 1578 3533 doctrina
1603 3464 1713 3533 veteri
1738 3488 1778 3533 ac
1801 3463 1995 3533 eruditiore
2021 3458 2190 3550 neglecta,

146 3569 314 3645 monium
336 3563 497 3658 Philippi
526 3567 572 3635 de
595 3563 787 3636 Aristotele
816 3565 1064 3656 gravissimum
1095 3576 1145 3633 est
1195 3565 1324 3658 scripta
1341 3563 1544 3635 Aristotelis
1565 3566 1835 3636 excutiebantur
1856 3563 2025 3635 studiosis
2046 3564 2091 3633 de
2114 3584 2190 3630 rna-

144 3674 395 3748 indicandnm.
445 3666 499 3738 Ne
510 3668 585 3759 ipse
599 3668 743 3762 quidem
759 3670 935 3753 alumnus,
962 3673 1146 3738 comesset
1195 3668 1321 3753 uibus,
1345 3681 1380 3739 et
1402 3667 1488 3736 libri
1506 3666 1544 3737 in
1562 3663 1791 3740 bibliothecis
1808 3691 2002 3761 paucorum
2018 3677 2190 3737 vetustate

145 3775 297 3853 heroico
310 3789 346 3845 et
361 3771 496 3844 excelso
513 3770 678 3860 ingenio,
702 3785 887 3862 tantopere
901 3784 1047 3840 amasset
1064 3767 1147 3838 Ma·
1195 3786 1229 3843 et
1243 3771 1337 3841 carie
1354 3772 1672 3858 consumebantur3
1699 3796 1737 3842 ac
1752 3785 1871 3841 tantus
1885 3766 2073 3841 thesaurus
2087 3790 2191 3860 pror·

145 3883 312 3977 gistrum,
337 3877 407 3947 uisi
422 3875 482 3944 ille
498 3876 543 3943 ad
555 3874 756 3943 doctrinam
771 3875 990 3944 adiunxisset
1004 3896 1144 3942 morum
1194 3898 1253 3945 sus
1267 3874 1447 3967 periisset,
1473 3873 1541 3942 nisi
1557 3871 1678 3968 Syllae
1692 3874 1864 3945 foelicitas
1880 3873 1985 3942 nobis
2000 3867 2086 3941 haec
2100 3890 2191 3962 quae

145 3983 372 4059 sanctitatem
397 3993 430 4047 et
454 3976 674 4047 suavitatem.
725 3973 838 4070 Saepe
859 3991 977 4047 autem
1004 3968 1146 4068 pracdiss
1194 3973 1385 4061 habemus,
1420 3976 1556 4070 reliqna
1578 3978 1728 4049 fecisset.
1797 3974 1830 4046 ls
1852 3978 1948 4045 enim
1971 3967 2190 4044 bibliotheca

144 4088 243 4162 cavit
260 4083 482 4165 Alexander,
507 4102 544 4148 se
568 4101 642 4147 nun
665 4103 763 4150 secus
780 4103 899 4149 amare
917 4079 1144 4148 Aristotelem
1195 4081 1233 4149 in
1253 4079 1348 4149 bello
1364 4094 1485 4170 parta,
1507 4078 1608 4174 (nam
1624 4079 1711 4148 olim
1731 4076 1965 4171 lmperatores
1979 4072 2071 4147 hanc
2088 4098 2190 4167 prae·

145 4215 187 4265 se
208 4203 361 4285 patrem.
412 4180 549 4253 Mansit
569 4194 689 4251 autern
713 4178 924 4253 Aristoteles
946 4184 1041 4274 apud
1058 4177 1145 4250 Ale-
1194 4185 1288 4266 dam,
1312 4196 1352 4251 ut
1367 4182 1460 4251 bona
1477 4181 1603 4271 scripta
1617 4197 1800 4254 servarent
1815 4184 1968 4252 maxime
1983 4171 2189 4273 captabant)

142 4295 327 4367 :andnam
348 4309 463 4357 annos
484 4283 626 4355 circiter
647 4297 747 4370 octo,
787 4310 859 4380 quo
881 4298 1041 4376 tempore
1063 4306 1143 4352 cum
1194 4308 1273 4354 curn
1304 4295 1419 4353 essem
1443 4284 1495 4353 ibi
1517 4282 1632 4354 multa
1657 4280 1859 4354 Aristotelis
1878 4284 2087 4372 volumina,
2126 4279 2189 4348 sed
2308 4326 2313 4339 .

144 4398 237 4469 alias
254 4384 509 4481 Philosophiae
539 4400 656 4477 partes
688 4387 721 4456 ei
747 4387 918 4471 tradidit,
956 4398 1035 4457 tum
1059 4407 1144 4453 vero
1194 4410 1283 4479 pene
1305 4386 1513 4470 obliterata,
1538 4386 1677 4457 curavit
1698 4387 1859 4480 undique
1880 4388 1919 4456 in
1940 4383 2090 4456 Graecia
2113 4380 2188 4451 eius

146 4502 259 4573 ctiam
282 4491 450 4567 medendi
474 4504 598 4559 artem.
651 4487 770 4583 Atque
790 4484 857 4560 hae
873 4489 910 4558 in
927 4512 965 4558 rc
980 4510 1054 4556 nnn
1070 4498 1144 4557 tam
1194 4488 1329 4560 autoris
1344 4488 1456 4558 libros
1471 4488 1635 4581 conquiri
1650 4503 1683 4560 et
1698 4491 1901 4560 emendatos
1917 4489 1963 4558 ab
1977 4481 2188 4559 Andronico

143 4600 377 4677 foelicitatem
400 4592 603 4664 Aristotelis
627 4592 876 4663 admirandam
899 4609 1006 4683 puto,
1047 4592 1142 4684 quod
1195 4590 1401 4683 publicavit.
1477 4589 1529 4660 lta
1559 4593 1860 4686 quemadmodum
1888 4592 1971 4659 vivo
2003 4583 2189 4658 Aristoteli

143 4698 386 4792 eicontigerit
400 4695 543 4766 erudire
559 4694 705 4784 Regem,
730 4718 843 4764 unum
860 4695 1023 4764 omnium
1040 4693 1144 4781 louge
1193 4694 1326 4763 amicos
1346 4692 1414 4762 luit
1436 4690 1575 4783 Regum
1598 4715 1777 4779 summus,
1809 4694 1857 4763 ita
1881 4714 1972 4783 pene
1994 4689 2188 4760 extinctum

142 4801 495 4901 ingeniosissimum,
519 4810 554 4867 et
571 4821 677 4891 quem
691 4797 762 4865 fata
778 4799 820 4865 ad
840 4797 1030 4887 imperium
1045 4795 1144 4864 orbis
1194 4795 1369 4864 revocavit
1394 4794 1434 4863 in
1449 4794 1564 4865 lucem
1582 4818 1740 4865 summus
1758 4808 1792 4866 et
1804 4793 2055 4865 faelicissimus
2070 4789 2189 4882 lmpe-

142 4924 325 4985 terrarum
341 4904 536 4982 vocabant,
562 4924 669 4992 quam
685 4901 912 4989 prudentiam
927 4898 1143 4968 laudandam
1193 4911 1290 4967 rator
1315 4896 1426 4991 Sylla.
1475 4891 1608 4968 Extant
1630 4909 1750 4969 tamen
1769 4894 1886 4968 adhuc
1909 4896 2053 4987 vestigia
2078 4892 2188 4966 huius

143 5038 222 5087 esse
250 5008 393 5088 iudico,
427 5005 522 5100 qnod
549 5026 590 5071 ea
612 5001 762 5072 tradidit
784 5000 1019 5085 adolescenti,
1053 5023 1143 5093 quae
1192 4998 1420 5083 calamitatis,
1446 4997 1485 5066 in
1508 4992 1565 5067 his
1583 4998 1684 5069 libris
1701 4997 1764 5094 qui
1780 4998 1911 5094 reliqui
1925 5012 2028 5084 sunt,
2048 5002 2087 5069 in
2104 4997 2187 5090 qui-

142 5114 396 5189 vehementem
438 5121 602 5178 naturam
636 5105 811 5175 flexerunt
842 5106 887 5173 ad
922 5102 1143 5184 suavitatem,
1192 5104 1260 5172 bus
1289 5114 1433 5193 apparet
1464 5100 1596 5170 alicubi
1626 5101 1809 5172 mutilatas
1838 5126 1911 5173 esse
1943 5100 2185 5172 sententiolas.

143 5242 310 5319 quaeque
328 5213 403 5304 ipse
417 5210 527 5281 sensit
540 5208 701 5299 regnanti
718 5229 849 5295 magno
865 5206 945 5275 usui
962 5219 997 5275 et
1012 5226 1141 5293 magno
1192 5202 1306 5274 Porro
1329 5214 1500 5272 renovato
1525 5199 1735 5288 Aristotele,
1776 5204 1947 5294 paulatim
1971 5204 2187 5275 recentiores

143 5333 360 5397 ornamento
384 5338 472 5391 esse.
521 5309 581 5381 Sic
607 5310 703 5379 enim
725 5309 775 5379 ait
789 5305 1009 5379 Alexander:
1035 5306 1142 5377 malle
1191 5317 1314 5375 sectae
1328 5305 1456 5395 frigere
1472 5317 1681 5396 coeperunt,
1706 5330 1787 5375 cum
1803 5327 1841 5374 se
1855 5301 1894 5375 hi
1910 5306 1973 5400 qui
1989 5305 2186 5398 plurimum

145 5452 183 5500 se
206 5422 390 5507 doctrina,
410 5440 520 5512 quam
542 5412 683 5505 imperii
700 5410 947 5501 magnitudine
964 5408 1143 5480 excellere.
1191 5407 1344 5497 ingeniis
1358 5407 1553 5499 pollebant,
1574 5406 1683 5476 veteri
1698 5407 1881 5479 doctrinae
1894 5409 2075 5478 dederent.
2113 5401 2186 5475 Sed

145 5530 342 5625 Postquam
357 5547 443 5595 vero
454 5515 658 5591 Alexander
672 5514 711 5584 in
728 5510 851 5589 Asiam
865 5512 1016 5585 traiecit.
1054 5505 1142 5581 Ari-
1190 5512 1297 5581 redeo
1313 5511 1358 5580 ad
1377 5504 1561 5580 historiam
1579 5508 1685 5581 vitae.
1882 5516 1886 5529 '
