4664 6022
64 288 112 368 dd
551 283 717 365 nucu
747 282 1134 423 nutttrscouto
1170 276 1620 381 utoouuurtllt
2057 297 2110 379 64

61 459 227 534 oratione
253 473 413 538 utantur.
470 458 545 552 Qui
567 463 597 533 si
619 488 693 535 rem
716 462 1061 556 propiusinspexis-
1111 460 1281 547 rudiunt,
1307 461 1428 532 adeoa
1449 463 1629 533 communi
1644 457 1832 536 hominum
1847 489 1952 541 sensu
1968 470 2106 562 alienis,

61 579 160 650 sent,
187 565 396 660 neutiquam
413 565 634 639 adsciticium
650 581 685 638 et
697 590 997 659 supervacaneum
1015 567 1060 635 ab
1111 578 1211 636 utne
1226 564 1392 658 quidem,
1419 566 1506 660 quid
1523 565 1622 660 loqui
1637 567 1702 652 sit,
1728 568 1938 661 intelligant
1990 573 2106 669 Pepe-

60 666 290 762 eloquentiae
320 667 577 759 professoribus
600 670 721 740 fucum
752 668 888 762 requiri
924 668 1059 739 iudica·
1111 667 1159 739 rit
1181 667 1388 757 elegantiam
1411 668 1616 754 necessitas,
1640 673 1737 762 quod
1761 684 1795 742 et
1819 673 1968 745 barbara
1982 678 2105 749 omnia

59 783 155 843 rent.
207 770 290 862 Ipsa
304 769 478 843 orationis
491 771 638 862 puritas,
664 771 854 864 nativaque
867 769 972 841 iacies
986 771 1058 840 ele·
1111 769 1244 839 incerta
1259 782 1353 854 sunt,
1372 783 1405 839 et
1416 794 1506 863 quae
1521 772 1685 842 oratoriis
1695 776 1916 846 ornamentis
1928 777 2104 852 illustrata

58 871 181 964 gantis
198 885 272 958 est,
298 896 405 967 quam
426 873 497 944 nisi
514 887 655 958 tueare,
681 895 755 942 non
778 875 883 942 modo
906 897 981 942 non
999 896 1058 942 ve·
1110 885 1203 953 sunt,
1220 872 1349 941 clarius
1365 872 1621 963 percipiuntur.
1646 872 1737 943 Nam
1754 876 1792 945 in
1808 871 1904 948 hunc
1920 903 2025 949 usum
2039 884 2104 951 ad·

58 987 165 1045 noste
189 988 253 1045 aut
276 975 480 1069 inquinate,
505 977 567 1045 sed
589 975 802 1067 improprie,
827 976 993 1060 obscure,
1018 999 1058 1044 ac
1109 969 1227 1044 hiberi
1256 969 1432 1044 schemata
1455 973 1588 1045 Fabius
1614 977 1773 1068 scripsit,
1804 1003 1919 1074 neque
1943 1006 2102 1077 uuquam

59 1079 181 1169 inepte
211 1076 355 1152 dixeris.
414 1073 463 1148 Et
488 1078 790 1171 quemadmodum
816 1077 856 1146 in
886 1079 1059 1167 fingendis
1109 1100 1227 1145 veram
1245 1077 1395 1167 speciem
1411 1079 1456 1146 ab
1472 1078 1624 1149 utilitate
1644 1093 1737 1150 recte
1751 1081 1865 1151 dividi
1887 1085 2005 1156 sentit.
2056 1082 2101 1154 ln

64 1178 275 1266 corporibus
292 1204 332 1249 ea
346 1181 490 1250 demum
505 1179 676 1270 elegantia
693 1191 764 1265 est,
788 1179 853 1250 ubi
867 1180 956 1251 iusta
973 1203 1058 1271 pro-
1108 1180 1216 1248 sacris
1232 1179 1351 1263 libris,
1380 1193 1420 1249 ut
1435 1179 1578 1249 interim
1590 1177 1796 1273 prophanus
1812 1184 1986 1265 omittam,
2013 1188 2101 1281 quid

65 1280 229 1375 portione
255 1282 411 1352 membra
433 1281 554 1352 omnia
578 1283 673 1353 inter
697 1306 734 1353 se
756 1283 1001 1368 consentiunt,
1027 1281 1056 1351 si
1109 1305 1238 1374 quaeso
1262 1282 1441 1351 desideras
1466 1278 1727 1352 rhetoricorum
1761 1280 2003 1361 schematum?
2052 1285 2103 1360 At

62 1383 146 1479 quid
161 1404 266 1453 secus
285 1383 414 1468 iacias,
440 1397 676 1456 monstrosum
694 1384 778 1469 erit,
803 1385 853 1455 ita
875 1407 955 1454 cum
979 1407 1057 1473 ger·
1109 1379 1165 1453 his
1180 1383 1310 1473 opinor
1326 1407 1400 1453 non
1419 1383 1518 1453 usuri
1541 1399 1640 1454 erant
1659 1381 1873 1478 Prophetae,
1898 1390 1928 1457 si
1950 1387 2042 1459 nihil
2056 1393 2101 1460 ad

60 1509 205 1554 monam
232 1485 406 1557 orationis
429 1486 579 1577 speciem
601 1510 694 1556 nova
718 1486 976 1578 compositione
994 1489 1057 1555 de·
1107 1510 1183 1554 rem
1198 1486 1311 1555 facere
1330 1485 1557 1557 iudicassent.
1611 1483 1748 1558 Videtis
1760 1513 1830 1582 qua
1845 1491 1983 1561 ratione
1998 1493 2102 1573 vobis

58 1586 288 1671 formaveris,
317 1601 554 1666 monstrosam
575 1589 681 1679 plane
705 1613 745 1658 ac
768 1589 923 1679 ineptam
941 1590 1056 1661 facies.
1109 1587 1332 1681 eloquentiae
1355 1588 1470 1657 studia
1495 1590 1757 1677 commendem,
1791 1593 1889 1684 quod
1906 1617 1973 1663 nec
1995 1618 2102 1684 expo-

57 1687 165 1760 Picns
187 1688 229 1757 in
256 1689 404 1782 epistola
427 1713 497 1783 qua
521 1691 681 1761 barbaris
698 1685 950 1781 Philosophiae
970 1690 1056 1760 scri·
1108 1714 1210 1774 nere,
1244 1715 1334 1783 quae
1354 1690 1520 1760 volumus
1542 1690 1628 1781 ipsi,
1665 1715 1730 1761 nec
1753 1718 1843 1786 quae
1863 1717 1882 1763 a
1906 1695 2101 1766 maioribus

59 1791 228 1885 ptoribus
249 1790 510 1883 patrocinatur,
542 1793 690 1878 ludens,
723 1796 829 1863 credo
862 1793 901 1862 in
932 1785 1056 1888 ἀδόξῳ
1107 1806 1200 1862 recte
1214 1795 1342 1883 scripta
1358 1804 1487 1876 extant,
1513 1792 1709 1882 intelligere
1723 1795 1911 1887 possimus,
1935 1798 2006 1868 nisi
2024 1820 2102 1868 cer·

58 1906 292 1984 argumento,
323 1908 358 1966 et
377 1894 586 1984 elegantiam
610 1919 629 1964 a
653 1909 745 1965 recte
760 1895 902 1967 dicendi
918 1897 1056 1965 ratione
1107 1909 1179 1965 torn
1201 1893 1344 1963 dicendi
1367 1918 1530 1963 normam
1557 1896 1862 1987 perdidicerimus.
1920 1895 2101 1993 Equidem

60 2009 213 2089 separat,
229 1995 441 2086 etexplicari
457 2019 513 2066 res
527 1997 766 2090 qualicunque
781 1997 941 2066 oratione
956 2021 1056 2090 posse
1108 2021 1182 2066 non
1209 1997 1313 2066 video
1339 1998 1518 2089 quomodo
1553 1997 1632 2066 aliis
1665 1992 1852 2071 hominum
1881 2001 1957 2070 vice
1989 2001 2103 2072 futuri

59 2111 190 2169 censet.
243 2095 339 2167 Huic
356 2097 520 2191 equidem
542 2093 635 2168 nihil
656 2122 861 2183 succenseo,
887 2100 950 2193 qui
974 2102 1057 2168 bar·
1107 2101 1195 2182 siut,
1221 2099 1284 2190 qui
1306 2123 1371 2167 nec
1387 2123 1475 2191 quac
1499 2100 1677 2184 sentiunt,
1702 2100 1895 2192 explicare,
1920 2126 1985 2171 nec
2003 2103 2101 2195 quod

62 2200 201 2271 barisan
217 2222 291 2269 non
309 2199 420 2288 magis
433 2224 474 2270 ex
491 2201 602 2269 animi
616 2201 788 2271 sententia
801 2214 934 2285 tuctur,
950 2226 1054 2292 quam
1108 2213 1201 2270 recte
1214 2201 1362 2284 dicitur,
1388 2201 1534 2293 adsequi
1549 2215 1696 2293 queunt.
1747 2202 1868 2291 Quare
1884 2207 2037 2274 utnulla
2056 2205 2103 2276 sit

60 2301 191 2372 febrim
207 2299 408 2371 Favorinus
423 2302 603 2375 laudabat.
645 2301 723 2373 Hoc
738 2303 861 2383 miror,
887 2325 961 2373 esse
975 2303 1057 2396 qui·
1108 2303 1330 2395 eloquentiae
1352 2301 1524 2390 dignitas,
1557 2304 1655 2371 nulla
1680 2305 1811 2393 gratia,
1843 2319 1963 2375 tamen
1984 2331 2023 2376 ea
2047 2306 2102 2377 vis

60 2407 126 2475 bus
141 2416 219 2475 tam
233 2403 383 2473 frivolae
397 2404 553 2494 argutiae
568 2404 660 2475 serio
681 2405 936 2495 persuaserint,
962 2401 1056 2475 nihil
1109 2418 1177 2487 est,
1203 2416 1338 2473 utnon
1362 2403 1455 2493 igni,
1480 2428 1555 2473 non
1575 2428 1674 2488 aere,
1701 2418 1742 2475 ut
1763 2406 1882 2491 aiunt,
1909 2432 1985 2478 non
2007 2432 2100 2501 aqua

61 2508 212 2590 referre,
235 2507 417 2598 quomodo
431 2507 633 2600 loquamur.
686 2504 746 2577 An
760 2531 844 2575 vero
863 2520 955 2578 recte
977 2532 1056 2577 cor·
1108 2506 1271 2598 pluribus
1290 2505 1330 2573 in
1351 2505 1440 2575 locis
1462 2519 1616 2578 utamur.
1677 2505 1870 2594 Quomodo
1893 2511 1988 2579 enim
2013 2534 2101 2580 con-

61 2632 125 2702 pus
142 2607 347 2679 imitabitur
368 2607 501 2699 pictor,
526 2609 556 2677 si
577 2608 677 2678 nulla
692 2610 831 2679 ratione
848 2610 1054 2701 penicillum
1107 2609 1234 2678 sistant
1255 2631 1312 2676 res
1334 2603 1529 2689 humanae,
1563 2608 1594 2676 si
1618 2609 1734 2699 legum
1757 2633 1936 2682 sacrarum
1958 2627 1993 2683 et
2018 2636 2101 2702 pro·

61 2722 178 2801 regat,
205 2709 235 2780 si
251 2724 383 2779 temere
394 2710 529 2782 feratur
542 2735 686 2792 manus,
712 2735 777 2780 nec
791 2715 968 2782 ducantur
981 2726 1055 2781 arte
1107 2706 1305 2802 phanarum
1329 2710 1565 2800 patrocinium
1587 2711 1791 2804 eloquentia
1809 2715 1966 2799 deserat,
1991 2712 2020 2783 si
2037 2738 2102 2785 nec

63 2811 202 2883 lineae?
227 2808 286 2880 Ad
300 2834 380 2881 eum
396 2815 542 2883 modurn
557 2837 623 2883 nec
640 2813 751 2882 animi
771 2814 825 2884 tui
843 2814 1055 2883 sententiam
1108 2811 1279 2904 publicis,
1304 2835 1370 2881 nec
1385 2812 1532 2904 privatis
1547 2813 1704 2883 consiliis
1718 2815 1832 2884 oratio
1845 2839 1934 2909 quae
1947 2815 2102 2906 intelligi

63 2917 140 2985 aliis
156 2915 208 2985 ob
224 2914 348 2984 oculos
370 2915 549 3004 posueris,
574 2915 613 2983 ni
631 2915 785 3008 propriis
802 2929 837 2985 et
857 2916 1056 2986 illustribus
1107 2914 1234 3005 possit,
1258 2908 1488 2999 adhibeatur,
1521 2914 1551 2984 si
1572 2938 1628 2985 ces
1653 2929 1767 3006 gestae
1790 2917 1898 2986 nullis
1918 2916 2032 2989 literis
2055 2920 2100 2987 ad

67 3017 182 3091 verbis
197 3029 279 3107 apta
299 3039 428 3086 vocum
446 3019 721 3107 compositione,
747 3018 840 3089 iusto
863 3019 1055 3089 sententia·
1109 3029 1267 3110 posteros
1281 3016 1471 3086 transmitti
1488 3017 1644 3109 queant?
1665 3015 1815 3111 Ecquod
1830 3019 2016 3110 vestigium
2032 3014 2101 3090 hu-

63 3142 141 3189 rum
160 3118 293 3189 ordine
312 3129 424 3192 utare.
484 3117 577 3188 Nam
600 3120 749 3212 perinde
779 3135 884 3213 atque
908 3144 1055 3212 corpora
1108 3119 1288 3189 inanitatis
1303 3119 1341 3187 in
1353 3119 1416 3189 tali
1427 3117 1622 3209 Republica
1639 3120 1816 3213 reliquum
1831 3120 1963 3192 suerit?
1987 3120 2100 3192 Porro

62 3221 263 3306 coloribus,
294 3218 408 3289 animi
428 3219 638 3291 sententiam
666 3223 828 3292 oratione
853 3246 1055 3315 repraesen-
1108 3222 1153 3291 ab
1177 3216 1243 3291 hac
1259 3220 1472 3314 quantulum
1488 3221 1642 3301 distabat
1665 3235 1760 3292 aetas
1779 3222 1965 3313 superior?
1990 3248 2102 3317 quum

62 3338 192 3397 tamus.
229 3318 350 3410 Quare
364 3345 503 3392 necesse
519 3337 571 3392 est
585 3325 737 3394 dicendo
754 3338 882 3394 certam
901 3325 1054 3416 aliquam
1108 3347 1287 3393 sacrorum
1304 3324 1478 3394 librorum
1493 3347 1691 3392 sermonem
1709 3313 1819 3414 prope
1834 3348 1940 3393 nemo
1958 3324 2027 3393 iam
2044 3325 2102 3392 in-

63 3425 257 3516 imaginem
285 3437 361 3494 arte
387 3425 544 3516 concipi,
577 3450 668 3519 qnae
691 3426 867 3495 discernat
898 3426 991 3495 inter
1021 3448 1057 3492 se
1109 3424 1301 3515 telligeret,
1328 3423 1557 3517 quotidieque
1574 3423 1763 3493 stultorum
1779 3419 2026 3516 sophistarum
2043 3449 2102 3494 ar-

62 3545 234 3620 tanuam
257 3525 377 3597 vultus
400 3527 664 3599 sententiarum.
717 3528 913 3617 Flagitium
932 3541 1002 3610 est,
1027 3526 1055 3594 si
1108 3527 1216 3595 bitrio
1239 3526 1474 3614 fingerentur,
1509 3548 1548 3593 ac
1571 3525 1828 3613 refingerentur
1849 3546 1966 3596 sacrae
1996 3527 2101 3617 leges.

65 3629 145 3725 quis
170 3628 251 3697 viae
283 3625 408 3717 ignaro
433 3629 574 3699 deviam
605 3629 763 3699 semitam
794 3642 981 3701 monstret:
1022 3642 1059 3698 at
1109 3627 1180 3701 Res
1201 3641 1316 3717 gestae
1333 3627 1478 3696 illorum
1496 3638 1696 3718 temporum
1718 3627 1871 3701 aeternis
1885 3629 2032 3698 obrutae
2049 3642 2102 3699 te-

67 3734 129 3825 qui
151 3743 245 3800 recte
272 3730 413 3799 dicendi
439 3754 522 3800 cura
551 3747 694 3815 vacant,
726 3733 864 3825 quoties
891 3733 1056 3802 lectorem
1109 3730 1229 3801 nebris
1252 3730 1384 3815 iacent,
1410 3751 1515 3796 nemo
1533 3729 1629 3797 enim
1648 3741 1740 3814 erat,
1769 3731 1830 3822 qui
1849 3731 1899 3799 eis
1917 3730 2100 3801 literarum

66 3832 159 3904 avia
175 3831 385 3902 abducunt?
416 3833 555 3926 quoties
576 3835 685 3904 unius
705 3837 805 3904 verbi
827 3836 940 3904 abusu
964 3833 1058 3903 ludi·
1110 3835 1231 3903 lumen
1248 3828 1416 3901 adhibere
1433 3844 1559 3920 posset.
1592 3830 1809 3923 Disciplinae
1823 3830 2102 3902 omnesdicendi

65 3933 242 4009 ficantur?
281 3932 364 4004 Non
391 3936 500 4004 semel
530 3936 730 4027 imposuere
752 3936 791 4005 in
814 3930 1058 4026 Philosophia,
1110 3958 1237 4026 genere
1254 3935 1302 4003 sic
1317 3935 1523 4003 obscuratae
1537 3947 1631 4016 sunt,
1653 3946 1693 4003 ut
1708 3957 1752 4001 ne
1767 3929 1939 4004 Doctores
1955 3932 2100 4027 quidem

65 4041 102 4108 in
127 4039 240 4109 sacris
264 4036 377 4108 literis
404 4037 603 4108 soloecismi
634 4040 764 4109 nostris
794 4037 1056 4129 interpretibus.
1111 4037 1193 4129 ipsi,
1218 4038 1304 4128 quid
1320 4036 1570 4127 profiterentur
1584 4034 1668 4103 satis
1684 4048 1903 4126 compertum
1918 4030 2100 4106 haberent

66 4139 158 4230 Quis
174 4139 270 4209 enim
289 4138 449 4208 omnium
465 4137 568 4209 Pauli
585 4141 794 4211 sententiam
812 4141 852 4209 in
863 4135 1059 4211 Corinthiis
1110 4139 1407 4228 Digladiabantur
1420 4138 1515 4206 inter
1529 4159 1566 4205 se
1580 4137 1624 4205 de
1644 4136 1766 4225 liguris
1785 4136 1960 4207 sermonis
1973 4132 2101 4207 Philo-

66 4244 254 4312 adsecutus
270 4253 332 4324 est,
357 4241 420 4311 ubi
431 4237 542 4310 Grilli
557 4242 616 4312 isti
629 4243 820 4332 elegantiae
839 4253 1059 4333 contempto·
1110 4237 1234 4332 sophi,
1259 4256 1428 4333 tanquam
1446 4239 1485 4308 in
1503 4238 1657 4308 tenebris
1671 4235 1896 4324 Andabatae,
1921 4262 1987 4308 nec
2003 4238 2102 4333 quis·

66 4368 139 4430 res,
165 4355 366 4414 verteruutt
397 4339 452 4412 Ex
475 4344 597 4418 multis
618 4346 786 4415 facierum
812 4345 972 4436 personis
994 4356 1059 4415 etc.
1112 4366 1249 4436 quama
1266 4342 1466 4411 domesticis
1481 4340 1557 4410 suis
1568 4340 1674 4432 plane
1688 4340 1962 4430 intelligebatur.
1992 4338 2102 4411 Recte

68 4445 171 4537 Quas
194 4441 436 4541 Augustinum
461 4458 650 4536 tempestas
681 4449 812 4532 aulert,
845 4472 916 4541 quo
942 4446 1060 4515 minus
1112 4447 1174 4515 ille
1195 4438 1405 4540 ἀνάχαρσιν
1423 4439 1513 4536 παρ’
1538 4436 1737 4537 ἇθηναίοις
1760 4436 1979 4525 uoluminis,
2003 4436 2102 4534 ἀθη-

69 4548 290 4641 propositum
309 4559 437 4630 teneat,
463 4547 501 4617 in
516 4551 714 4619 enarrando
730 4574 771 4619 eo
788 4551 882 4643 quod
901 4564 951 4619 est
966 4549 1058 4637 apud
1111 4541 1241 4627 ναίους
1250 4541 1290 4618 di
1305 4540 1406 4639 παρὰ
1422 4539 1592 4624 deciduae.
1617 4541 1665 4613 At
1681 4543 1739 4613 isti
1753 4544 1849 4614 domi
1865 4566 1948 4612 suae
1962 4536 2100 4613 ἐσολοί-

70 4648 243 4722 loannem
257 4644 328 4743 τὴν
342 4645 464 4743 ἀρχὴν
479 4647 499 4721 ii
514 4645 578 4723 καὶ
594 4655 694 4723 λαλῶ
708 4646 827 4744 cipis?
859 4649 937 4720 Hoc
952 4671 1061 4739 genus
1112 4644 1235 4736 κιζον,
1268 4672 1439 4741 suamque
1468 4646 1599 4737 singuli
1624 4646 1799 4715 dialecton
1824 4644 1911 4713 mira
1942 4645 2104 4715 libertate

70 4768 191 4824 extant
216 4751 404 4821 innumera
436 4753 585 4842 passim,
617 4755 682 4823 ubi
706 4754 933 4823 mediocriter
956 4753 1060 4821 etiam
1113 4751 1482 4822 comminiscebantur.
1517 4747 1615 4818 luces
1631 4747 1682 4818 eis
1697 4746 1871 4838 voluptati
1885 4746 2005 4828 luisse,
2027 4769 2104 4815 non

71 4855 231 4926 eruditos
245 4853 457 4924 barbarismi
472 4855 682 4926 fefellerunt.
729 4856 829 4925 Adeo
845 4880 919 4924 non
937 4853 1062 4948 quovis
1114 4855 1216 4923 aliter
1233 4866 1337 4945 atque
1353 4850 1535 4921 Heraclito
1560 4851 1633 4934 illi,
1659 4849 1803 4919 caeteris
1817 4849 2027 4918 mortalibus
2051 4861 2106 4919 te-

71 4956 245 5031 orationis
261 4979 390 5046 genere
407 4957 532 5027 lectori
546 4958 772 5043 satisfeceris,
796 4960 854 5027 sed
882 4980 965 5027 cura
989 4969 1063 5025 stu·
1115 4958 1243 5024 nebras
1258 4954 1456 5026 offundere.
1491 4951 1565 5022 lam
1583 4977 1661 5023 cum
1679 4950 1826 5019 minime
1842 4951 2031 5020 obscurum
2046 4948 2106 5033 sit,

74 5062 204 5154 alioque
220 5060 380 5150 paranda
392 5059 539 5130 facultas
552 5074 619 5144 est,
646 5085 713 5154 qua
729 5061 842 5128 animi
857 5060 910 5130 tui
922 5072 1065 5129 senten·
1115 5057 1239 5150 quanti
1267 5057 1374 5125 nobis
1401 5055 1623 5148 eloquentiae
1647 5065 1870 5143 contemptus
1897 5050 2107 5135 constiterit,

74 5162 157 5234 tiam
191 5161 377 5254 perspicue
410 5162 563 5231 aliorum
596 5162 710 5233 oculis
742 5163 915 5233 subiicere
942 5161 1066 5253 possis,
1116 5184 1180 5229 cur
1202 5159 1400 5228 barbariem
1417 5181 1490 5226 non
1511 5156 1761 5227 abominamur
1784 5166 1952 5247 tanquam
1975 5172 2108 5221 nocen-

75 5265 264 5358 omniaque
287 5266 472 5334 commode
495 5288 585 5360 quae
613 5289 670 5335 res
696 5266 825 5356 poscit,
858 5264 993 5356 eloqui:
1028 5262 1063 5330 id
1116 5261 1285 5332 tissimam
1302 5259 1457 5351 pestem?
1479 5246 2108 5345 curnonmagnoconsensuescbo·

78 5380 124 5437 est
149 5368 246 5437 enim
268 5366 447 5454 eleganter
471 5368 599 5437 dicere.
648 5364 748 5456 Quin
773 5368 881 5458 igitur
907 5362 1067 5434 hellebo-
1117 5364 1162 5432 lis
1179 5361 1413 5432 exibilamus?
1436 5385 1499 5431 cur
1514 5361 1581 5451 ipsi
1599 5358 1703 5428 nobis
1718 5357 1892 5447 tantisper
1908 5355 2110 5424 invidemus

79 5491 153 5539 rum
170 5467 402 5563 propinamus
423 5468 486 5555 iis,
511 5471 575 5563 qui
589 5479 808 5540 venustatem
826 5469 999 5539 orationis
1014 5466 1068 5537 ia·
1119 5466 1379 5559 eloquentiam,
1406 5487 1475 5555 qna
1500 5459 1593 5533 nihil
1615 5461 1761 5545 melius,
1784 5455 1876 5528 nihil
1897 5456 2050 5549 amplius
2070 5453 2112 5524 in

1419 5558 1478 5634 4*
