4664 6022
60 142 132 217 ur
528 134 693 215 naun
738 134 821 213 nu
854 110 1610 263 nr1n1raruraauuanu1u
2025 152 2098 227 us

53 311 300 387 imbesillibus
327 310 445 393 nasci,
479 334 628 406 eamque
650 312 788 403 legem,
820 313 970 405 opinor,
1001 312 1051 382 ita
1100 313 1287 382 sinuanda.
1338 308 2011 410 Excogitarnutitaqueprnde'ntissimi
2026 321 2094 397 bo-

52 416 173 491 sanxit
198 429 348 501 natura,
380 425 421 485 ut
439 416 645 486 educandae
667 417 891 509 tuendaeque
917 414 1052 486 sobolis
1099 414 1396 502 mincslabellas,
1419 438 1509 509 quae
1526 416 1682 506 primum
1704 420 1939 497 admiratione
1962 430 2092 500 excita-

52 544 177 595 cnram
197 519 238 589 in
261 518 470 610 parentibus
490 531 645 609 augeret.
695 513 751 588 Os
772 519 928 611 primum
954 519 1052 586 iner-
1100 532 1192 603 rent,
1206 542 1271 589 ceu
1280 534 1466 590 veternum
1481 522 1658 612 quendam
1669 523 1884 598 dormientes
1898 553 2092 620 puerorum

52 648 109 697 rue
125 637 163 695 et
177 622 387 693 edentulum
402 634 472 706 est,
494 643 573 692 sero
596 621 791 692 admodum
808 621 949 712 lingua,
975 643 1052 691 ma-
1100 620 1253 691 animos.
1303 619 1402 711 Quid
1419 622 1515 690 enim
1531 623 1643 712 magis
1663 648 1797 695 novum
1815 631 1922 702 nobis
1937 633 2092 720 videtur,

50 751 142 813 nus,
167 727 279 818 pedes
292 724 449 796 officium
466 748 569 795 suum
587 724 701 794 lacere
723 723 914 814 incipiunt.
965 720 1049 793 Est·
1101 748 1208 819 quam
1232 724 1358 815 lupum
1380 749 1460 793 cum
1493 748 1603 817 equo,
1629 727 1770 797 leonem
1794 755 1875 801 cum
1892 736 2092 826 vulpecula,

52 841 234 926 quetanta
248 828 287 899 in
303 825 1050 920 tenerocorpusculoimbecillitasomnium
1100 850 1270 918 quercum
1289 851 1369 896 cum
1387 827 1570 898 cucurbita
1591 823 1779 900 hominum
1794 859 1893 905 more
1909 840 2092 933 colloqui?

52 933 325 1014 membrorum,
356 943 400 1001 nt
424 929 464 999 ni
487 931 622 1019 vagiret
645 929 783 1013 iulans,
815 930 936 999 vivere
959 952 1050 1020 pene
1101 926 1220 1000 Taciti
1234 930 1328 1021 apud
1346 953 1412 999 nos
1431 932 1622 1016 miramur,
1646 932 1866 1025 quiremus,
1894 941 1955 1034 qni
1974 965 2089 1013 sermo

56 1036 267 1109 nesciretur.
292 1029 341 1105 Et
355 1028 440 1105 huic
456 1032 614 1125 eorporis
629 1033 736 1101 modo
753 1032 925 1122 singulari
941 1033 1050 1101 bene-
1100 1032 1294 1102 bestiarum
1319 1033 1441 1103 fuerit:
1478 1034 1641 1127 paritque
1665 1030 1750 1105 haec
1773 1041 1963 1113 admiratio
1985 1046 2091 1115 volu-

61 1138 135 1209 fido
147 1150 282 1209 natura
298 1135 569 1207 convenientem
594 1134 803 1205 alimoniam
826 1135 865 1204 in
880 1135 1050 1205 maternis
1100 1148 1231 1228 ptatem
1256 1138 1436 1228 quandam
1462 1136 1610 1228 propius
1635 1144 1897 1228 cognoscendae
1922 1146 1973 1215 rei
1981 1196 1993 1230 ,
2033 1146 2092 1217 iu-

56 1241 233 1315 uberibus
261 1238 445 1323 condidit,
476 1239 574 1332 quod
602 1236 834 1308 solidioribus
860 1239 949 1308 cibis
975 1261 1049 1306 non
1102 1251 1229 1330 vatque
1257 1240 1409 1317 discere,
1448 1263 1554 1332 quam
1589 1240 1636 1308 ob
1663 1265 1802 1311 causam
1832 1240 1920 1315 haec
1942 1248 2091 1318 conficta

55 1342 181 1417 statim
205 1365 246 1413 os
268 1341 412 1412 firmum
431 1341 488 1413 sit.
544 1340 666 1433 ltaque
690 1354 853 1411 materno
878 1340 968 1410 lacte
992 1339 1049 1409 in·
1101 1339 1187 1411 siut.
1241 1339 1295 1409 lbi
1312 1341 1481 1430 paulatim
1496 1341 1637 1411 animus
1655 1345 1842 1432 excitatus,
1867 1349 1972 1439 erigit
1997 1375 2035 1421 se
2051 1350 2090 1419 in

52 1448 137 1519 fana
152 1445 331 1536 tantisper
348 1443 475 1529 alitur,
509 1457 586 1514 tum
611 1442 781 1513 viticulae
803 1443 977 1514 firmiores
997 1445 1051 1512 fa·
1101 1443 1438 1535 contemplationem
1467 1468 1587 1514 rerum
1623 1440 1881 1535 humanarum,
1912 1467 1948 1523 et
1978 1475 2091 1541 agno.

53 1562 153 1635 ctae,
179 1548 388 1619 solidiorem
404 1546 523 1616 cibum
539 1546 745 1630 admittant,
770 1560 924 1640 suntque
948 1559 1050 1615 auto·
1101 1569 1197 1614 scere
1235 1545 1410 1616 virtutum
1444 1548 1683 1642 vitiorumque
1716 1551 1921 1622 discrimina
1951 1553 2090 1647 incipit.

53 1676 113 1725 res
124 1650 277 1731 medici,
302 1649 363 1742 qui
388 1648 528 1738 integro
546 1648 693 1719 biennio
708 1647 785 1718 solo
800 1648 890 1718 lacte
903 1649 1050 1717 alendos
1101 1646 1241 1718 Deinde
1257 1649 1363 1718 altius
1382 1649 1556 1731 insidunt,
1582 1674 1663 1719 cum
1676 1655 1784 1722 verba
1803 1667 1878 1724 tum
1895 1657 2089 1728 sententiae

54 1765 225 1839 censam,
250 1751 423 1844 paulatim
438 1765 556 1843 postea
573 1751 723 1821 solidior
739 1751 839 1821 cibus
854 1753 970 1835 datur,
985 1774 1051 1819 nec
1102 1775 1225 1821 eornm
1242 1766 1548 1840 argumentorum,
1574 1776 1757 1845 quaecum
1773 1758 2011 1828 admiratione
2027 1784 2090 1829 ex-

55 1856 122 1931 ille
135 1869 259 1928 tamen
281 1853 510 1948 aliquandiu,
533 1853 603 1923 nisi
627 1875 866 1945 praemensus.
921 1851 1051 1923 lamet
1102 1855 1279 1944 cepimus,
1313 1867 1347 1923 et
1370 1857 1468 1925 velut
1490 1855 1631 1925 aculeos
1651 1858 1862 1952 relinquunt
1883 1861 1922 1928 in
1949 1862 2088 1947 animis,

55 1960 229 2033 alumnae
252 1981 362 2027 manu
384 1957 531 2026 infantis
555 1980 616 2026 ore
631 1956 817 2039 interitur,
842 1957 1051 2049 priusquam
1102 1957 1232 2049 quibus
1253 1957 1480 2026 accendimur
1509 1981 1592 2027 cura
1617 1962 1769 2051 quadam
1799 1963 2089 2054 pervestiganda-

56 2059 171 2137 buiur
199 2080 328 2131 manus
361 2059 478 2129 officio
511 2082 576 2128 suo
602 2058 703 2149 fungi
732 2070 857 2149 potest.
909 2054 1052 2129 Omitto
1101 2082 1182 2128 rnrn
1199 2081 1319 2127 earum
1342 2082 1479 2139 renim,
1506 2084 1597 2151 quae
1618 2085 1713 2131 novo
1735 2079 1935 2136 commento
1959 2066 2089 2136 tradita

57 2177 196 2261 quauta
212 2161 408 2245 industria,
434 2175 635 2255 quantaque
653 2185 736 2230 cura
750 2160 916 2230 collocari
935 2162 973 2228 in
989 2184 1052 2229 cu-
1103 2174 1197 2232 sunt.
1259 2158 1338 2228 Hoc
1370 2162 1500 2250 opinor
1528 2164 1694 2248 consilio,
1732 2164 1889 2253 primum
1924 2169 2088 2239 confictas

57 2282 126 2341 nat
145 2266 188 2337 in
208 2264 415 2358 crepundiis
435 2263 563 2354 gestari
585 2264 714 2348 soleat,
739 2277 780 2334 ut
801 2261 971 2334 membris
986 2256 1053 2330 ha·
1102 2263 1255 2347 fabulas,
1287 2265 1383 2356 quod
1405 2263 1506 2333 nulla
1527 2265 1671 2333 dicendi
1694 2268 1832 2336 ratione
1858 2270 2001 2340 excitari
2028 2291 2094 2347 su-,

57 2371 157 2445 bitus
177 2391 281 2454 suus,
306 2367 602 2459 lineamentisque
621 2368 728 2436 decor
745 2366 875 2459 aliquis
898 2379 1052 2457 paretur.
1102 2364 1207 2457 pinae
1231 2389 1425 2457 puerorum
1444 2380 1580 2436 mentes
1613 2367 1717 2437 citius
1737 2391 1839 2460 posse
1867 2372 2087 2444 viderentur.

60 2470 181 2569 Atque
203 2465 273 2543 hac
297 2469 457 2560 corporis
480 2469 705 2552 conditione,
734 2468 841 2538 fallor
866 2492 948 2559 ego,
978 2466 1049 2535 nisi
1103 2465 1268 2538 Fortasse
1300 2463 1368 2536 hoc
1392 2469 1498 2537 etiam
1522 2471 1673 2559 agebant
1699 2471 1902 2541 fabularum
1935 2488 2090 2559 autores,

58 2589 189 2650 natura
203 2574 304 2644 velut
326 2572 526 2665 spectaculo
547 2575 702 2665 quodam
719 2571 921 2641 animorum
939 2571 1052 2639 imbe-
1102 2585 1142 2641 ut
1155 2570 1314 2639 amoenis
1335 2573 1550 2659 argumentis
1573 2573 1714 2661 ingenia
1730 2597 1924 2664 puerorum
1948 2578 2090 2647 mitiora

59 2678 248 2753 er‘llitatem
278 2674 524 2759 adumbravit,
562 2674 774 2766 monuitque
802 2687 935 2767 quanta
967 2696 1052 2742 cura
1102 2675 1302 2746 redderent.
1344 2672 1439 2743 lnest
1462 2675 1557 2743 euim
1579 2675 1619 2742 iu
1642 2699 1680 2743 ea
1695 2689 1825 2760 aetate,
1854 2677 1945 2748 sicut
1969 2680 2006 2748 in
2033 2701 2090 2747 re-

61 2778 228 2866 excitari,
256 2776 396 2849 institui
418 2800 458 2846 ac
474 2777 606 2848 erudiri
623 2777 730 2846 rudes
744 2800 936 2867 puerorum
950 2776 1052 2844 men:
1102 2774 1266 2847 centibus
1304 2776 1438 2865 pomis,
1484 2779 1651 2846 acerbum
1687 2779 1857 2869 quiddam
1897 2794 1932 2850 et
1964 2782 2090 2862 lerum,

64 2898 114 2957 tea
135 2882 242 2955 velit.
302 2877 369 2953 Est
395 2879 493 2949 enim
515 2902 578 2950 sua
600 2874 659 2949 his
678 2878 844 2950 infantia:
891 2879 1052 2948 videmus
1103 2878 1290 2974 quodnisi
1315 2872 1527 2949 humaniore
1552 2879 1781 2951 'institutione
1806 2883 2023 2973 corrigatur,
2050 2884 2089 2952 iu

60 3010 170 3083 marn
201 3007 284 3055 sero
316 2995 489 3072 agnorant
515 2981 727 3053 domesticos
758 2981 883 3061 etiam,
920 3003 1052 3073 speque
1101 2981 1303 3051 barbariem
1325 2982 1505 3074 quandam
1529 2995 1564 3050 et
1586 2983 1768 3053 beluinam
1792 2987 1973 3056 saevitiam
2002 2986 2091 3056 abit.

59 3102 232 3183 metuque
257 3101 402 3167 vacant,
436 3085 537 3155 nullo
571 3108 691 3154 rerum
720 3084 920 3154 absentium
947 3105 1053 3152 sensu
1101 3083 1277 3152 Videmus
1292 3083 1387 3152 enim
1402 3079 1469 3153 hoc
1486 3085 1637 3153 docendi
1653 3108 1781 3173 genere
1797 3109 1878 3156 usos
1893 3111 2092 3183 essequon-

61 3204 275 3281 tanguntur.
339 3187 498 3259 Proinde
518 3188 694 3278 sapientes
716 3187 785 3254 viri
808 3198 957 3255 naturae
977 3185 1051 3252 vim
1102 3188 1184 3255 dam
1201 3185 1427 3274 gravissimos
1442 3200 1477 3256 et
1491 3187 1769 3276 sapientissimos
1782 3182 1964 3268 homines,
1992 3191 2090 3281 quod

66 3291 217 3387 propius
238 3291 488 3382 contemplati,
521 3284 616 3358 haud
644 3289 809 3380 equidem
835 3289 912 3357 sine
933 3298 1053 3355 mente
1102 3312 1200 3355 ntrnc
1221 3299 1355 3378 quanto
1374 3288 1469 3355 malo
1494 3288 1638 3376 publico
1659 3311 1678 3354 e
1700 3282 1831 3357 scholis
1856 3292 1990 3375 exsulet,
2015 3314 2090 3359 uun

64 3419 166 3482 reor,
197 3394 276 3467 sine
299 3394 448 3464 numine
471 3391 612 3475 divum,
642 3391 812 3461 viderunt
834 3388 962 3460 animis
988 3411 1053 3457 suo
1105 3389 1206 3458 facile
1230 3388 1394 3461 dixerim.
1444 3386 1593 3457 Homeri
1611 3388 1741 3459 Poetae
1763 3391 1989 3480 prudentiam
2011 3406 2093 3462 tan-

63 3498 224 3595 quodam
237 3497 328 3567 lactc
343 3519 433 3588 opus
448 3519 531 3567 esse.
583 3492 725 3582 Quaeso
748 3507 800 3578 te,
825 3515 947 3562 nonne
965 3491 1055 3560 ridi-
1105 3506 1227 3583 topere
1258 3491 1436 3561 mirantur
1468 3491 1618 3577 eruditi,
1656 3506 1698 3563 ut
1729 3516 1834 3585 supra
1869 3519 2093 3564 communem

64 3603 167 3674 culus
184 3600 312 3685 luerit,
336 3600 365 3668 si
384 3600 465 3691 quis
488 3598 660 3666 infantem
681 3596 890 3665 anniculum
908 3619 972 3686 per
992 3618 1055 3664 ur·
1106 3594 1310 3665 mortalium
1326 3609 1457 3664 sortem
1473 3589 1617 3680 vehant,
1642 3596 1820 3688 planeque
1835 3599 2010 3682 sentiant,
2037 3599 2094 3666 di-

64 3706 128 3775 bes
158 3702 299 3797 aliquot
328 3700 553 3771 circumferat
585 3698 866 3792 praecipiatque,
906 3712 947 3768 ut
974 3697 1055 3766 illa·
1105 3700 1189 3767 vina
1218 3696 1370 3790 quadam
1404 3698 1441 3766 vi
1473 3710 1626 3767 mentem
1658 3699 1755 3767 illius
1774 3684 1944 3790 percitam
1971 3701 2091 3770 luisse.

66 3805 281 3885 tumuitus,
315 3804 399 3874 item
426 3798 607 3894 hospitum
627 3802 774 3870 nomina
804 3814 965 3872 accurate
989 3799 1055 3868 ob-
1105 3798 1155 3872 At
1180 3801 1209 3868 is
1232 3799 1368 3890 pueris,
1402 3822 1491 3892 quos
1521 3799 1561 3867 in
1583 3797 1733 3869 Graecia
1768 3801 1897 3892 passim
1932 3803 2092 3889 docebat,

67 3906 508 3999 servet,memineritque,
526 3906 725 3975 utdomum
742 3904 899 3988 rediens,
925 3925 1055 3995 aequa-
1106 3901 1239 3973 bellum
1258 3926 1425 3973 ranarum
1440 3902 1643 3971 etmurium
1667 3902 1826 3994 scripsit,
1850 3918 1890 3974 ut
1912 3904 2020 3974 simul
2042 3919 2094 3975 te-

70 4013 164 4084 libus
187 4010 362 4091 recenseri
387 4007 521 4100 possit?
571 4006 628 4078 Ad
651 4032 732 4076 eum
766 4009 872 4075 modo
905 4004 1057 4094 ineptire
1107 4028 1212 4074 ueros
1227 4004 1365 4073 animos
1381 4005 1596 4096 lepidissima
1619 4005 1739 4074 fabula
1755 4007 1961 4090 delectaret,
1986 4007 2095 4076 simul

71 4114 209 4198 iudico,
233 4112 297 4206 qui
321 4113 404 4183 talia
429 4109 550 4203 pueris
570 4121 798 4201 proponunt,
822 4133 912 4200 quae
935 4119 1057 4197 captus
1107 4110 1248 4177 doceret
1263 4119 1434 4199 quantum
1451 4107 1988 4201 praestaretdissimularequam
2005 4110 2097 4178 ulci-

73 4216 217 4288 illorum
235 4213 621 4304 nondumassequitur.
664 4208 730 4283 Est
743 4212 892 4280 omnino
910 4209 1058 4278 veritate
1108 4211 1158 4279 sci
1181 4209 1368 4294 iniuriam,
1394 4234 1501 4303 quam
1516 4210 1588 4280 siut
1612 4210 1739 4280 incerti
1761 4214 1945 4282 turbarum
1962 4235 2001 4278 ac
2021 4211 2096 4278 bel-

73 4313 164 4390 nihil
188 4318 392 4401 venustius,
424 4310 517 4384 uihil
540 4315 745 4398 amabilius,
779 4315 840 4383 sed
869 4312 1057 4402 longiusa
1109 4314 1226 4383 lorum
1250 4311 1412 4381 omnium
1437 4312 1567 4397 exitus,
1593 4337 1658 4381 nec
1680 4338 1761 4382 raro
1780 4315 1956 4394 accidere,
1983 4324 2024 4380 ut
2049 4312 2095 4380 ab

75 4434 265 4515 conspeetu
287 4433 323 4490 et
342 4421 388 4490 ab
410 4418 521 4487 oculis
542 4412 730 4486 hominum
753 4417 915 4500 recessit,
949 4437 1056 4507 quam
1110 4415 1341 4484 inferioribus
1366 4415 1582 4504 potentiores
1606 4417 1814 4499 vincantur,
1840 4437 1941 4504 saepe
1963 4413 2094 4481 malum

75 4540 110 4598 ut
142 4524 244 4596 cerni
288 4534 420 4592 temere
459 4519 673 4612 agnoscique
712 4520 833 4611 possit.
895 4518 1058 4609 Suntque
1110 4542 1215 4588 omne
1232 4518 1270 4584 in
1286 4517 1419 4586 autoris
1433 4531 1538 4607 caput
1553 4541 1708 4607 vergere.
1761 4516 1955 4586 Nemeum
1977 4539 2097 4584 mures

76 4628 228 4719 pueriles
248 4625 359 4694 anirni
385 4624 428 4693 ad
456 4646 531 4690 eanr
547 4636 714 4714 tanquam
726 4647 790 4713 per
804 4623 934 4710 gradus
951 4642 1060 4712 quos-
1111 4619 1287 4689 nonnulla
1307 4642 1391 4687 sane
1405 4618 1536 4688 iniuria
1553 4621 1751 4711 provocati,
1777 4616 1885 4686 armis
1902 4617 1998 4685 illam
2016 4619 2097 4687 vin-

77 4731 154 4803 dam
185 4727 343 4798 ducendi
376 4725 625 4817 invitandique
650 4725 758 4793 variis
791 4723 987 4806 illecebris,
1020 4735 1060 4791 ut
1112 4722 1229 4793 dicare
1246 4745 1351 4814 quam
1371 4722 1594 4791 dissimulare
1608 4723 1769 4803 mallent,
1786 4719 2008 4812 nimiumque
2026 4720 2099 4790 suis

78 4833 229 4905 subinde
256 4829 404 4923 propius
434 4827 665 4897 considerare
687 4826 790 4897 liceat
814 4850 889 4897 rem
916 4824 1059 4919 quidem
1113 4825 1249 4894 viribus
1263 4827 1432 4894 adversus
1447 4824 1608 4893 imbelles
1621 4847 1725 4893 ranas
1737 4823 1903 4904 fiderent,
1919 4824 2101 4894 donarunt

79 4937 238 5005 omniauu
259 4927 558 5024 pulcherrimam,
583 4931 644 4998 sed
667 4924 737 4998 heu
760 4929 914 4999 nimium
932 4928 1061 4998 obscu-
1114 4926 1234 5017 superi
1256 4926 1439 4996 victoriam
1461 4926 1740 5008 imbellioribus,
1772 4939 1807 4995 et
1840 4925 1924 4993 belli
1959 4940 2100 4994 autores

79 5058 151 5109 tarn
172 5036 404 5128 ignotamque
425 5033 645 5102 mortalibus.
700 5028 750 5101 Et
778 5032 927 5123 perinde
957 5041 1064 5122 atque
1115 5030 1328 5123 pertinaciae
1369 5052 1452 5097 suae
1492 5028 1701 5099 iustissimas
1741 5050 1872 5121 poenas
1912 5029 2098 5099 dederunt.

80 5139 139 5234 qui
153 5162 193 5209 ae
208 5137 407 5209 infantibus
422 5135 535 5204 amari
550 5135 697 5217 volunt,
721 5129 868 5205 sacharo
886 5148 947 5204 aut
961 5132 1064 5201 simi-
1115 5131 1256 5220 Quaeso
1278 5130 1365 5225 qnid
1395 5153 1506 5223 aeque
1525 5130 1647 5200 retulit
1668 5131 1865 5221 puerilibus
1886 5130 2015 5197 animis
2043 5128 2099 5196 in-

82 5238 173 5313 libus
199 5241 307 5311 rebus
337 5239 513 5322 invitant,
551 5236 600 5307 ita
634 5235 822 5306 lenociniis
850 5236 1064 5330 quibusdam
1116 5234 1203 5319 seri,
1238 5247 1344 5328 atque
1365 5234 1487 5304 odium
1512 5234 1686 5303 bellorum
1711 5259 1751 5303 ac
1771 5235 1976 5315 turbarum,
2007 5232 2100 5301 tole-

85 5343 362 5414 commendauda
384 5341 512 5411 veritas
531 5352 601 5424 est,
628 5354 661 5411 et
682 5338 832 5409 rudibus
857 5336 987 5409 animis
1007 5337 1066 5404 in·
1117 5337 1254 5408 rantiae
1274 5337 1452 5423 studium,
1478 5349 1513 5408 ct
1537 5330 1606 5406 hoc
1628 5358 1739 5426 genus
1761 5336 1848 5406 alias
1871 5329 2101 5405 humanitatis

1212 5438 1262 5508 8*
