4664 6022
111 216 114 221 ·
228 280 305 358 915
642 267 805 345 DECL.
839 264 918 342 DE
949 264 1163 342 LEGUM
1195 264 1493 346 FONTlBUS
1526 266 1601 344 ΕΤ
1627 265 1859 362 ,ΟΑϋδῐᾶ
2211 266 2282 342 stt

235 456 302 537 sit,
329 462 482 522 moneat.
541 446 658 519 Discis
682 443 852 517 iustitiam
878 441 1127 537 aequalitatem
1151 464 1235 512 esse.
1389 442 1528 516 llarum
1547 443 1730 515 simiarum
1748 469 1830 515 cum
1847 443 1981 516 similes
1995 444 2068 517 sint
2079 442 2200 528 multi,
2225 443 2283 536 qni

235 555 302 629 Est
322 579 405 647 crgo
430 567 466 624 et
477 552 574 624 Deus
588 549 770 621 verissime
791 546 969 641 aequalis,
996 545 1235 616 alienissimus
1289 544 1355 620 hoc
1370 546 1616 621 Romanorum
1632 549 1687 618 ius
1703 547 2044 638 sapientissimorum
2060 559 2096 619 et
2108 544 2283 640 peritissi-

236 649 565 756 επροσωποληψίᾳ
574 706 590 743 ,
617 669 651 726 et
666 653 711 723 ab
727 651 896 722 omnibus
913 649 1108 744 tyrannicis
1124 647 1235 719 mori·
1286 676 1429 722 morum
1460 646 1651 721 bominum
1679 650 1999 723 deliberationibus
2023 651 2221 742 scriptum,
2253 661 2283 721 et

237 767 317 838 bus.
351 760 448 832 Haec
464 760 589 849 ingens
604 755 801 828 consolatio
816 768 877 825 est.
902 751 993 823 Nam
1009 776 1089 823 cum
1105 775 1236 846 aequa-
1287 756 1418 826 deinde
1440 754 1658 825 illustratum
1676 755 1898 846 vituperant,
1923 768 1959 826 et
1979 754 2087 827 stulte
2103 751 2284 825 somniant

238 868 284 939 lis
301 869 365 957 sit,
391 862 624 935 certissimum
643 874 695 930 est
709 859 801 928 velle
818 881 898 927 eum
916 880 1041 924 omnes
1058 857 1102 925 ad
1119 855 1235 926 filium
1287 881 1325 928 se
1339 857 1520 928 meliorem
1536 857 1700 949 politiam
1725 860 1879 928 condere
1902 882 2025 951 posse,
2052 879 2180 928 eorum
2196 853 2283 926 deli·

238 968 484 1060 confugientes
497 964 664 1057 recipere,
681 986 746 1032 nec
755 962 846 1032 velle
862 959 1049 1049 imaginari
1066 970 1235 1052 tanquam
1288 975 1448 1032 ramenta
1467 961 1687 1053 explodenda
1704 976 1803 1033 sunt:
1831 986 1984 1055 quorum
2001 973 2137 1056 quauta
2161 958 2210 1030 sit
2228 982 2282 1028 va·

241 1077 285 1142 de
307 1086 479 1168 tyranno,
511 1081 545 1138 et
572 1067 601 1136 si
625 1067 714 1136 alios
737 1065 880 1157 recipit,
913 1076 948 1133 te
973 1076 1092 1133 tamen
1111 1062 1237 1131 reiicit.
1289 1067 1402 1149 nitas,
1436 1063 1574 1135 etiarnsi
1607 1063 1766 1137 iuniores
1793 1066 1957 1137 nondum
1986 1066 2133 1150 vident,
2168 1075 2283 1134 tamen

240 1173 333 1246 Cum
357 1173 444 1263 legis
464 1171 650 1240 veritatem
674 1168 842 1240 virtutem
864 1190 955 1248 esse,
985 1189 1055 1259 qua
1080 1188 1179 1235 mens
1202 1177 1237 1233 et
1289 1168 1491 1240 senioribus
1510 1180 1546 1238 et
1558 1167 1683 1259 peritis
1696 1168 1855 1254 credant,
1880 1192 1955 1240 nou
1971 1183 2105 1239 temere
2120 1165 2220 1258 leges
2236 1187 2283 1236 sa·

241 1280 356 1348 oratio
372 1285 658 1365 congruunt,·et
672 1271 765 1344 dicta
779 1295 818 1341 ac
832 1285 932 1362 pacta
949 1279 1151 1339 constanter
1164 1291 1238 1337 ser·
1290 1273 1452 1364 pientum
1487 1286 1522 1342 et
1554 1271 1748 1362 peritorum
1782 1271 1926 1342 iudiciis
1958 1272 2067 1357 latas,
2113 1281 2284 1361 receptas,

241 1394 387 1451 vantur:
415 1376 586 1467 cogitabis
599 1374 714 1446 Deum
729 1398 888 1444 veracem
905 1396 997 1457 esse,
1022 1372 1238 1441 necdissen·
1289 1375 1547 1465 comprobatas,
1568 1375 1756 1444 mutandas
1770 1398 1855 1447 esse.
1889 1373 1967 1446 Hae
1981 1376 2058 1466 ipsa
2072 1374 2176 1443 dere
2190 1395 2283 1464 saepe

242 1484 310 1554 tire
325 1507 344 1553 a
362 1505 425 1553 sua
441 1478 694 1572 promissione,
720 1501 812 1570 quae
825 1475 1035 1548 universalis
1050 1488 1112 1548 est.
1145 1472 1236 1545 Cum
1291 1478 1515 1568 gravissimas
1534 1478 1890 1550 commonefactioncs
1905 1478 2113 1548 audivimus
2127 1470 2200 1547 hoc
2215 1474 2282 1567 ipso

242 1588 331 1677 legis
358 1607 490 1676 poenas
510 1581 700 1661 scelerum,
732 1605 808 1650 non
835 1575 921 1664 has,
955 1574 1102 1671 Epicuri
1130 1601 1239 1662 more,
1291 1582 1332 1650 in
1350 1582 1429 1650 loco
1451 1604 1472 1650 a
1493 1579 1688 1651 clarissimo
1714 1579 1791 1651 viro
1814 1578 1861 1657 D.
1885 1579 2112 1676 Hieronymo
2135 1573 2279 1663 seburff,

242 1702 380 1761 tantum
405 1701 550 1779 propter
577 1683 870 1779 tranquillitatem
901 1677 1059 1751 humano
1088 1680 1239 1750 consilio
1292 1697 1517 1776 praeceptore
1543 1697 1666 1754 nostro
1700 1697 1868 1776 perpetua
1896 1684 2098 1756 reverentia
2121 1681 2275 1752 colendo:

243 1791 422 1864 institutas
438 1812 511 1860 esse
530 1802 650 1880 putes,
676 1811 800 1858 verum
817 1785 968 1856 sancitas
983 1783 1176 1867 divinitus,
1199 1796 1240 1854 ut
1291 1788 1392 1858 cuius
1404 1786 1594 1871 iudicium,
1620 1810 1700 1856 cum
1719 1787 1941 1875 eruditione,
1958 1800 2095 1872 aetate,
2119 1808 2212 1871 usu,
2233 1807 2278 1854 sa-

226 1888 316 1967 ‘sint
332 1891 690 1965 commonefactiones
704 1892 749 1959 de
765 1890 876 1982 ipsius
892 1888 1041 1960 iusticia.
1076 1883 1240 1979 Denique
1292 1889 1427 1981 pientia
1442 1890 1598 1974 excellat,
1622 1912 1727 1983 quem
1743 1891 1887 1984 quidem
1905 1891 2055 1964 utDeus
2071 1888 2280 1961 incolumen

243 1999 350 2090 plena
366 2009 418 2065 est
433 1991 520 2065 haec
538 2006 611 2066 tota
626 1995 786 2064 doctrina
803 1991 1005 2082 sapientiae,
1033 2014 1139 2082 quam
1156 2013 1239 2080 pro·
1291 1991 1448 2086 Reipub.
1464 1993 1527 2062 diu
1544 2005 1659 2062 servet
1673 2005 1748 2064 toto
1763 2007 1904 2086 pectore
1917 2007 2014 2088 opto,
2033 1995 2145 2084 longe
2157 1992 2281 2062 antefa·

244 2101 326 2192 pius
338 2098 525 2191 aspicietis,
546 2097 811 2179 cumaccedent
826 2108 931 2174 aetas,
957 2093 1122 2174 eruditio,
1144 2115 1240 2166 usus.
1292 2120 1413 2166 ramus
1428 2096 1555 2168 stultae
1569 2095 1753 2165 iuniorum
1766 2098 1974 2170 curiositati.
2022 2097 2097 2170 Sed
2111 2089 2281 2167 dehaere

243 2201 349 2274 Nunc
365 2201 517 2271 multum
534 2200 721 2289 profecisse
735 2198 894 2269 iuniores
911 2220 947 2266 se
961 2196 1091 2281 sciant,
1117 2196 1146 2264 si
1161 2195 1241 2264 illas
1293 2200 1380 2270 alias
1393 2200 1495 2291 plura
1511 2199 1680 2269 dicemus.
1764 2229 1771 2245 =

242 2304 445 2376 barbaricas
461 2302 649 2395 opiniones
670 2327 712 2370 ex
732 2301 861 2371 animis
877 2300 1039 2380 eiicient,
1066 2323 1156 2392 quae
1172 2299 1241 2366 lin-
1395 2301 1588 2397 Postquam
1613 2318 1728 2372 autem
1750 2326 1832 2389 vos,
1863 2315 1905 2375 ut
1926 2302 2035 2372 officit
2060 2301 2182 2374 nostri
2203 2300 2278 2392 ratio

244 2424 333 2500 gunt
348 2409 462 2498 leges,
487 2419 523 2477 et
545 2401 642 2476 hunc
667 2406 831 2476 ordinem
848 2403 1052 2495 politicum,
1080 2400 1241 2496 tyranni·
1292 2406 1465 2501 postulat,
1497 2405 1752 2476 commonefeci
1772 2407 1817 2476 de
1837 2406 2037 2477 reverentia
2061 2405 2212 2497 politico
2230 2427 2277 2474 or·

244 2528 325 2584 cum
349 2534 526 2581 carcerem
552 2533 644 2593 esse,
674 2532 739 2579 nec
761 2505 839 2578 Deo
858 2530 963 2576 curae
981 2528 1064 2577 esse.
1092 2518 1127 2575 et
1149 2504 1241 2573 inci·
1294 2509 1372 2579 dini
1387 2509 1522 2594 debita,
1547 2532 1616 2602 qua
1630 2508 1735 2578 etiam
1751 2506 1828 2579 Deo
1844 2509 2102 2600 gratitudinem
2115 2520 2276 2601 praestare

243 2616 344 2709 pient
368 2614 406 2682 in
429 2609 495 2683 hac
515 2612 680 2681 miranda
707 2610 974 2681 conservatione
1000 2622 1147 2679 naturae
1171 2603 1241 2678 hu·
1292 2613 1444 2684 debetis:
1477 2636 1543 2683 oro
1570 2635 1667 2681 nune
1692 2624 1766 2682 toto
1797 2626 1938 2705 pectore
1960 2609 2079 2682 Βειιιιι
2109 2624 2274 2685 edanum

244 2742 370 2789 manae
386 2730 420 2788 et
436 2715 692 2808 gubernatione
706 2713 942 2806 praesentiam
958 2709 1027 2782 Dei
1042 2734 1241 2802 agnoscere,
1294 2714 1429 2809 patrem
1461 2710 1608 2785 Domini
1636 2715 1747 2785 nostri
1772 2712 1852 2787 lesu
1875 2710 2044 2801 Christi,
2070 2714 2271 2787 conditorem

243 2815 437 2892 abhorrere
450 2842 470 2889 a
486 2817 760 2889 conturbatione
772 2816 928 2885 ordinis:
955 2828 989 2883 et
999 2814 1112 2884 Deum
1128 2836 1241 2894 orare,
1294 2819 1385 2889 coeli
1400 2830 1435 2888 et
1446 2830 1578 2900 terrae,
1603 2830 1636 2885 et
1652 2812 1841 2888 bominum
1855 2832 1890 2890 et
1904 2816 2089 2890 Ecclesiae
2103 2842 2194 2905 sun,
2212 2837 2268 2886 uns

116 2996 124 3007 „
242 2924 347 2996 utsui
356 2921 474 3014 operis
484 2920 652 2989 internos
661 2915 1242 2988 eustosetconservatoressevelit.
1294 2945 1374 2991 eum
1390 2922 1465 2990 lilio
1481 2944 1546 2990 suo
1556 2918 1712 2990 Domino
1728 2935 1851 2992 nostro
1864 2918 1941 2992 lesu
1950 2915 2116 3004 Christo,
2131 2917 2260 2993 nncilso

344 3022 530 3095 Postremo
553 3022 659 3092 etiam
674 3045 804 3090 moneo
826 3020 1005 3105 iuniores,
1029 3032 1071 3090 ut
1087 3019 1243 3088 insulsos
1294 3048 1360 3115 pro
1376 3023 1482 3094 nobis
1499 3038 1531 3093 et
1554 3023 1778 3109 resuscitato,
1798 3038 1833 3096 et
1851 3023 1989 3117 Spiritu
2005 3038 2155 3107 sancto,
2172 3036 2265 3095 utens

243 3141 280 3198 et
303 3125 489 3197 seditiosos
512 3125 682 3195 clamores
705 3148 830 3195 eorum
853 3124 1061 3214 explodaut,
1094 3123 1158 3216 qui
1173 3116 1241 3192 boc
1295 3128 1467 3197 immensa
1483 3126 1726 3198 misericordia
1743 3141 1889 3221 propter
1903 3127 2017 3197 filium
2037 3139 2212 3222 perpetuo
2226 3123 2273 3193 ia·

243 3227 492 3302 Romanorum
509 3227 565 3297 ius
579 3227 803 3319 vituperant,
830 3239 865 3297 ct
882 3227 1063 3296 somniant
1079 3249 1114 3295 se
1130 3249 1242 3295 novas
1296 3245 1348 3302 ter
1362 3253 1429 3300 nos
1445 3230 1590 3320 colligat
1606 3242 1786 3301 aeternam
1801 3225 2057 3302 haereditatem
2070 3231 2169 3317 lilio,
2191 3241 2276 3300 etre-

243 3331 336 3420 leges
350 3332 504 3401 condere
519 3353 632 3421 posse.
683 3327 822 3399 Horum
846 3329 1037 3400 stulticiam
1055 3353 1130 3398 nou
1144 3329 1240 3400 refu·
1294 3344 1353 3424 gat
1367 3358 1434 3405 noa
1448 3332 1586 3426 Spiritu
1606 3346 1730 3405 sancto
1753 3357 1836 3420 suo,
1861 3346 1976 3406 servet
1991 3328 2158 3427 hospicia
2172 3321 2285 3405 llocls·¹

243 3435 327 3505 tabo
348 3434 454 3524 longa
472 3433 652 3514 oratione,
677 3457 758 3503 cum
782 3433 926 3526 quidem
945 3456 1046 3517 vera,
1074 3433 1191 3522 gravis
1208 3445 1242 3503 et
1295 3437 1384 3523 siae,
1408 3450 1538 3508 etcum
1554 3436 1736 3506 verissime
1748 3438 1794 3508 sit
1807 3438 1888 3508 lons
1903 3437 2102 3529 sapientiae
2116 3450 2153 3508 et
2166 3435 2280 3525 legum,

243 3536 432 3629 splendida
454 3535 622 3605 refutatio
644 3536 780 3626 opponi
809 3536 930 3626 possit.
988 3533 1059 3606 Sed
1082 3559 1179 3605 nunc
1201 3535 1240 3603 in
1294 3541 1340 3610 sit
1357 3554 1473 3611 custos
1488 3542 1664 3612 internos
1680 3540 1888 3633 disciplinae
1913 3540 2052 3631 legum,
2076 3538 2279 3611 iudiciorum

243 3634 310 3710 bac
324 3638 494 3730 temporis
506 3637 667 3728 angustia
691 3663 768 3707 eam
784 3639 921 3711 omitto.
945 3651 1084 3708 tantum
1101 3636 1240 3731 Apolo-
1295 3656 1330 3714 et
1352 3643 1517 3729 virtutis,
1546 3656 1581 3714 et
1603 3641 1733 3714 afliciat
1755 3657 1796 3714 ut
1819 3667 1960 3734 semper
1976 3641 2074 3714 inter
2097 3667 2167 3714 nos
2181 3642 2281 3714 luceat

244 3765 328 3832 gum
345 3741 523 3825 recitabo,
547 3741 608 3834 qui
626 3741 758 3810 illustri
778 3740 933 3830 imagine
954 3742 1126 3821 ostendit,
1153 3767 1241 3834 qua·
1276 3770 1377 3837 ‚vera
1393 3746 1505 3838 ipsius
1519 3746 1665 3837 agnitio,
1690 3758 1731 3816 ut
1746 3769 1828 3817 eum
1842 3747 1882 3815 in
1895 3746 1997 3818 omni
2011 3745 2223 3819 aeternitate
2235 3765 2280 3816 es·

244 3846 296 3914 les
320 3845 393 3916 sint
414 3844 469 3913 illi
490 3837 841 3914 noviNomothetae.
894 3840 1006 3914 Simia
1028 3868 1119 3937 quae
1141 3857 1239 3934 capta
1293 3849 1484 3924 lebremus.
1534 3849 1630 3922 Diri.

243 3948 290 4018 ab
304 3943 536 4031 hominibus,
561 3944 783 4039 aliquamdiu
797 3945 935 4017 viderat
952 3947 1077 4033 urbes,
1103 3949 1240 4032 domos,

243 4045 433 4119 hominum
448 4072 676 4139 congressus,
701 4042 858 4134 theatra,
882 4051 1095 4140 spectacula,
1118 4050 1239 4120 ludos:

241 4165 362 4244 postea
375 4152 492 4243 elapsa
507 4152 613 4222 rediit
628 4152 671 4222 ad
687 4152 820 4236 simias,
846 4175 886 4222 ac
903 4166 1023 4223 narrat
1040 4154 1125 4246 quid
1142 4153 1242 4223 vide-
1293 4200 1348 4271 No
1384 4202 1457 4272 ¹17
2067 4205 2085 4287 (
2154 4203 2280 4286 15507)

242 4254 308 4326 rit:
330 4249 497 4325 hortatur
517 4268 556 4325 ut
577 4249 765 4325 hominum
786 4255 985 4326 imitatione
1001 4258 1157 4327 condant
1175 4259 1241 4327 do-
1300 4256 1474 4328 ᾄνφ
2073 4232 2276 4336 aas}

243 4381 339 4443 mos,
366 4356 497 4452 quibus
521 4370 684 4446 tegantur
707 4372 830 4429 contra
852 4371 1090 4450 tempestates:
1117 4376 1152 4430 et
1175 4361 1240 4429 ad-

241 4461 328 4532 dant
362 4460 502 4530 moenia
537 4460 705 4531 adversus
734 4461 875 4546 leones,
908 4463 1032 4555 lupos,
1065 4457 1239 4537 homines.

243 4560 317 4634 Nec
339 4576 479 4633 tantum
496 4557 583 4632 haec
596 4562 733 4633 utilitas
753 4564 983 4655 proponitur,
1007 4566 1068 4634 sed
1085 4589 1239 4635 comme·
1363 4569 1945 4653 tnactaea.nectam21.T.tv.p.1tssqq.,
1962 4570 2080 4629 servat
2093 4571 2185 4630 tw.
2197 4571 2281 4646 att&

242 4680 430 4737 morantur
452 4661 589 4737 theatra
614 4679 648 4736 et
669 4667 877 4759 spectacula.
928 4666 1069 4738 Horum
1086 4667 1239 4740 imitatio
1394 4650 1421 4693 ‘¹
1435 4640 1564 4697 anchard.
1577 4639 1610 4697 T.
1620 4640 1653 4696 ¹¹·
1670 4661 1695 4712 Ρ·
1705 4641 1766 4694 ⁴⁶⁰·
2105 4664 2107 4671 ’

242 4793 388 4859 magnas
402 4769 602 4890 voluptates
617 4770 774 4890 paritura
791 4770 1003 4891 videbatur..
1036 4768 1154 4890 l‘lacet
1172 4772 1240 4893 igi-
1292 4804 1420 4874 (ymno
1436 4801 1484 4874 de
1498 4807 1597 4875 ,mis
1612 4804 1743 4899 peplum
1755 4797 1927 4895 pompm,
1940 4811 1980 4874 ey
1996 4810 2149 4890 cattam
2169 4805 2282 4898 my,

242 4885 302 4940 tur
322 4874 534 4958 eonsilium,
559 4884 593 4944 et
608 4874 795 4944 demittunt
811 4875 948 4944 vetulae
974 4898 1099 4943 srmrae
1120 4900 1240 4944 rumo-
1292 4928 1385 4978 cam
1402 4907 1519 4978 ,my
1546 4915 1585 4977 ey
1606 4904 1709 4977 ymno
1731 4909 2010 5000 wangionem..
2042 4910 2103 4981 a„
2125 4913 2281 4983 pm

242 4997 299 5044 res
315 4977 361 5045 ad
376 4975 566 5095 'materiam
589 4978 824 5056 caedendam,
840 4992 885 5096 ἐξ
898 5001 979 5048 saxa
997 4971 1239 5098 convellenda.
1290 5014 1376 5083 pm
1394 5019 1434 5082 ey
1448 5013 1602 5104 scm-pm
1615 5032 1761 5097 eorum,
1789 5012 1854 5104 qm·
1872 5007 1914 5082 t‘d
1927 5014 2177 5106 interpretati
2187 5016 2280 5099 Μ,

241 5076 316 5149 Sed
347 5072 406 5147 hrc
439 5074 716 5169 deprehendunt
750 5080 937 5150 stultrtram
963 5106 1065 5152 stram
1102 5105 1236 5155 srmsae.
1661 5113 1844 5186 utendum
1860 5116 1923 5185 δὴ.

238 5176 398 5252 Deerant
411 5204 569 5266 secures,
595 5196 629 5252 et
642 5185 733 5252 ratio
750 5183 850 5252 nulla
872 5200 947 5255 erat
962 5185 1018 5253 vel
1039 5187 1238 5256 caedendae
1289 5217 1375 5306 Etsi
1394 5258 1491 5302 meae
1509 5233 1722 5304 cantationis
1741 5226 1783 5328 s)
1805 5233 1843 5300 5„
1862 5225 2063 5302 inchoanda
2083 5227 2150 5302 hac
2172 5233 2280 5325 legum

240 5284 428 5369 materiae,
453 5282 510 5352 vel
524 5287 793 5376 coagmentandi
811 5285 957 5378 lapides.
999 5284 1164 5382 Denique
1181 5312 1238 5358 ars
1290 5338 1299 5355 .
1501 5336 1510 5353 .
1922 5360 1930 5374 ,

239 5397 311 5455 tota
329 5383 602 5458 architectonica
618 5389 751 5460 deerat.
803 5386 876 5461 Res
893 5389 1001 5479 igitur
1016 5392 1110 5482 cogit
1123 5414 1181 5462 eas
1199 5392 1236 5461 id
1289 5350 1581 5428 'nlerpreiaimne
1596 5336 1728 5406 multae
1741 5336 1886 5406 suerum
1901 5358 2034 5420 ΜΒΝ
2050 5348 2172 5407 “mm
2186 5358 2280 5432 pm*

238 5490 335 5580 quod
352 5490 458 5562 stulte
473 5490 720 5576 instituerant,
742 5493 917 5566 omittere.
1320 5518 1355 5584 a)
1372 5516 1503 5575 ttiemrt.
1520 5519 1715 5588 matutinam
1731 5517 1834 5588 ineam

1414 4393 1492 4479 De
1516 4397 1677 4505 legum
1696 4389 1911 4511 fontibus
1933 4403 1980 4478 et
2003 4397 2169 4480 comta.
