4664 6022
60 304 142 380 ἰοί·
611 298 772 375 Duce.
805 298 883 374 DE
917 298 1194 376 ENCOMIO
1227 299 1570 381 MEDICINAE.
2036 308 2112 381 902

163 472 319 564 Quoties
340 487 444 565 putas
465 474 611 558 accidit,
637 474 843 567 praesertim
868 476 906 544 in
929 476 974 544 iis
993 499 1059 544 no·
1116 470 1257 545 Etcum
1275 471 1369 545 nihil
1387 477 1431 546 sit
1447 475 1591 561 melius,
1617 491 1678 549 aut
1694 471 1889 559 honestius,
1915 493 1973 549 aut
1990 481 2108 570 splen-

59 579 154 651 stris·
167 576 350 660 moribus,
376 590 416 647 ut
437 589 599 664 aegrotus
623 589 792 670 tanquam
810 601 874 648 suo
891 602 928 647 se
942 577 1060 666 gladio
1115 577 1252 663 didius,
1288 602 1393 672 quam
1425 579 1531 647 vitam
1559 603 1697 650 servare
1721 603 1760 649 ac
1784 581 1895 665 tueri,
1929 582 2107 672 praeclare

60 680 217 771 iugulet,
239 679 508 749 cum-detrectat
519 677 662 748 Medico
678 703 822 770 parcre,
849 704 929 749 cum
944 680 1060 748 noxiis
1113 679 1262 766 faciunt,
1285 682 1347 774 qui
1366 681 1451 752 artis
1468 676 1575 750 huius
1588 682 1723 752 fructus
1740 682 1818 749 aliis
1834 683 2016 773 impartire
2031 696 2105 753 stu-

59 780 323 877 cupiditatibus
360 780 575 849 alienissimo
607 793 766 870 tempore
797 781 938 850 frenum
966 782 1061 852 laxat
1112 784 1217 867 dent,
1241 769 1440 877 atqneeam
1457 783 1658 852 obcausam
1678 779 1765 853 mihi
1783 783 1961 855 Homerus
1978 785 2105 856 dixisse

59 901 91 958 et
106 881 356 957 obsecundat?
405 879 470 952 Est
485 897 602 952 autem
619 883 906 972 indignissimum
922 884 1060 952 alienae
1111 883 1270 968 videtur,
1305 884 1488 953 Medicum
1517 885 1633 953 virum
1662 886 1783 955 mrdtis
1814 885 1892 957 aliis
1916 901 2103 978 praestare.

59 989 186 1079 culpae
216 983 401 1054 Medicum
436 1008 535 1053 reum
562 986 674 1072 agere.
733 982 901 1054 Attamen
931 985 977 1053 ita
1010 987 1059 1069 fit,
1111 984 1199 1053 Nam
1225 1011 1305 1056 cnm
1327 987 1579 1071 arbitraretur,
1607 982 1744 1055 homini
1765 989 2011 1078 dignissimum
2030 1012 2104 1059 esse

59 1106 98 1161 ut
117 1086 296 1183 quicquid
316 1086 466 1177 peccarit
484 1103 665 1173 aegrotus,
694 1085 835 1156 Medico
853 1089 1058 1177 imputetur.
1075 1161 1080 1168 ,
1112 1089 1202 1156 bene
1223 1089 1349 1158 mereri
1368 1091 1411 1156 de
1430 1088 1528 1171 aliis,
1555 1102 1672 1159 tamen
1690 1090 1793 1159 illum
1811 1091 1957 1159 eximiae
1974 1091 2101 1159 mereri

64 1192 127 1264 Sed
150 1190 245 1258 nolo
266 1187 479 1257 commorari
497 1188 533 1255 iu
550 1190 721 1258 diluendo
737 1185 804 1259 boc
819 1190 1057 1258 convitiorum
1110 1191 1300 1271 sentiebat,
1326 1216 1366 1258 ac
1386 1191 1655 1281 praeferendum
1682 1215 1755 1260 esse
1780 1192 1926 1285 reliquis
1943 1194 2102 1263 mortali-

68 1316 210 1385 μω,
244 1314 440 1383 quaecum
471 1290 555 1359 vino
585 1294 746 1375 madent,
780 1293 870 1360 bene
891 1292 984 1382 poti,
1018 1292 1057 1359 in
1111 1293 1194 1370 bus,
1227 1293 1288 1384 qui
1320 1293 1426 1361 vitam
1457 1317 1595 1361 servare
1613 1283 1764 1379 soleret,
1797 1308 1857 1364 aut
1881 1309 1973 1364 certe
1999 1296 2037 1362 in
2063 1319 2102 1364 re

65 1394 229 1467 convitiis
249 1392 391 1461 barbari
415 1391 560 1483 quidam
581 1393 618 1461 in
635 1392 853 1462 Medicinam
876 1407 1056 1465 evomunt.
1108 1407 1202 1463 tanta
1222 1418 1364 1487 operam
1385 1408 1547 1466 sumeret.
1600 1391 1663 1467 Est
1678 1396 1773 1464 enim
1793 1396 1830 1464 in
1847 1397 1984 1485 magnis
1999 1420 2102 1487 saepe
2144 1395 2163 1433 ‘

63 1497 146 1569 h'arn
173 1513 213 1568 et
235 1495 295 1563 illi
314 1494 381 1584 ipsi
406 1488 491 1562 baec
516 1508 717 1578 recantant,
743 1497 966 1585 paulopost,
993 1495 1056 1564 ubi
1108 1496 1212 1565 etiam
1230 1497 1403 1578 voluisse,
1429 1497 1617 1565 laudabile.
1705 1516 1710 1526 ·
2168 1582 2172 1589 ¹

59 1597 204 1691 crepula
235 1595 478 1667 contraxerint
502 1596 562 1663 alii
585 1596 671 1665 alias
693 1610 818 1688 pestes.
873 1593 920 1666 Et
942 1620 1056 1690 quan·
1208 1596 1331 1691 Neque
1356 1597 1420 1666 ulli
1442 1599 1507 1665 arti
1533 1598 1692 1668 omnium
1715 1599 1913 1669 seculorum
1931 1599 2102 1668 memoria

59 1726 165 1796 quiam
189 1722 272 1769 sero
295 1700 388 1766 malo
412 1698 540 1778 coacti,
566 1699 721 1769 latentur
741 1700 777 1767 id
801 1702 896 1792 quod
919 1723 974 1768 res
992 1713 1055 1782 est,
1107 1700 1280 1789 ampliora
1311 1700 1464 1789 praemia
1489 1701 1606 1768 luere:
1642 1700 1705 1791 qui
1727 1702 1885 1789 gentium
1909 1724 2102 1772 consensus

60 1802 198 1896 optimc
213 1805 260 1869 de
275 1822 403 1891 genere
419 1794 576 1869 humanu
595 1796 684 1870 hanc
701 1816 812 1870 artem
828 1799 967 1874 mereri.
1107 1800 1211 1868 tidem
1234 1802 1346 1869 lacere
1368 1815 1521 1891 poterat,
1549 1797 1640 1870 hanc
1662 1819 1771 1872 artem
1789 1817 1822 1871 et
1840 1803 1992 1871 maxime
2005 1803 2101 1870 salu·

161 1902 289 1997 Neque
305 1927 389 1972 vero
407 1902 560 1971 utilitate
577 1916 712 1974 tanturn
732 1902 897 1971 ducimur
912 1905 955 1971 ad
973 1899 1056 1973 Me·
1107 1916 1217 1971 tarem
1246 1900 1473 1985 hominihus,
1504 1918 1536 1974 et
1559 1900 1842 1972 honestissimam
1869 1928 2006 1996 semper
2027 1927 2101 1974 esse

10 2040 16 2049 ·
58 2008 203 2080 dicinac
223 2006 486 2096 cognoscendae
507 2005 685 2088 studium,
710 2006 771 2072 sed
794 2027 835 2072 ex
858 2005 931 2094 ipsa
949 2017 1054 2072 natu·
1106 2005 1310 2078 indicatam.
1369 2003 1460 2074 Nam
1490 2020 1522 2076 et
1550 2004 1708 2087 Romani
1739 2031 1820 2075 cnm
1852 2004 1999 2076 Graccis
2028 2019 2100 2075 tota

58 2135 115 2182 rae
136 2107 464 2198 contemplatione,
502 2106 539 2173 in
564 2130 632 2198 qua
657 2118 817 2175 versatur
840 2119 912 2175 tota
936 2104 1054 2174 Medi·
1106 2107 1209 2176 ltalia
1232 2107 1511 2187 interdixerunt,
1544 2110 1673 2177 diserte
1695 2107 1856 2177 Medicus
1878 2122 2101 2197 exceperunt,

57 2215 158 2293 cina,
187 2209 434 2279 incredibilem
452 2208 860 2300 voluptatum-eamque
879 2203 1054 2276 honestis·
1106 2222 1138 2277 et
1161 2210 1198 2276 in
1222 2208 1321 2280 ltalia
1344 2209 1547 2278 retinendos
1570 2232 1643 2279 esse
1665 2196 1827 2299 publicae
1851 2197 1974 2278 salutis
1997 2233 2099 2280 causa

58 2318 195 2393 simam,
208 2312 350 2381 animus
367 2312 456 2378 bene
473 2309 738 2402 liberaliterque
755 2310 937 2379 institutus
952 2307 1054 2401 capit.
1106 2313 1301 2382 duxerunt:
1329 2309 1409 2399 Qua
1426 2311 1463 2378 in
1479 2336 1516 2380 re
1532 2335 1709 2382 summum
1725 2307 1897 2382 honorem
1911 2310 1978 2381 arti
1995 2307 2100 2380 habi·

58 2418 166 2506 Quod
184 2413 282 2483 enirn
299 2412 555 2504 spectaculum,
582 2413 645 2504 qui
661 2413 735 2481 ludi
753 2412 864 2501 magis
881 2411 1054 2480 delectare
1105 2430 1179 2483 turn
1199 2437 1272 2481 esse
1290 2411 1445 2485 cernitis.

59 2542 122 2589 nos
147 2528 318 2608 possum,
352 2536 457 2607 quam
484 2528 629 2583 naturae
653 2515 822 2598 varietas,
855 2514 883 2581 si
908 2513 1054 2604 propius
1209 2514 1327 2603 Quane
1360 2538 1421 2583 vos
1451 2509 1641 2596 adhortor,
1682 2513 1807 2604 optimi
1836 2511 2100 2601 Adolescentes,

60 2618 256 2693 intuearis?
307 2615 429 2708 Neque
458 2628 596 2684 tantum
623 2616 660 2684 in
686 2615 823 2704 magnis
843 2616 1054 2705 corporibus
1106 2614 1280 2707 primum,
1306 2631 1343 2685 ut
1361 2616 1486 2684 ametis
1503 2629 1536 2684 et
1554 2615 1717 2703 religiose
1732 2616 1856 2685 colatis
1871 2616 2099 2702 Medicinam,

59 2736 294 2803 structuram,
328 2719 491 2788 ordinem
523 2742 563 2786 ec
596 2718 689 2786 vires
713 2719 868 2809 partium
892 2718 1052 2786 omnium
1105 2733 1138 2787 et
1154 2719 1237 2811 qnia
1253 2718 1448 2788 valetudini
1464 2731 1598 2787 vestrae
1613 2718 1812 2807 prospicere
1827 2720 1936 2806 solet,
1963 2720 2097 2812 etquia

59 2840 214 2919 spectare
230 2822 350 2901 iuvat,
371 2821 431 2889 sed
447 2819 705 2888 minutissimae
719 2843 774 2888 res
791 2821 846 2887 vel
862 2819 1052 2888 maximam
1105 2820 1237 2891 divinis
1253 2821 1418 2889 laudibus
1434 2820 1471 2887 in
1488 2819 1595 2888 sacris
1609 2819 1722 2889 literis
1738 2831 1863 2888 oruata
1881 2835 1949 2908 est,
1975 2823 2099 2903 nobis-

59 2924 332 2999 admirationem
359 2922 518 3013 pariunt,
545 2946 624 2990 cum
649 2923 892 2991 animadverto
915 2923 1052 2989 nullam
1104 2946 1173 3019 que
1196 2924 1455 3004 commendata3
1491 2921 1637 3006 deinde,
1679 2936 1718 2992 ut
1746 2936 1918 3013 quantum
1948 2923 2098 3016 quisque

63 3052 129 3100 csse
156 3026 275 3099 totius
298 3037 446 3096 naturae
473 3037 625 3112 partem,
661 3040 731 3091 tam
757 3019 948 3106 humilem,
981 3037 1050 3092 tarn
1103 3039 1218 3115 potest
1247 3025 1285 3092 in
1316 3049 1355 3093 ea
1385 3047 1511 3116 operae
1541 3037 1660 3114 ponat.
1713 3021 1899 3115 Siquidem
1926 3049 1999 3093 non
2027 3020 2107 3093 alia

59 3120 320 3221 contemptam,
360 3149 451 3218 quae
479 3148 555 3193 non
584 3148 747 3213 magnam
777 3127 848 3192 vim
885 3125 1049 3193 medendi
1104 3152 1179 3210 res,
1206 3150 1312 3220 qnam
1336 3140 1482 3195 naturae
1505 3125 1751 3216 pervestigatio
1770 3149 1860 3219 quae
1877 3127 2024 3196 liberale
2040 3127 2096 3194 in·

57 3231 199 3304 hebeat.
251 3225 301 3299 Et
322 3249 395 3296 non
413 3229 519 3296 modo
535 3227 573 3294 in
594 3228 707 3294 rnalva
723 3239 758 3295 ct
775 3221 968 3316 asphodelo
985 3224 1052 3321 (si-
1104 3228 1266 3318 genium,
1292 3241 1351 3298 aut
1373 3228 1485 3316 magis
1502 3229 1619 3307 decet,
1647 3242 1706 3298 aut
1723 3227 1896 3316 ampliore
1914 3229 2097 3317 voluptate

57 3351 119 3406 cut
132 3332 314 3405 Resiodus
335 3326 460 3422 dixit),
489 3331 550 3398 sed
574 3330 612 3396 in
633 3343 785 3398 stercore
808 3329 914 3398 etiam
931 3328 1051 3411 suillo,
1104 3331 1315 3420 perfundere
1336 3342 1460 3420 potest.
1509 3325 1592 3397 Non
1612 3329 1710 3397 aurei
1731 3341 1886 3413 montes,
1913 3330 1973 3422 qni
1992 3330 2028 3396 in
2044 3330 2060 3396 l
2078 3371 2096 3386 ·

60 3450 125 3507 aut
146 3435 178 3505 si
196 3433 283 3529 qnid
308 3427 377 3502 hoc
390 3431 497 3500 vilius
512 3445 581 3509 est,
606 3452 750 3518 magnas
765 3430 879 3498 inesse
893 3452 1052 3499 commo·
1104 3431 1198 3500 bulis
1213 3454 1286 3498 esse
1300 3430 1486 3512 dicuntur,
1511 3442 1648 3499 tanturn
1663 3428 1781 3499 valent
1796 3423 1978 3500 honestam
1994 3452 2095 3498 men-

60 3539 200 3610 ditetcs.
248 3532 326 3626 Ego
358 3534 513 3625 prolecto
544 3532 760 3602 mirabiliter
782 3531 933 3615 allicior,
969 3554 1049 3599 cunr
1105 3550 1172 3605 tem
1203 3533 1398 3615 oblectare,
1432 3543 1603 3623 quantum
1634 3554 1753 3598 earum
1784 3554 1902 3598 rerum
1932 3531 2095 3601 tractatio

61 3637 257 3710 basrerurn
270 3649 414 3706 naturas
430 3636 634 3720 considero,
658 3646 693 3704 et
709 3656 788 3702 cum
805 3633 916 3723 ipsam
934 3626 1051 3700 archi·
1103 3635 1345 3726 cognitioque,
1379 3655 1466 3725 quas
1487 3633 1644 3702 continet
1667 3630 1859 3705 Medicina.
1910 3625 2095 3702 Postr'emo

63 3757 230 3816 tecturam
259 3737 385 3811 merudi
407 3737 585 3821 admiror,
609 3750 685 3805 tum
710 3734 834 3805 videor
857 3730 946 3802 mihi
970 3749 1050 3803 tau·
1103 3762 1182 3808 cnm
1206 3737 1327 3806 iuvare
1351 3729 1516 3803 homines
1538 3734 1583 3803 sit
1601 3748 1634 3803 et
1652 3734 1910 3804 sanctissimum
1929 3735 2096 3818 osticium,

10 3870 14 3937 ζ,
68 3872 164 3946 quem
186 3866 297 3916 manu
320 3840 491 3932 prendere
508 3839 642 3919 Deum,
668 3837 730 3929 qni
747 3860 820 3906 sese
835 3837 994 3906 inlnndit
1010 3836 1047 3904 in
1102 3855 1135 3910 et
1155 3837 1300 3908 homine
1316 3836 1582 3926 dignissimum,
1608 3840 1688 3905 date
1706 3859 1870 3923 operam,
1898 3851 1938 3907 ut
1954 3833 2021 3905 hoc
2039 3837 2096 3904 in-

10 3960 21 4017 l
71 3973 182 4023 onmes
201 3968 277 4035 res,
304 3953 439 4032 vegetat
462 3954 497 4010 et
519 3942 580 4009 alit
604 3941 743 4022 omnia,
769 3952 804 4009 et
826 3961 907 4007 suas
922 3939 1050 4030 cuique
1103 3954 1336 4012 strumentum
1366 3939 1580 4029 amplissime
1605 3937 1763 4007 merendi
1793 3938 1838 4005 de
1859 3937 1959 4027 aliis,
1992 3938 2095 4008 vobis

73 4055 113 4125 rei
131 4053 225 4122 vires
248 4062 416 4137 tanquam
439 4065 655 4111 oeconomus
674 4042 856 4109 distribuit
873 4056 905 4109 et
926 4041 1048 4111 volvit.
1102 4043 1320 4133 comparetis.
1364 4040 1453 4110 Nam
1470 4040 1529 4107 illc
1543 4042 1685 4109 demum
1701 4053 1793 4108 recte
1808 4038 1958 4109 instituit
1974 4040 2096 4123 vitam,
2211 4078 2216 4089 ·

74 4152 203 4250 Opinor
220 4151 259 4219 in
277 4161 374 4219 uinta
391 4168 510 4213 rerum
526 4145 695 4214 varietate
712 4143 808 4211 cerni
827 4166 916 4210 sese:
942 4155 1048 4232 atque
1102 4146 1163 4238 qni
1178 4147 1223 4214 ael
1239 4140 1419 4236 publicam
1436 4141 1626 4211 utilitatem
1643 4165 1705 4211 sua
1723 4142 1839 4212 studia
1856 4153 1891 4212 et
1906 4143 1998 4211 vitae
2013 4166 2095 4212 cur-
2174 4179 2181 4187 ·

76 4253 129 4329 hoc
153 4252 312 4328 studium
339 4247 633 4336 contemplandae
657 4259 810 4315 -naturne
843 4245 890 4312 ita
916 4244 1047 4312 multos
1100 4249 1314 4320 sums-esen,
1365 4242 1461 4318 Dixi,

10 4398 23 4435 e
78 4360 190 4443 tenuit,
215 4367 256 4423 ut
277 4358 481 4444 quanquam
498 4346 716 4416 Medicinam
739 4370 811 4415 non
836 4359 1048 4426 exercerent,

80 4474 177 4531 ouen
207 4455 274 4528 toti
304 4452 438 4522 luerint
470 4449 507 4516 in
539 4474 579 4518 ea
613 4448 853 4540 perdiscenda.
913 4445 1046 4513 Verum

80 4561 148 4634 nihi
168 4555 363 4633 humanius
379 4553 537 4631 videtur,
563 4554 658 4642 quod
679 4551 865 4633 didiceris,
889 4548 922 4615 id
942 4549 1046 4616 etiam
1125 4581 1192 4653 No·
1210 4576 1271 4652 25·

10 4694 26 4735 ι
80 4682 263 4757 expromere
288 4657 328 4725 in
353 4678 437 4725 usus
464 4648 650 4723 hominum
671 4666 704 4722 et
721 4651 888 4721 maiorem
906 4650 1046 4719 laudem
1107 4675 1280 4710 *aa

10 4794 28 4835 ι
80 4768 201 4839 meritos
217 4784 291 4832 esse
304 4768 384 4842 eos',
408 4755 471 4850 qui
487 4757 631 4824 morbos
648 4766 838 4837 curarunt,
863 4776 969 4845 quam
985 4752 1046 4845 qui
1251 4774 1422 4864 comm
1450 4779 1695 4892 empiricos
1720 4776 1941 4865 Mediw&

10 4894 41 4941 ι,
80 4868 155 4940 luni
183 4864 357 4937 inclusam
381 4874 492 4930 artem
518 4870 727 4935 tenuerunt,
760 4855 918 4926 conteuti
944 4855 1048 4922 volu·

10 4948 43 5037 ιΙ
80 4985 168 5057 pute,
201 4987 309 5064 quam
333 4984 375 5031 ex
396 4958 600 5048 cognitione
624 4957 822 5049 capiebant.
863 4952 928 5026 Eu
951 4956 1047 5024 enim
1169 4955 1200 5009 ¹³
1216 4956 1366 5008 neelami.
1386 4953 1418 5012 T.
1433 4954 1453 5011 Ι.
1474 4974 1502 5020 n·
1512 4953 1565 5009 ³12
1576 4971 1654 5026 sqq„
1678 4950 1796 5007 senen.
1815 4952 1851 5009 τ.
1863 4950 1883 5008 ι.
1901 4969 1926 5023 p.
1938 4950 2017 5016 sss,
2042 4951 2092 5004 ιιι-

10 5102 27 5137 .-
81 5061 131 5145 hot
154 5074 192 5143 in
213 5058 505 5163 primishomine
527 5059 694 5149 dignum,
728 5054 916 5127 hominum
940 5057 1048 5140 saluti
1204 5022 1518 5096 &mmm

10 5194 46 5241 »t
81 5190 229 5264 mantum
252 5165 364 5263 possis
389 5162 556 5255 opitulari
582 5178 689 5253 atque
713 5161 924 5251 prospicere.
976 5157 1047 5228 Su-
1100 5186 1239 5255 comm
1256 5175 1661 5277 ,mpprchMedch'
1686 5175 1950 5253 MDOXXXI·
1965 5175 2094 5250 phu·

10 5292 26 5343 ι
56 5293 140 5349 ,uus
157 5274 253 5346 enim
275 5267 432 5362 prolecto
451 5264 525 5333 nati
544 5259 706 5332 homines
724 5258 911 5331 hominum
929 5283 1046 5344 causa,

10 5400 25 5445 x
80 5388 109 5444 ιι
129 5402 230 5472 quam
259 5370 410 5467 quisque
437 5365 627 5436 utilitatem
656 5366 699 5433 ad
733 5363 843 5433 vitam
868 5374 1046 5452 praestare
1099 5340 1260 5423 Difficile
1277 5363 1327 5420 est
1342 5347 1577 5420 deMedicinn
1593 5345 1749 5436 reperire
1764 5346 1980 5427 orationem,
2005 5367 2096 5437 quac

40 5564 44 5583 Ι
83 5494 190 5566 huet,
215 5498 291 5549 eam
307 5471 395 5543 citra
411 5468 586 5539 invidiam
602 5467 640 5536 in
657 5466 839 5559 publicum
857 5464 1044 5534 conferret.
1099 5452 1255 5530 taedium
1278 5452 1444 5543 effugiat,
1475 5473 1556 5520 cum
1577 5449 1682 5521 toties
1702 5448 1748 5517 de
1768 5470 1831 5535 ea,
1861 5440 1931 5515 hoc
1953 5444 1992 5515 in
2016 5445 2096 5514 loco
