4664 6022
141 332 216 415 459
686 257 847 387 onor..
887 308 962 386 nn
994 304 1267 384 suannno
1300 260 1640 393 monseuno
2107 307 2183 383 teo

142 523 226 581 tuus
258 510 322 572 est.
373 489 561 583 Ingenium
595 485 650 556 illi
674 485 743 557 fuit
767 483 853 555 mite
879 508 919 555 ac
945 483 1136 577 placidum,
1287 478 1360 554 Res
1375 480 1561 551 familiaris
1576 480 1652 570 illi,
1678 495 1718 553 ut
1740 480 1855 569 scitis,
1877 506 1953 553 non
1969 482 2091 576 ampla
2105 481 2182 564 fuit,

141 606 289 682 dixisses
300 594 485 669 hominem
498 591 540 662 ad
566 585 823 660 humanitatem
839 599 873 657 et
889 586 1136 657 mansuetudi-
1186 585 1259 653 imo
1294 607 1340 652 ne
1369 583 1554 673 mediocris
1582 586 1745 677 quidem,
1780 588 1841 656 sed
1874 585 1991 677 tenuis
2024 599 2061 656 et
2093 609 2181 677 pene

142 733 246 794 nem,
269 700 371 797 quasi
389 694 561 768 divinitus
582 691 759 782 sculptum
779 704 814 760 et
834 689 979 760 facturn.
1031 684 1135 757 Hanc
1187 686 1329 771 affecta,
1362 685 1538 779 planeque
1567 686 1667 772 talis,
1701 686 1843 781 qualem
1865 686 2039 785 Sqlomon
2063 708 2085 756 a
2106 683 2179 758 Deo

142 813 218 904 ipse
244 819 391 875 naturae
411 796 593 866 lenitatem
616 793 736 863 studio
764 815 905 885 quoque
928 805 961 860 et
984 790 1136 860 medita·
1187 801 1296 879 optat,
1321 810 1401 856 eum
1417 786 1482 858 ait:
1507 783 1722 858 Demensum
1736 813 1855 859 meum
1872 790 1918 859 da
1932 784 2035 859 mihi.
2069 783 2178 882 Atqui

142 913 241 985 tione
255 905 437 978 tuebatur,
462 918 600 968 summa
616 893 797 984 diligentia
812 916 952 978 cavens,
977 893 1134 985 nequod
1187 890 1316 959 scimus
1337 913 1412 958 non
1434 889 1541 981 paulo
1559 890 1729 960 maiorem
1745 891 1913 963 virtutem
1931 913 2027 977 esse,
2049 913 2090 963 re
2106 915 2176 962 mo-

144 1010 282 1087 duriter
303 1029 323 1076 a
347 1027 383 1073 se
404 1013 471 1091 ‚aut
493 1020 613 1089 aspere
643 1020 718 1066 non
741 995 848 1064 modo
878 995 976 1063 lieret
999 993 1135 1063 dicere·
1187 992 1265 1062 dica
1291 1004 1326 1062 et
1345 1011 1406 1060 sua
1432 1003 1637 1064 contentum
1660 993 1796 1063 vivere:
1822 993 2025 1080 fortunam,
2048 992 2175 1088 qualis-

145 1132 266 1192 turve,
292 1106 353 1178 scd
369 1118 410 1174 nt
428 1115 463 1172 et
484 1100 523 1168 in
548 1111 709 1191 aspectu,
734 1097 960 1190 incessuque,
987 1108 1021 1166 et
1036 1094 1136 1165 omni
1187 1116 1359 1186 cunquea
1375 1088 1452 1162 Deo
1466 1093 1634 1183 contigit,
1659 1094 1747 1164 boni
1770 1097 1976 1183 consulere,
1999 1119 2113 1190 eaque
2124 1094 2173 1189 pie

145 1214 301 1307 denique
323 1204 436 1278 animi
460 1201 688 1294 corporisque
711 1194 837 1270 habitu
861 1223 901 1268 ac
923 1208 1024 1268 motu
1050 1220 1136 1265 ean·
1187 1219 1228 1265 ac
1253 1190 1401 1265 honeste
1422 1195 1497 1280 uti,
1530 1219 1605 1265 non
1627 1190 1767 1266 inhiare
1794 1198 1921 1268 alienis
1941 1197 2172 1285 facultatibus,

145 1321 225 1389 dem
247 1308 455 1383 suavitatem
478 1326 517 1373 ac
539 1302 721 1371 lenitatem
748 1312 982 1369 conservaret.
1031 1295 1136 1383 Etsi,
1187 1296 1324 1366 nemini
1342 1296 1519 1382 invidere,
1543 1298 1679 1368 nullius
1693 1323 1836 1371 cursum
1853 1300 2048 1393 impedire,
2075 1324 2169 1394 quam

143 1433 184 1492 ut
208 1428 278 1501 est,
303 1405 517 1481 verecundia
537 1417 630 1474 recte
651 1415 796 1473 ornatus
820 1402 930 1487 vitae,
963 1414 996 1470 et
1020 1413 1136 1469 custos
1188 1399 1392 1489 ingentibus
1432 1399 1561 1492 opibus
1602 1425 1816 1496 quocunque
1856 1404 1964 1473 modo
2004 1401 2170 1497 quaesitis,

142 1518 306 1593 omnium
330 1511 502 1580 virtutum
532 1502 744 1576 aCicerone
767 1502 917 1589 dicitur,
957 1497 1050 1572 hanc
1075 1502 1136 1571 ille
1188 1501 1373 1592 splendide
1397 1501 1462 1573 uti.
1522 1498 1782 1574 Patrimonium
1801 1504 1863 1574 ille
1882 1500 1951 1575 hoc
1980 1499 2170 1598 pulcherri-

95 1686 98 1691 Α
142 1623 312 1692 virtutem
326 1612 382 1682 vel
405 1607 712 1702 potiusvirtutum
735 1605 896 1674 omnium
920 1603 1076 1694 reginam
1097 1627 1137 1673 ac
1187 1628 1286 1672 mum
1314 1616 1348 1672 et
1374 1603 1630 1695 amplissimum
1665 1606 1738 1675 suis
1769 1607 1973 1701 relinquere
2007 1607 2170 1693 studebat,

143 1715 414 1792 moderatricem
436 1710 521 1779 inde
538 1732 650 1803 usque
674 1732 693 1777 a
715 1730 824 1799 puero
846 1707 885 1775 in
901 1706 1001 1776 omni
1016 1706 1088 1775 vita
1103 1717 1138 1775 et
1189 1728 1332 1797 nempe,
1355 1705 1486 1774 famam
1508 1719 1672 1797 paternae
1695 1709 1881 1801 probitatis
1903 1722 1938 1780 et
1952 1708 2068 1795 vitae,
2092 1709 2171 1781 libe-

140 1823 282 1895 actione
301 1814 474 1887 illibatam
498 1834 635 1881 summa
654 1832 737 1879 cura
761 1810 919 1880 retinuit.
971 1803 1073 1878 Adeo
1098 1819 1138 1876 ut
1189 1830 1312 1876 rorum
1327 1807 1423 1898 piam
1435 1831 1475 1877 ac
1489 1821 1619 1877 rectam
1633 1808 1909 1882 institutionem:
1933 1811 2088 1881 alterum
2103 1811 2171 1906 qui·

145 1919 331 1995 nonnullis
347 1938 472 2008 parum
490 1912 689 1996 animosus,
723 1925 756 1982 et
776 1911 822 1980 ob
840 1935 916 1980 eam
933 1933 1074 1981 eausam
1091 1909 1137 1978 ad
1190 1909 1487 2000 demplenissime
1506 1923 1713 1981 consecutus
1736 1927 1804 1994 est,
1832 1915 1984 1985 alterum
2006 1914 2171 2005 praeclare

144 2028 180 2096 id
206 2042 316 2115 genus
337 2015 538 2099 doetrinae,
571 2014 665 2108 quod
694 2013 887 2098 tractabat,
916 2013 1035 2082 minus
1059 2011 1138 2081 ido·
1189 2010 1368 2102 inceptum
1392 2010 1582 2082 immatura
1599 2037 1694 2083 mors
1714 2014 1915 2107 interrupit.
1967 2011 2091 2111 Atque
2111 2016 2171 2087 uti·

145 2149 234 2197 neus
257 2124 457 2198 videretur,
490 2129 525 2187 at
548 2115 609 2184 ille
628 2138 703 2184 non
733 2114 822 2184 tanti
848 2115 999 2185 ducebat
1022 2113 1138 2183 ullum
1189 2137 1272 2181 narn
1293 2113 1425 2183 multos
1449 2114 1535 2184 tales
1559 2116 1825 2206 patresfamilias
1846 2118 1916 2187 iam
1939 2117 2103 2189 civitates
2120 2112 2170 2187 ha·

146 2228 374 2321 adplausum,
399 2233 440 2290 ut
456 2231 642 2310 propterea
661 2217 895 2286 verecundiae
918 2229 1014 2306 septa
1036 2212 1138 2286 ¹tran·
1188 2216 1334 2299 herent,
1359 2238 1513 2307 quorum
1528 2217 1673 2298 domus,
1699 2233 1738 2290 ut
1755 2219 1919 2290 Doctoris
1936 2217 2087 2291 Sebaldi
2104 2220 2171 2299 fuit,

145 2330 242 2416 silire
253 2325 378 2408 vellet,
403 2319 589 2389 nonenim
606 2319 774 2410 profanae
786 2318 1026 2389 multitudinis
1042 2316 1138 2387 iudi·
1190 2322 1305 2386 essent
1319 2317 1417 2406 velut
1438 2341 1565 2407 parvae
1584 2319 1755 2412 quaedam
1772 2317 1972 2406 Ecclesiae,
1999 2322 2042 2390 in
2057 2321 2169 2419 quibus

144 2432 217 2516 cio,
252 2429 312 2498 sed
335 2437 431 2495 recta
456 2421 613 2501 ratione,
647 2419 735 2515 quid
756 2420 895 2489 deceret
916 2419 1138 2502 metiebatur,
1189 2412 1393 2489 Christiana
1426 2418 1614 2511 disciplina
1646 2445 1687 2490 ac
1719 2423 1880 2493 doctrina
1912 2423 2071 2514 vigeret,
2103 2436 2168 2495 tun

144 2547 249 2626 atque
265 2530 294 2599 si
309 2526 412 2597 etiam
432 2524 652 2614 peccandum
670 2535 776 2603 esset,
802 2522 955 2591 malebat
968 2521 1065 2592 iuxta
1082 2545 1138 2589 re·
1189 2519 1314 2613 procul
1331 2520 1442 2589 dubio
1460 2519 1586 2591 melius
1601 2538 1635 2594 et
1649 2521 1886 2616 Respublicae
1901 2540 2022 2597 essent
2040 2521 2172 2598 habitu·

145 2634 263 2724 gulam
291 2625 454 2698 {socratis
477 2624 516 2692 in
537 2619 630 2693 hanc
652 2645 759 2718 quam
781 2623 880 2693 illam
905 2637 1039 2715 partem
1058 2645 1139 2712 pec·
1190 2646 1268 2702 rae,
1294 2634 1328 2691 et
1343 2621 1462 2692 minus
1477 2616 1704 2699 horribilium
1722 2628 1966 2718 exemplorum
1987 2624 2079 2699 haec
2093 2640 2173 2699 aetas

144 2757 240 2818 care3
267 2730 385 2800 minus
401 2727 494 2796 enim
512 2738 614 2816 turpe
635 2724 783 2816 putabat
798 2724 984 2819 plusquam
1009 2746 1139 2794 conve·
1189 2724 1361 2816 paritura.

143 2837 239 2905 niret
257 2831 423 2903 timidum
446 2849 482 2896 se
498 2849 605 2920 quam
622 2826 865 2918 impudentem
881 2827 1042 2898 iudicari.
1095 2821 1139 2893 In
1291 2821 1375 2894 Dixi
1398 2825 1442 2894 de
1464 2827 1624 2896 moribus
1639 2842 1673 2900 et
1688 2831 1758 2901 vita
1774 2825 1881 2900 huius
1897 2830 1986 2917 viri,
2014 2845 2056 2903 ut
2078 2831 2174 2927 potui,

144 2937 284 3029 reliqua
305 2953 389 3000 vero
411 2927 483 2996 vita
507 2940 541 2996 et
561 2928 723 2996 moribus
741 2921 834 2995 nibil
852 2940 925 2998 erat
947 2927 1010 2998 illo
1033 2927 1139 3017 pudi-
1190 2926 1346 2998 breviter
1360 2926 1516 3019 quidem,
1535 2931 1579 2997 de
1595 2932 1723 3002 studiis
1738 2947 1771 3003 et
1785 2933 1948 3003 doctrina
1966 2936 2173 3007 eadembre·

146 3061 226 3108 cum
249 3033 377 3122 magis,
403 3024 496 3097 nihil
520 3028 565 3097 ab
586 3029 685 3097 omni
710 3029 932 3120 turpitudine
957 3029 1138 3100 remotius.
1191 3030 1298 3099 vitate
1321 3028 1490 3120 experiar.
1540 3028 1661 3119 Prima
1682 3035 1778 3103 enim
1799 3049 1892 3105 aetas
1913 3036 1968 3104 illi
1985 3026 2166 3109 actaestin
2214 3032 2216 3043 '

145 3135 196 3210 Et
211 3136 308 3232 quod
324 3133 362 3201 in
379 3130 510 3202 talibus
524 3129 675 3220 ingeniis
689 3131 846 3200 accidere
861 3132 962 3217 solet,
989 3153 1077 3225 quae
1093 3131 1137 3199 ad
1191 3131 1234 3199 iis
1252 3130 1386 3221 literis,
1419 3131 1559 3224 quaesi
1581 3133 1655 3204 ullo
1682 3135 1721 3204 in
1745 3131 1905 3222 bomine,
1932 3138 1971 3207 in
1996 3140 2064 3210 illo
2085 3151 2174 3225 certe,

145 3236 403 3325 humanitatem
419 3243 452 3302 et
467 3232 691 3301 clementiam
707 3256 787 3301 cum
804 3246 930 3303 natura
946 3235 1139 3315 ducuntur,
1191 3256 1340 3317 nomen,
1366 3231 1510 3326 vimque
1534 3257 1634 3304 suam
1654 3239 1948 3329 comprobarunt3
1976 3238 2076 3313 nihil
2093 3243 2175 3313 enim
2197 3216 2200 3223 Ι

147 3353 224 3411 tum
248 3361 332 3408 vero
354 3358 418 3426 per
442 3356 582 3403 omnem
608 3333 717 3403 vitam
742 3334 942 3406 adsuefacta
966 3340 1067 3418 sunt,
1099 3345 1139 3403 ut
1191 3335 1254 3403 illo
1279 3328 1490 3420 humanius,
1524 3330 1616 3404 nihil
1646 3341 1806 3426 suavius,
1837 3339 1931 3410 nibil
1958 3346 2087 3417 mitius
2111 3326 2178 3427 fuit,
2212 3358 2216 3403 t

147 3443 236 3526 sint,
264 3429 466 3533 ἠθικότερα
491 3448 525 3504 et
546 3436 591 3503 ad
607 3457 730 3505 omnes
745 3434 827 3504 illos
844 3436 995 3506 leniores
1011 3448 1140 3519 motus,
1192 3449 1255 3506 aut
1278 3435 1510 3505 tractabilius.
1561 3436 1675 3531 Atqui
1697 3442 1740 3510 ab
1764 3467 1805 3511 eo
1828 3443 1956 3514 effectu
1974 3447 2100 3518 studia
2118 3442 2177 3517 bu·
2214 3422 2216 3427 Ι

146 3567 188 3614 ac
198 3541 385 3634 praecipue
401 3531 561 3633 oropyoic
575 3536 751 3617 molliora,
772 3535 821 3607 ita
838 3534 1141 3632 quoquoDoctore
1192 3536 1373 3608 manitatis
1395 3539 1488 3607 dicta
1509 3562 1582 3608 esse
1604 3557 1760 3627 constat,
1784 3545 1901 3637 quod,
1927 3561 1967 3617 ut
1983 3546 2115 3621 Cicero
2128 3549 2177 3634 ait,

149 3642 303 3714 Sebaldo
319 3632 413 3708 nihil
430 3637 624 3727 eratmagis
641 3630 900 3735 φιλόστοργον,
919 3635 1011 3711 nihil
1020 3661 1141 3708 amore
1192 3642 1236 3710 ad
1259 3639 1521 3729 percipiendam
1543 3641 1798 3737 colendamque
1817 3647 1986 3718 virtutem
2006 3651 2178 3735 adiuvent,

148 3757 184 3818 et
198 3738 445 3814 benevolentia
463 3737 502 3805 in
518 3750 600 3823 suos
616 3739 807 3829 profusius.
1192 3755 1297 3834 atque
1320 3741 1413 3810 illud
1435 3737 1573 3834 ἠθικὸν
1579 3795 1591 3827 ,
1620 3739 1688 3814 hoc
1712 3762 1780 3832 est,
1805 3749 2017 3821 suavitatem
2036 3769 2074 3826 et
2090 3776 2178 3825 man-

251 3841 346 3913 Sunt
367 3838 557 3922 nonnulli,
590 3841 794 3930 praesertim
816 3864 857 3910 ex
873 3839 1030 3934 Satrapis
1056 3840 1142 3927 illis,
1192 3841 1428 3926 suetudinem,
1454 3844 1492 3911 in
1514 3845 1653 3932 animis,
1677 3849 1837 3919 moribus
1858 3865 1892 3921 et
1909 3852 1984 3923 vita
1999 3849 2179 3926 hominum

149 3947 211 4040 qui
227 3966 346 4015 errore
361 3940 490 4009 mentis
506 3963 581 4009 eam
597 3941 818 4011 fortitudinis
840 3944 981 4013 faudem
995 3946 1142 4028 ducunt,
1193 3943 1354 4013 efficiant.
1407 3942 1456 4014 Ut
1470 3968 1553 4015 vero
1571 3947 1637 4016 alia
1655 3963 1746 4019 terra
1762 3951 1874 4023 cultui
1889 3955 2003 4044 magis
2018 3958 2181 4030 obediens

149 4051 180 4118 si
196 4047 252 4116 vel
268 4065 347 4134 erga
363 4064 509 4111 uxorem
527 4055 560 4111 et
574 4042 705 4113 liberos
718 4043 880 4113 duriores
895 4045 977 4126 sint,
998 4046 1054 4114 vel
1072 4045 1142 4113 sal·
1194 4059 1264 4130 est,
1290 4046 1358 4113 alia
1374 4045 1508 4129 minus,
1536 4048 1582 4118 ita
1600 4049 1742 4140 ingenia
1756 4078 1898 4148 quoque
1914 4057 1984 4128 alia
2001 4059 2087 4130 aliis
2105 4060 2182 4132 faci·

151 4162 222 4219 tem
257 4169 330 4216 esse
356 4143 562 4228 videantur,
601 4144 695 4213 laedi
721 4168 821 4214 suam
847 4147 1141 4219 existimationem
1194 4147 1264 4215 lius
1286 4146 1497 4232 flectuntur,
1528 4151 1798 4248 formanturque
1820 4159 1994 4229 doctrina.
2047 4140 2216 4237 Atlio-'¹¹

151 4263 294 4332 rentur,
321 4246 464 4338 siquod
487 4267 567 4334 erga
591 4267 673 4315 suos
690 4247 822 4315 amoris
845 4260 906 4317 aut
926 4247 1142 4316 benevolen-
1194 4248 1283 4319 ctori
1300 4245 1452 4319 Sebaldo
1472 4251 1555 4321 inde
1569 4276 1680 4347 usque
1698 4279 1717 4324 a
1735 4259 1884 4346 pueritia
1901 4260 2093 4351 ingenium
2108 4274 2193 4339 cori·

151 4351 219 4422 tiae
248 4351 387 4438 signum
416 4347 620 4416 ostendant:
665 4349 725 4416 sed
748 4360 789 4418 ut
816 4352 908 4440 apud
930 4345 1143 4440 Euripidem
1194 4349 1273 4439 tigit
1288 4350 1367 4418 lene
1382 4375 1422 4420 ac
1438 4346 1654 4441 humanum,
1677 4361 1772 4451 quod
1797 4374 1983 4454 postquam
1999 4364 2196 4463 discippffi.

150 4446 366 4544 Amphitryo
389 4448 564 4537 praeclare
581 4447 685 4533 dicit,
711 4471 748 4517 se
764 4471 954 4538 parvorum
972 4463 1143 4540 nepotum
1194 4466 1229 4521 et
1243 4450 1356 4520 literis
1379 4454 1490 4521 excoli
1509 4458 1644 4548 coepit,
1671 4459 1773 4529 facile
1796 4485 1919 4532 omncs
1941 4484 2133 4544 venustate
2148 4444 2212 4543 ιδ’Ι

151 4577 272 4624 curam
290 4574 364 4620 non
377 4548 595 4638 adspernari,
616 4550 679 4617 sed
693 4549 775 4618 illos
790 4572 909 4619 secum
923 4551 1019 4621 velut
1035 4549 1144 4645 ἕφολ-
1194 4553 1367 4623 suavitate
1385 4578 1525 4623 morum
1542 4561 1729 4650 superavit.
2165 4570 2200 4601 ''·

152 4650 259 4734 κίδας
270 4675 381 4722 manu
397 4651 550 4732 ductare,
576 4671 682 4742 seque
697 4643 766 4719 hoc
781 4651 937 4719 officium
953 4652 1143 4723 virobono
1296 4652 1437 4724 Deinde
1460 4679 1663 4747 progressus
1683 4675 1815 4751 aetate,
1838 4666 1884 4736 de
1906 4674 2087 4748 sententia
2103 4674 2201 4749 ami-¹

153 4756 300 4843 dignum
317 4750 492 4833 iudicare,
513 4748 562 4818 ita
580 4746 715 4819 Doctor
729 4748 902 4821 Sebaldus
919 4752 958 4821 in
973 4753 1142 4846 optimam
1196 4778 1319 4824 corum
1332 4753 1393 4826 lus
1410 4757 1513 4827 civile
1526 4761 1660 4832 discere
1675 4765 1806 4857 coepit,
1831 4767 1870 4836 in
1890 4771 2041 4869 eiusque
2060 4770 2203 4854 ml

155 4855 340 4943 coniugem
362 4864 395 4922 et
412 4850 539 4938 dignos
563 4850 628 4919 tali
645 4864 742 4941 patre
763 4852 894 4923 liberos
913 4855 1145 4926 clementissi·
1197 4857 1295 4927 tione
1311 4882 1386 4928 non
1402 4859 1545 4952 quidem
1568 4863 1799 4952 infoeliciter,
1823 4870 1976 4944 fideliter
1997 4895 2098 4954 certe
2112 4864 2203 4955 vet-'¹

155 4977 254 5024 mum
281 4976 318 5022 se
343 4977 384 5022 ac
411 4950 715 5039 benignissimum·
734 4954 924 5044 praebebat
951 4972 1145 5046 parentem,
1196 4970 1291 5028 satus
1315 4971 1377 5032 est.
1428 4959 1619 5056 Quumque
1642 4982 1769 5038 natura
1792 4994 1811 5040 a
1837 4971 1962 5046 litibus
1985 4993 2022 5051 et
2043 4999 2117 5056 stre
2141 4980 2203 5059 ilu'

156 5056 206 5125 ita
225 5068 362 5136 tamen,
394 5065 435 5122 ut
460 5046 554 5121 nihil
575 5052 674 5143 prius
696 5077 762 5122 nec
787 5054 968 5149 antiquius
986 5053 1145 5137 haberet,
1195 5059 1265 5129 fori
1281 5055 1491 5133 abhorreret
1506 5067 1656 5153 animus,
1679 5072 1930 5165 tranquillitati
1945 5094 1980 5151 et
1996 5010 2188 5177 quietibu-

156 5179 263 5248 quam
279 5153 438 5224 utliberi
454 5155 498 5221 ad
517 5154 698 5244 pietatem,
725 5154 911 5241 virtutem,
936 5182 975 5228 ac
993 5159 1147 5250 optima·
1197 5174 1273 5243 tus,
1310 5161 1443 5255 quique
1467 5167 1579 5255 magis
1604 5170 1890 5263 benevolentiae,
1932 5156 2041 5274 qum
2074 5172 2206 5263 litium.

156 5281 236 5327 rum
262 5277 382 5324 rerum
408 5254 522 5322 studia
554 5255 798 5342 erudirentur5
835 5272 910 5328 erat
937 5259 1045 5349 igitur
1071 5261 1146 5330 eius
1197 5262 1276 5331 iura
1299 5286 1460 5333 exeroere
1479 5273 1732 5359 consuevisset,
1765 5299 1839 5347 non
1862 5274 1923 5350 ille
1946 5286 2096 5378 quidem
2113 5292 2188 5365 som

158 5360 301 5436 domus,
335 5353 507 5448 quaedam
538 5355 731 5424 modestiae
759 5381 799 5428 ac
830 5362 1083 5446 verecundiae,
1114 5374 1148 5431 et
1199 5387 1361 5453 prorsum
1386 5366 1576 5455 abstinuit,
1612 5376 1671 5442 sed
1694 5389 1812 5446 tamen
1835 5380 1875 5448 in
1896 5382 2187 5479 interpretatione

157 5458 393 5528 sanctissimae
408 5454 615 5546 disciplinae
629 5451 761 5533 schola.
1070 5461 1072 5464 ’
1199 5463 1287 5536 iuris
1310 5492 1351 5537 ac
1373 5469 1534 5541 docendo
1556 5475 1777 5565 potissimum
1794 5505 1939 5573 operam
1959 5495 2185 5590 consumpsit,
