4664 6022
155 107 235 185 426
761 102 920 182 DllCL.
956 104 1029 180 llll
1056 102 1331 199 QUERELo
1364 106 1593 188 Luznltt.
2121 109 2193 183 426

154 309 176 354 a
197 281 346 355 aatiooe-
372 295 452 355 eta
484 280 865 361 demonstrationibus,
900 297 949 353 est
975 284 1147 376 quaedam
1201 283 1258 356 hic
1280 286 1377 357 locus
1401 286 1514 377 imago
1534 287 1706 378 quaedam
1722 298 1774 357 est
1791 281 1936 370 Curiae,
1962 298 2022 355 aut
2040 279 2189 379 S'ynodi.

152 386 288 457 noticia
304 385 390 475 legis
406 384 564 469 divinae,
590 385 836 475 agnosciflesse
850 383 976 470 Deum,
1002 399 1036 454 ει
1054 385 1146 455 iudi·
1200 388 1270 458 llic
1302 390 1396 456 euim
1421 391 1464 457 de
1486 387 1645 478 Repub.‚
1679 390 1723 458 de
1746 387 1924 480 imperiis,
1956 388 2000 457 de
2021 383 2190 467 Ecclesia,

148 486 210 559 ¹cat
225 482 272 558 de
285 488 444 558 moribus
459 489 641 572 civilibus,
670 489 765 557 videt
787 483 855 556 hoc
872 489 1061 556 discrimen
1082 481 1148 555 ho·
1201 493 1311 561 urulta
1332 513 1518 559 monemus
1538 493 1735 560 auditores:
1760 514 1862 579 saepe
1878 490 2037 583 querelas
2052 502 2191 558 nostras

154 604 337 660 neccarum
356 603 392 660 ει
413 592 569 680 turpium
587 590 759 661 divinitus
775 590 879 658 uobis
897 590 1043 659 insitum
1062 611 1147 672 esse,
1200 594 1425 685 exponimus,
1451 617 1551 685 saepe
1573 594 1764 663 sententias
1788 593 1956 677 dicimus,
1983 592 2128 682 perinde
2150 612 2190 660 ac
2233 592 2236 603 '

155 694 289 762 iudicat
309 692 432 782 puniri
456 693 586 761 atrocia
610 694 738 760 scelera
755 716 773 760 a
789 688 886 777 Deo,
913 687 1019 761 habet
1042 693 1146 761 etiam
1199 697 1227 764 si
1251 696 1288 764 in
1311 710 1450 779 senatu,
1476 712 1533 766 aut
1559 698 1596 764 in
1619 719 1783 766 consessu
1799 695 1935 790 Synodi
1950 694 2062 764 oratio
2078 689 2190 763 habe-

157 794 257 888 qnasi
279 796 499 884 praesagium
521 795 663 887 aliquod
680 798 725 863 de
749 795 1023 865 immortalitate.
1075 791 1147 861 Ne·
1199 813 1307 870 retur.
1360 797 1412 867 Ac
1434 822 1596 887 magnam
1621 799 1766 887 gratiam
1783 796 1994 867 Academiae
2010 797 2190 880 dehemus,

156 921 221 990 *1¹¹0
239 909 359 966 lumen
379 897 439 963 illd
455 897 554 966 videl
571 912 631 966 «tul
653 899 771 976 ‘loccis
797 921 887 989 quae
904 896 1045 988 propria
1065 907 1147 964 sunl
1199 926 1288 994 quae
1315 901 1450 969 etiamsi
1475 901 1706 991 petulantiam
1732 924 1771 970 ac
1794 900 2077 968 maledicentiam
2114 899 2190 987 lege

154 994 354 1088 Evangelii,
372 999 548 1082 videlicet,
569 998 813 1069 remissionem
828 1012 1049 1090 peccatorum
1067 1021 1146 1087 gru·
1198 998 1403 1093 prohibuit,
1428 1016 1546 1071 tamen
1562 998 1746 1072 honestam
1763 1015 1797 1072 et
1813 1004 1906 1096 piam
1922 1000 2063 1070 dicendi
2082 1001 2190 1068 liber·

155 1100 198 1171 tis
219 1103 427 1170 donandam
452 1115 595 1193 propter
620 1100 732 1170 filium
755 1099 833 1174 Dei.
893 1098 991 1170 Haec
1014 1100 1145 1168 noticia
1199 1119 1305 1175 tatem
1335 1104 1439 1172 nobis
1472 1107 1651 1186 concedit,
1682 1106 1829 1174 fortasse
1861 1104 2049 1184 maiorem,
2082 1124 2189 1194 qoam

104 1234 110 1241 ·
154 1225 227 1272 uon
257 1217 309 1273 εει
332 1217 407 1273 orta
436 1205 480 1271 ab
504 1199 670 1274 humanis
699 1203 896 1288 mentibus,
928 1205 1000 1273 imo
1023 1202 1145 1293 procul
1199 1202 1345 1277 haberet
1359 1207 1527 1300 Synodus
1547 1208 1619 1276 ulla
1632 1206 1855 1277 Pontificum.
1908 1203 1956 1275 Ut
1972 1203 2101 1276 Poetae
2121 1204 2189 1271 fin·

154 1317 250 1375 extra
270 1319 494 1396 conspectum
508 1306 657 1374 rationis
676 1301 851 1375 humanae
869 1306 979 1396 posita
995 1318 1057 1385 est,
1084 1305 1145 1372 sed
1197 1322 1326 1378 xerunt
1350 1307 1512 1378 Astream
1536 1310 1729 1398 fugientem
1754 1334 1793 1377 ex
1815 1308 1984 1391 urbibus,
2011 1306 2189 1397 paulisper

95 1440 107 1469 ε
153 1404 270 1476 Filius
285 1406 351 1478 Dei
367 1408 430 1500 qui
445 1421 496 1477 est
512 1409 549 1475 in
565 1409 646 1477 sinu
663 1407 789 1490 Patris,
815 1433 889 1476 eam
908 1407 1081 1500 patefecit,
1106 1418 1147 1475 ιιι
1198 1405 1314 1480 adhuc
1344 1412 1382 1479 in
1406 1434 1489 1481 rure
1515 1426 1766 1482 commoratam
1790 1426 1823 1481 et
1845 1410 2089 1480 concionatum
2114 1428 2188 1476 esse

151 1510 240 1580 alias
255 1510 397 1600 copiose
412 1506 553 1582 dicitur.
605 1509 724 1599 Quare
742 1512 927 1599 prudentia
944 1505 1145 1580 adhibenda
1199 1514 1378 1603 agricolis:
1406 1514 1453 1583 ita
1473 1514 1574 1604 pulsa
1592 1515 1721 1584 veritas
1743 1538 1783 1583 ex
1803 1513 2016 1583 Pontificum
2032 1509 2189 1597 collegiis

151 1626 201 1682 εει
226 1610 267 1679 ἰιι
285 1612 529 1681 discernendis
545 1614 786 1682 doctrinarum
806 1615 1012 1702 generibus,
1035 1624 1069 1679 et
1086 1634 1145 1678 ex·
1198 1632 1232 1686 et
1262 1616 1441 1702 conciliis,
1471 1617 1655 1685 nobiscum
1685 1612 1801 1686 adhuc
1824 1613 1891 1684 Dei
1916 1613 2085 1684 beneficio
2107 1607 2189 1703 phi·

149 1713 325 1805 plodendi
344 1728 427 1784 sunt
442 1714 553 1805 inepti
571 1716 642 1799 illi,
668 1715 729 1808 qui
745 1715 940 1785 offundunt
958 1713 1146 1801 caliginem
1197 1712 1416 1808 losophatur.
1476 1714 1525 1787 Et
1546 1742 1587 1787 ex
1611 1713 1666 1786 his
1687 1713 1906 1788 scholasticis
1929 1716 2089 1786 coetibus
2113 1714 2189 1783 eius

148 1811 369 1906 Evangelio,
402 1817 474 1884 imo
504 1818 660 1886 obruunt
691 1839 731 1884 ac
755 1817 875 1888 delent
898 1813 1146 1905 Evangeliunr,

149 1942 235 1987 curn
262 1918 516 1988 transformant
547 1919 584 1986 in
617 1918 835 1986 Platonicam
866 1913 1144 2008 Philosophiam.

149 2018 274 2108 Magia
293 2020 399 2089 etium
423 2021 564 2089 taxandi
590 2034 692 2103 ειιιιι,
719 2021 781 2112 qui
803 2044 848 2088 ne
863 2020 1047 2090 Platonem
1064 2019 1145 2112 qui-

152 2124 240 2190 dern
261 2118 512 2211 intelligentes,
544 2124 620 2191 eius
644 2120 765 2210 figuris
788 2124 1006 2211 depravatis,
1041 2110 1158 2189 mon-⁹

147 2237 284 2293 strosaa
299 2225 490 2314 opiniones
505 2237 725 2312 genuerunt,
751 2246 878 2317 easque
895 2226 934 2292 in
949 2221 1144 2294 Ecclesiam

148 2340 377 2417 sparserunt,
415 2341 455 2395 ut
479 2324 653 2415 Origenes
686 2340 719 2395 et
749 2341 829 2416 post
853 2351 933 2395 eum
956 2328 1018 2395 alii
1039 2325 1145 2394 multi

145 2430 331 2519 fecemnt3
362 2426 533 2513 flagitiose
548 2430 645 2499 enim
660 2430 896 2499 contaminata
916 2444 966 2499 est
983 2428 1145 2498 doctrina

144 2525 355 2601 Christiana
381 2531 559 2599 veteribus
584 2532 654 2598 illis
680 2532 920 2620 temporibus,
944 2532 1063 2621 inepte
1081 2532 1145 2599 ad-

143 2632 259 2703 mixto
286 2630 467 2701 Platonica
487 2629 731 2724 Philosophia.
785 2630 881 2700 llaec
903 2635 1058 2702 breviter
1081 2633 1145 2700 ad-

144 2735 214 2805 ieci
224 2758 235 2819 ;
256 2747 298 2803 ut
315 2734 409 2802 enim
426 2735 569 2805 collatio
580 2736 822 2804 doctrinarum
837 2735 971 2828 aliquid
982 2735 1144 2803 lucisad-

141 2838 215 2907 fert
237 2835 425 2920 studiosis,
454 2837 501 2906 ita
518 2833 696 2906 Ecclesiae
716 2837 911 2928 plurimum
935 2840 1059 2921 refert,
1087 2861 1144 2904 ca·

140 2960 250 3024 vere,
275 2960 323 3007 ne
335 2939 578 3008 doctrinarum
593 2962 720 3029 genera
737 2939 1014 3009 confundantur.
1050 2935 1144 3009 Dixi.

1197 1820 1339 1890 oracula
1364 1822 1406 1888 ad
1437 1820 1574 1913 aliquas
1605 1818 1779 1890 Ecclesiae
1813 1820 2050 1912 perferuntur.
2117 1814 2189 1886 Sed

1197 1946 1276 1993 curu
1298 1917 1357 1990 hic
1375 1946 1476 2015 saepe
1492 1923 1581 1990 aliae
1597 1945 1721 1993 causae
1735 1924 1951 2014 pertinentes
1969 1922 2013 1990 ad
2029 1942 2188 1989 commu-

1196 2049 1278 2094 nem
1307 2025 1457 2095 salutern
1489 2039 1585 2095 actae
1616 2025 1704 2110 sint,
1739 2049 1834 2094 nunc
1867 2036 2024 2094 nostram
2048 2044 2188 2091 causam

1196 2150 1315 2217 agam:
1342 2127 1533 2216 deplorabo
1559 2140 1695 2196 nostras
1716 2127 1895 2213 miserias,
1919 2140 1954 2196 et
1980 2147 2104 2194 omnes
2122 2146 2188 2212 gu·

1196 2227 1563 2320 bernatoreslieipub.
1582 2231 1625 2297 de
1639 2254 1704 2299 suo
1718 2230 1835 2298 officio
1851 2228 2064 2311 admonebo,
2090 2227 2188 2317 quod

1196 2330 1320 2411 nobis,
1354 2332 1451 2424 quod
1475 2329 1675 2413 Ecclesiae,
1706 2333 1745 2399 in
1772 2328 1841 2402 hoc
1872 2331 2019 2419 negocio
2045 2330 2187 2401 debent.

1195 2430 1359 2504 Christus
1379 2447 1498 2503 narrat
1522 2434 1629 2503 fuisse
1646 2432 1792 2503 divitem
1810 2434 2006 2527 quendam,
2031 2431 2188 2501 fortassis

1196 2536 1302 2606 etiam
1319 2536 1489 2625 dignitate
1506 2549 1759 2625 praestantem,
1786 2536 1846 2629 qui
1864 2559 1939 2605 non
1954 2546 2093 2603 tautum
2111 2533 2187 2601 sine

1196 2651 1293 2707 metu
1317 2638 1497 2727 egestatis,
1523 2639 1598 2706 sine
1622 2638 1862 2708 sollicitudine
1878 2637 2033 2708 suaviter
2050 2635 2188 2718 vixerit,

1196 2742 1256 2809 sed
1282 2740 1386 2809 etiam
1403 2740 1626 2830 splendorem
1646 2739 1814 2811 amaverit
1832 2742 1870 2808 in
1886 2738 1986 2810 omni
2004 2750 2188 2829 apparatu,

1196 2842 1384 2927 consitatu,
1408 2842 1592 2924 aedificiis,
1619 2868 1690 2935 quo
1710 2838 1872 2911 homines
1890 2839 2050 2932 opulenti
2069 2838 2188 2928 digni·

1196 2957 1303 3013 tatem
1326 2944 1445 3034 augeri
1469 2958 1603 3034 putant.
1664 2941 1799 3013 Inbue
1824 2944 1984 3026 divitias,
2010 2941 2188 3035 tranquil-

1195 3047 1352 3130 litatem,
1383 3070 1422 3114 ac
1444 3046 1661 3136 voluptates,
1686 3059 1728 3115 ιιι
1751 3047 1807 3129 tu,
1832 3060 1971 3115 secutus
1996 3058 2047 3115 est
2066 3046 2187 3127 fastus,

1122 3146 1147 3161 “
1195 3161 1229 3218 ει
1241 3147 1413 3236 neglectio
1429 3172 1547 3216 rerum
1563 3148 1764 3216 divinarum
1781 3171 1820 3216 ac
1833 3169 2039 3238 pauperum.
2068 3145 2188 3233 Quare

176 3280 249 3351 No.
265 3274 322 3352 55.

154 3372 331 3405 Μ

973 3309 1021 3347 an.
1039 3285 1131 3349 1539.

965 3374 1139 3409 w

444 3445 640 3551 Querela
670 3445 855 3534 Lazari.

217 3604 345 3660 Prodiit:
378 3604 525 3675 „Querela
543 3603 634 3658 basari
652 3604 831 3668 pronunciata
855 3623 870 3658 a
889 3603 1009 3677 quodam
1028 3601 1144 3659 Schola·

252 3674 324 3730 atico
342 3676 511 3743 Vitebergac·
549 3676 630 3726 Anno
646 3673 686 3729 M.
697 3674 863 3732 buxula.

303 3743 356 3799 llic
368 3743 466 3798 recitat
479 3745 584 3796 cunctis
596 3742 747 3812 iustamque
761 3762 924 3812 gravemque
939 3740 1080 3814 querelam

359 3811 509 3867 Confectus
524 3811 622 3863 morbo
638 3810 756 3864 Lazarus
772 3824 852 3884 atque
868 3814 948 3881 farne,

303 3882 338 3936 Bt
350 3879 420 3936 mala
433 3880 575 3947 deplorat,
593 3898 662 3951 quae
675 3898 750 3935 nunc
762 3881 882 3936 Ecclesia
895 3881 1007 3952 perfert,

359 3951 439 4003 Parte
451 3950 557 4019 aliqua,
575 3967 657 4003 uerno
671 3959 771 4003 cuncta
783 3949 888 4005 referre
900 3960 997 4020 potest.

304 4018 395 4090 Quem
411 4038 466 4072 non
479 4016 528 4071 ista
544 4029 658 4073 raaovent
670 4028 710 4071 est
723 4018 807 4073 divite
820 4019 916 4072 durior
931 4019 988 4078 illo,

357 4088 439 4141 lanua
454 4089 531 4141 cuius
545 4097 601 4140 erat
616 4088 717 4140 Laaare
730 4086 820 4142 clausa
829 4086 912 4147 tibi.”

250 4158 358 4214 Recusa
376 4168 417 4209 ast
435 4156 501 4210 baec
521 4156 610 4209 oratio
621 4156 694 4276 apud
708 4154 782 4212 Crat.
797 4156 866 4228 Myt.
880 4155 914 4209 92
926 4175 1002 4227 sqq„
1020 4155 1049 4209 in
1061 4153 1140 4208 Decl.

251 4226 286 4284 T.
300 4227 321 4282 Ι.
346 4243 372 4297 p.
382 4226 441 4292 tu,
466 4223 654 4279 llichard.ll.
679 4244 707 4291 p.
719 4225 781 4282 847.
798 4237 825 4278 ει
845 4227 873 4278 in
894 4225 1011 4280 Sersest.
1027 4224 1045 4276 l.
1061 4243 1086 4294 p.
1097 4224 1141 4278 60.

249 4295 300 4351 ubi
311 4312 402 4349 sersus
414 4293 444 4348 in
457 4294 538 4347 titulo
553 4294 691 4364 archetypi
704 4303 767 4348 suut
782 4294 979 4362 praetermissi,
1002 4293 1139 4347 adiectum

250 4383 320 4423 vcro
330 4373 370 4419 est
383 4365 494 4435 longum
507 4382 636 4431 carmen,
654 4363 794 4416 historiam
803 4362 896 4417 Lazari
910 4364 1047 4426 referens,
1065 4361 1140 4431 quod

250 4436 425 4505 archetypon
454 4450 511 4484 non
535 4432 614 4486 babet
636 4450 724 4502 neque
741 4449 756 4483 a
775 4430 954 4486 Melanthone
974 4432 1140 4501 profectum.

249 4520 337 4573 eaque
355 4502 389 4554 da
409 4518 490 4557 causa
510 4501 554 4554 bic
574 4503 793 4571 praetermissum
810 4511 858 4558 est.
896 4500 958 4556 Vid.
971 4502 1053 4555 etiarn
1070 4499 1140 4572 Epp.

251 4573 317 4627 vot.
329 4570 378 4626 ιιι.
395 4591 421 4644 p.
433 4571 494 4625 ιεε.
506 4568 567 4626 us.

168 4735 335 4824 Querela
371 4735 565 4814 Lazari,
611 4734 866 4823 pronsutcs‘otu
896 4753 921 4803 o
951 4730 1113 4826 quodum

400 4832 890 4931 scholastico-Vitederpue.

138 4980 316 5080 Pergrata
339 4988 444 5057 nobis
466 4981 552 5056 haec
576 4986 720 5055 dicendi
743 4989 962 5057 consuetudo
984 5009 1058 5055 esse
1073 4986 1138 5053 de-

140 5097 221 5177 het,
246 5114 320 5161 uon
341 5104 479 5160 tanturn
502 5113 543 5158 eo
564 5090 660 5183 quod
680 5085 828 5157 Latinae
845 5090 987 5178 linguae
1002 5087 1135 5157 exerci-

142 5199 235 5268 tium
258 5206 460 5271 conservat,
487 5192 746 5284 propterquod
767 5191 954 5281 praecipue
972 5191 1133 5259 instituta

141 5312 211 5384 εει,
238 5296 429 5368 sedetiam
453 5293 536 5385 quia
561 5294 665 5364 nobis
687 5294 831 5387 quidem
848 5293 1132 5363 adolescentibus

1195 3274 1274 3319 cum
1301 3263 1382 3319 ante
1401 3249 1503 3318 aedes
1521 3249 1595 3318 eius
1611 3249 1785 3341 quispiam
1803 3273 1952 3339 pauper,
1977 3248 2033 3316 cui
2050 3246 2184 3315 Lazaro

1196 3375 1324 3421 nomeu
1354 3352 1439 3430 fuit,
1475 3352 1621 3431 iaceret,
1654 3364 1832 3439 aegrotus,
1866 3351 2030 3444 squalens
2055 3347 2186 3417 ulceri-

1196 3455 1280 3538 bus,
1312 3455 1500 3522 destitutus
1525 3451 1684 3522 omnium
1712 3449 1899 3522 hominum
1923 3476 2008 3543 ope,
2034 3464 2185 3542 peteret·

1195 3581 1264 3650 que
1288 3557 1482 3646 pauxillum
1508 3556 1596 3640 cibi,
1623 3557 1720 3625 clives
1746 3580 1808 3625 sua
1827 3557 1969 3625 fortuna
1988 3554 2123 3636 ebrius,
2150 3564 2186 3620 et

1194 3659 1327 3729 ohtttus
1355 3658 1513 3727 coelestis
1544 3661 1702 3727 mandati
1732 3672 1766 3728 et
1798 3659 1996 3728 communis
2028 3670 2185 3735 naturae,

1195 3786 1284 3854 quae
1309 3784 1375 3830 nos
1399 3762 1442 3830 ad
1466 3774 1559 3830 certa
1583 3761 1698 3830 officia
1721 3761 1853 3848 obligat
1869 3757 2185 3851 praestandacala-

1194 3863 1347 3947 mitosis,
1380 3863 1548 3930 miserum
1572 3863 1672 3931 illum
1696 3862 1852 3952 negligit.
1909 3861 2070 3954 Cumque
2094 3882 2185 3951 quo-

1193 3966 1279 4034 tidie
1304 3968 1347 4033 ad
1373 3964 1587 4033 vestibulum
1621 3965 1791 4034 iacentem
1817 3966 1856 4033 in
1889 3964 2024 4053 magnis
2048 3961 2185 4031 crucia-

1193 4067 1288 4136 tibus
1306 4067 1458 4145 videret,
1487 4066 1665 4153 praeteriit
1682 4081 1799 4136 tamen
1813 4068 1928 4137 ferreo
1945 4065 2085 4146 animo,
2109 4086 2185 4128 riou

1192 4170 1258 4253 ali,
1290 4192 1364 4237 non
1389 4169 1505 4236 sanari
1531 4182 1646 4254 curat,
1681 4170 1837 4239 fortassis
1862 4170 1966 4239 etiarn
1991 4167 2185 4236 arbitratur

1191 4271 1347 4342 alienum
1380 4293 1455 4338 esse
1484 4271 1655 4359 gravitate
1684 4272 1885 4362 visitanti,
1920 4270 2053 4359 alloqui
2075 4265 2185 4332 mise-

1191 4397 1289 4454 rum,
1316 4387 1376 4443 aut
1400 4373 1476 4440 eius
1501 4396 1603 4443 causa
1622 4374 1713 4462 angi.
1768 4372 1904 4443 lnterea
1923 4371 2048 4461 stipem
2066 4365 2184 4459 porri-

1190 4488 1279 4567 gunt
1302 4473 1413 4566 aliqui
1438 4475 1481 4542 de
1505 4476 1638 4565 populo
1662 4470 1824 4545 homines
1845 4476 1916 4566 pii,
1943 4486 1975 4541 ει
1991 4471 2107 4540 ulcera
2124 4492 2184 4537 ca·

1191 4601 1253 4646 nes
1284 4577 1522 4658 medicantur,
1564 4576 1683 4664 lingua
1716 4579 1911 4665 detergunt,
1932 4599 1972 4643 ac
2003 4572 2183 4661 mitigant.

1190 4679 1261 4750 Sed
1284 4694 1361 4770 post
1383 4691 1532 4747 mortem
1549 4676 1701 4747 Lazarus
1719 4681 1874 4747 donatur
1892 4675 2101 4746 coelestibus
2115 4675 2183 4741 do-

1189 4781 1262 4866 nis,
1296 4782 1393 4851 dives
1420 4781 1478 4848 illc
1509 4780 1681 4868 superbus
1713 4794 1746 4851 et
1773 4780 1926 4849 crudelis
1954 4777 2120 4847 abiicitur
2143 4775 2182 4842 in

1188 4883 1362 4952 cruciatus
1385 4896 1555 4951 aeternos.
1608 4880 1711 4951 llanc
1734 4876 1919 4952 historiam
1936 4881 2059 4950 recitat
2074 4873 2183 4947 Chri·

1187 4998 1279 5065 stus,
1314 5000 1353 5054 ιιι
1381 4985 1579 5074 exemplum
1610 4986 1797 5053 universae
1817 4982 1994 5053 Ecclesiae
2019 4981 2180 5050 omnium

1187 5102 1386 5177 temporum
1415 5100 1598 5177 proponat.
1650 5084 1803 5155 Lazarus
1828 5101 1904 5155 erat
1927 5083 2092 5154 Ieremias
2117 5102 2179 5147 sua

1186 5203 1318 5274 aetate,
1353 5213 1455 5282 quem
1478 5186 1661 5278 Principes
1690 5212 1730 5256 ac
1753 5186 1941 5257 Pontifices
1969 5207 2041 5253 non
2071 5183 2179 5249 modo

1185 5293 1335 5381 superbe
1358 5293 1651 5370 contemnebant,
1678 5291 1739 5359 sed
1756 5291 1860 5360 etiam
1878 5289 2002 5358 acerbe
2017 5285 2181 5358 oderant.
2303 5332 2310 5343 .
