4664 6022
154 287 201 368 61

151 487 214 536 uec
237 475 334 534 recte
355 462 499 546 dicendi
514 458 747 560 archetypum
763 466 865 536 facile
879 488 1030 560 usquam
1046 490 1149 560 repe-

150 567 220 638 rias
238 559 310 635 hoc
329 566 408 637 loco
425 567 697 654 absolutiorem,
723 569 824 640 cuius
847 569 1056 659 elegantiam
1074 571 1150 640 vir-

149 681 315 762 tutesque
326 692 453 738 ornnes
465 669 496 737 is
510 669 654 739 demum
668 671 818 765 propius
834 685 965 757 cernet,
988 671 1050 764 qui
1065 671 1149 740 imi-

148 770 214 842 tari
230 782 270 839 et
283 770 481 862 exprimere
495 770 587 865 stylo
602 773 802 847 conabitur.
854 771 949 844 Cave
967 772 1062 842 enim
1080 798 1149 865 pu-

148 886 198 944 tes
212 869 418 943 Homerum
441 886 573 944 temere
595 897 616 944 a
631 871 683 943 M.
701 872 870 946 Cicerone
891 875 997 966 plane
1013 870 1147 946 Orato-

148 999 222 1047 rem
237 974 382 1062 vocari,
406 986 468 1045 aut
486 975 686 1046 inconsulte
702 978 881 1069 scripsisse
898 976 1061 1062 Fabium,
1087 1002 1146 1047 ex-

149 1076 276 1148 cellere
290 1070 389 1167 hunc
403 1074 549 1147 Poetam
571 1078 735 1149 oratoriis
758 1078 927 1149 omnibus
942 1080 1145 1151 virtutibus.

151 1176 221 1250 tam
236 1202 333 1272 quae
349 1202 452 1249 scena
469 1202 525 1248 res
539 1174 712 1250 humanas
727 1181 845 1252 verius
860 1183 1146 1274 repraesentavit,

156 1304 254 1375 quam
270 1277 423 1350 Homeri
440 1304 600 1366 carmen,
626 1296 667 1352 ut
681 1283 757 1352 lieri
772 1297 934 1377 nequeat,
960 1285 1048 1378 quin
1065 1285 1143 1353 obi-

151 1396 197 1454 ter
209 1395 252 1453 et
264 1406 389 1452 rerum
407 1382 641 1454 admiratione
656 1398 862 1474 tangamur,
889 1411 999 1479 quum
1016 1385 1144 1456 dictio-

148 1508 227 1555 nem
244 1485 525 1559 consideramus.
563 1480 733 1558 Offerunt
749 1510 823 1557 sese
843 1489 938 1557 ultro
955 1490 1142 1580 spectanda

147 1610 298 1657 morum-
326 1587 503 1678 exempla,
542 1584 750 1680 Principum
779 1590 946 1683 vulgique
976 1592 1144 1674 adfectus,

147 1689 245 1760 veria
270 1711 393 1759 rerum
416 1701 592 1779 gestarum
618 1691 785 1760 consilia:
819 1692 949 1785 quibus
972 1693 1041 1760 nisi
1061 1716 1144 1761 eru-

147 1791 214 1861 diri
236 1790 380 1860 animos
399 1787 602 1860 Arcesilaus
624 1793 809 1878 sensisset,
843 1818 1026 1885 nunquam
1047 1818 1144 1863 ama-

145 1893 238 1965 sium
272 1916 379 1963 suum
412 1890 608 1962 Homerum
642 1909 810 1968 vocasset.
869 1891 966 1964 Mihi
998 1897 1141 1988 quidem

146 1995 310 2066 omnium
329 2017 419 2087 quae
435 1988 623 2064 hominum
639 1997 780 2086 ingenia
797 2020 976 2088 peperere,
1000 1999 1141 2066 nullum

146 2096 362 2191 prudentius
370 2093 560 2166 Homerico
575 2098 745 2188 scriptum
763 2111 879 2168 extare
889 2099 1040 2171 videtur.
1068 2097 1141 2167 Nec

146 2197 343 2271 dubitarim
359 2198 562 2284 adfirmare,
577 2203 680 2291 quod
697 2198 868 2270 Horatius
882 2202 1036 2285 censuit,
1061 2201 1142 2270 Ho-

146 2324 298 2385 merum,
323 2300 411 2393 quid
426 2312 573 2385 rectum,
597 2302 684 2394 quid
699 2303 787 2371 utile
801 2303 857 2387 sit,
882 2303 1009 2374 melius
1024 2300 1140 2397 Chry-

145 2403 246 2496 sippo
263 2414 301 2471 et
313 2400 487 2474 Crantore
503 2403 637 2472 docere.
691 2403 833 2492 Quaeso
854 2405 917 2497 qui
939 2406 1054 2495 potuit
1067 2404 1141 2475 Re-

145 2526 225 2595 gum
252 2502 434 2577 temeritas
457 2504 617 2574 festivius
641 2507 774 2592 notari,
807 2530 914 2601 quam
936 2532 1015 2576 cum
1041 2507 1141 2595 lingit

146 2605 285 2677 somnio
319 2619 536 2676 commotum
569 2603 893 2696 Agamemnonem,
932 2609 1139 2678 universum

147 2709 341 2779 exercitum
357 2705 534 2778 Graecum
549 2708 589 2776 in
606 2710 796 2779 discrimen
812 2711 1012 2781 adducere?
1042 2712 1142 2782 Con-

146 2823 209 2882 stat
230 2809 331 2881 enim
351 2833 459 2904 qrram
486 2811 534 2880 ob
563 2811 709 2882 frivolas
733 2834 853 2883 causas
879 2837 1138 2907 nonnunquam

145 2912 262 2984 amnia
276 2910 459 2990 ,misceant
475 2910 669 3005 Principes.
722 2912 821 3003 Quid
842 2914 881 2983 in
897 2912 1049 2985 Achillis
1066 2915 1141 3009 cly-

147 3015 234 3109 peo?
260 3037 386 3083 nonne
398 3037 515 3084 rerum
531 3015 722 3100 elementa,
748 3029 783 3087 et
802 3016 994 3103 clarissima
1012 3018 1139 3101 sidera,

144 3130 325 3210 praeterea
343 3111 471 3185 horum
489 3117 622 3208 positus
638 3119 745 3188 etiam
765 3142 805 3188 ac
819 3133 955 3190 meatus
973 3116 1139 3211 graphice

144 3218 350 3310 descripsit,
382 3220 477 3287 uude
500 3231 619 3310 postea
643 3234 679 3290 et
697 3216 908 3313 Philosophi
930 3223 1138 3292 dimetiendi

143 3322 231 3393 coeli
244 3320 422 3390 rationem
440 3320 627 3413 accepere?
676 3319 767 3392 Nam
784 3336 818 3391 et
834 3325 958 3391 eodem
976 3324 1054 3393 loco
1069 3325 1139 3391 cir-

143 3423 285 3512 cumagi
306 3417 444 3491 Arcton
467 3422 603 3515 inquit,
633 3446 876 3517 necunquam
901 3424 1078 3508 occidere,
1105 3439 1137 3494 et

145 3526 318 3616 eregione
333 3523 387 3593 illi
403 3525 602 3615 oppositum
617 3521 857 3596 esseOriona:
882 3550 951 3618 qua
965 3525 1136 3596 sententia

144 3628 277 3698 bonam
295 3621 545 3696 Astronomiae
562 3640 696 3718 partem
712 3629 913 3719 complexus
928 3641 990 3700 est.
1026 3627 1137 3717 Quid,

146 3732 241 3824 qnod
264 3728 401 3798 ibidem
421 3741 455 3799 et
475 3729 569 3820 pacis
591 3731 774 3798 commoda
795 3745 828 3801 ct
850 3731 935 3799 belli
953 3753 1136 3799 aerumnas

145 3831 239 3902 inter
265 3853 303 3901 se
325 3830 478 3915 confert,
511 3832 701 3901 cum‘duas
732 3833 852 3917 urbes,
882 3833 1027 3902 alteram
1045 3857 1136 3924 ,pace

144 3934 352 4016 llorentem,
378 3933 523 4002 alteram
546 3933 641 4003 bello
664 3947 833 4003 vastatam
856 3934 1039 4026 depingit?
1065 3960 1135 4029 quo

143 4036 254 4124 magis
273 4034 445 4119 invisum,
468 4034 616 4126 opinor,
639 4036 776 4105 bellum
790 4061 864 4106 rem
882 4037 1136 4129 perniciosissi-

144 4162 258 4223 mam,
291 4137 427 4227 optimo
459 4137 588 4230 cuique
617 4139 755 4208 faceret.
816 4136 858 4207 ln
894 4152 1015 4230 pacata
1045 4141 1135 4208 urbe

144 4240 279 4333 nuptiis
293 4239 394 4310 locus
408 4251 471 4321 est,
496 4253 703 4310 exercentur
717 4240 859 4325 iudicia,
884 4255 1039 4331 aguntur
1052 4265 1135 4310 cau-

146 4363 217 4429 tae,
243 4340 475 4412 admirationi
500 4354 582 4411 sunt
599 4334 779 4412 Oratores.
832 4341 874 4411 ln
899 4344 1007 4413 altera
1026 4343 1135 4443 jugu-

146 4442 265 4516 lantur
278 4443 402 4528 liberi,
427 4443 532 4512 silent
547 4444 657 4533 leges,
683 4459 821 4515 mutum
836 4459 887 4514 est
902 4447 1041 4530 sorum,
1069 4470 1133 4536 po-

146 4560 272 4618 stremo
289 4546 489 4615 miseranda
509 4557 562 4615 est
584 4547 746 4615 omnium
761 4547 920 4617 civilium
938 4572 1056 4616 rerum
1072 4573 1134 4616 va-

146 4649 254 4723 stitas.
300 4646 400 4737 Quid
415 4649 501 4717 cedo
517 4647 633 4738 potuit
647 4644 714 4717 hoc
730 4642 930 4719 commento
944 4649 1132 4738 excogitari

145 4749 380 4842 prudentius?
410 4748 533 4842 Neque
550 4750 644 4819 enim
663 4750 783 4841 plures
796 4750 943 4820 Homeri
961 4751 1056 4820 locos
1073 4747 1132 4822 hic

145 4854 316 4943 attingere
340 4852 455 4921 visum
481 4864 543 4925 est.
603 4848 760 4923 Tantum
790 4848 854 4922 hos
884 4853 1058 4937 indicavi,
1092 4867 1131 4925 ut

144 4956 312 5028 studiosis
330 4953 614 5024 adulescentibus
634 4955 738 5023 fidem
759 4954 930 5047 facerem,
954 4957 1130 5025 bonorum

142 5059 355 5151 scriptorum
370 5056 574 5145 cognitione
593 5080 667 5126 non
688 5079 728 5124 os
744 5068 882 5126 tantum
904 5083 942 5127 ac
961 5057 1132 5146 linguam,

141 5162 201 5230 ted
224 5172 348 5252 pectus
365 5159 472 5227 etiam
497 5159 655 5230 formari.
709 5155 750 5227 ld
773 5159 903 5249 opinor
925 5159 964 5228 in
981 5161 1131 5230 consilio

141 5262 323 5355 quondam
338 5256 485 5329 Graecis
507 5261 592 5344 fuit,
618 5284 682 5331 cur
697 5258 893 5331 Homerum
917 5262 1132 5336 familiariss.

142 5376 267 5434 notum
283 5384 359 5432 esse
374 5363 448 5432 suis
463 5357 670 5431 hominibus
685 5362 873 5434 voluerint.
909 5362 1022 5434 Solon
1036 5365 1131 5433 enim

144 5463 396 5538 etPisistratus
412 5465 487 5554 lege
506 5464 783 5551 constituerunt,
808 5477 849 5536 ut
870 5464 968 5537 illius
990 5489 1132 5536 carmen

644 287 806 367 naor.
836 288 912 368 ou
942 288 1220 369 ancorato
1252 289 1700 391 annonanrran
1760 239 1771 249 ’

2144 289 2196 367 58

1199 469 1326 553 ordine
1343 468 1572 559 digereretur.
1624 467 1716 540 Nam
1732 491 1841 539 aureo
1857 467 1922 538 illo
1940 467 2059 538 seculo
2075 459 2194 538 adhuc

1197 594 1342 641 suarum
1365 571 1520 663 partium
1542 570 1726 662 Principes
1751 594 1823 641 esse
1848 570 2064 655 sentiebant,
2089 592 2193 662 prae-

1196 687 1304 759 stare,
1329 697 1375 743 ne
1392 675 1490 767 quod
1506 675 1593 744 utile
1611 673 1780 765 scriptum
1798 673 2034 743 intercideret.
2087 669 2192 742 Nunc

1196 776 1332 865 regium
1346 773 1441 845 nihil
1457 789 1527 861 est,
1552 776 1622 846 nisi
1638 778 1732 847 idem
1747 775 1793 847 sit
1809 773 1991 868 ἄμουσον.
2028 771 2115 843 Mox
2134 772 2192 841 in-

1196 878 1359 948 stitutum
1374 891 1446 962 est,
1470 891 1512 948 ut
1530 900 1549 946 a
1565 873 1768 970 Rhapsodis
1789 901 1849 947 seu
1866 875 2098 961 Homeristis,
2124 899 2192 967 pu-

1195 980 1287 1049 blice
1311 979 1350 1047 in
1376 974 1523 1050 theatris
1540 982 1787 1051 decantaretur
1797 977 2029 1049 Homericum
2052 991 2191 1069 poema,

1196 1095 1235 1151 ut
1255 1081 1379 1151 divino
1401 1084 1557 1151 carmine
1580 1081 1749 1151 iuvenum
1773 1104 1874 1151 aures
1890 1081 2041 1149 adsiduo
2065 1101 2191 1169 perso-

1196 1198 1341 1268 narent,
1364 1198 1522 1277 essetque
1538 1207 1676 1276 semper
1690 1185 1729 1251 in
1744 1197 1910 1275 promptu
1928 1196 2022 1252 recte
2035 1180 2191 1264 dicendi,

1195 1286 1449 1379 iudicandique
1473 1287 1605 1376 regula.
1660 1285 1901 1355 Foelicissime
1924 1308 2005 1353 cum
2030 1282 2190 1352 Homero

1194 1386 1341 1457 certavit
1363 1411 1403 1456 ex
1422 1386 1560 1458 Latinis
1580 1386 1776 1478 Vergilius,
1809 1386 1984 1479 planeque
2008 1409 2091 1477 par,
2117 1382 2189 1451 nisi
2309 1378 2314 1439 ἶ

1193 1490 1317 1573 fallor,
1341 1490 1483 1583 utrique
1501 1491 1596 1575 laus,
1622 1492 1695 1558 sive
1719 1488 1912 1559 dictionem
1937 1501 2088 1579 spectes,
2113 1485 2187 1554 sive

1195 1593 1450 1661 sententiarum
1466 1593 1692 1682 gravitatem,
1718 1592 1880 1664 debetur.
1919 1586 2018 1678 Quid
2034 1585 2190 1678 Tragici,

1192 1717 1298 1786 quam
1319 1694 1443 1763 multis
1469 1694 1635 1784 exemplis
1658 1709 1892 1788 tyrannorum
1912 1714 2029 1759 mores
2054 1703 2087 1760 et
2114 1689 2187 1759 fata

1193 1796 1429 1886 proposuere?
1466 1794 1565 1883 Quid
1589 1797 1788 1875 comoedia,
1821 1794 1891 1863 nisi
1915 1795 2072 1884 privatae
2093 1790 2186 1859 vitae

1192 1897 1397 1989 speculum?
1423 1896 1465 1968 ln
1488 1899 1695 1967 universum
1710 1897 1797 1990 quid
1822 1907 1999 1987 praestare
2020 1891 2187 1963 studiosis

1191 2000 1329 2091 poetica
1352 2000 1478 2089 possit,
1504 1999 1675 2069 indicavit
1698 1997 1841 2069 Fabius.
1890 1994 1967 2086 Ego
1992 1997 2185 2085 figurarum

1192 2102 1328 2192 copiam
1351 2101 1539 2191 praecipue
1558 2115 1698 2171 nostrae
1721 2096 1876 2169 orationi
1891 2099 2116 2189 suppeditare
2130 2093 2186 2161 vi-

1191 2205 1270 2287 deo,
1288 2201 1530 2295 varietateque
1546 2227 1666 2273 rerum
1683 2202 1820 2271 animos
1838 2215 1914 2271 tum
1930 2201 2084 2284 erudire,
2106 2211 2184 2268 tum

1191 2305 1374 2377 delectare.

1296 2404 1455 2475 Historia
1471 2405 1644 2475 iudicium
1660 2405 1819 2489 formari,
1844 2403 2057 2496 dicendique
2070 2398 2184 2470 facul-

1191 2520 1296 2578 tatem
1313 2489 1434 2598 aug⁸eri
1449 2504 1707 2579 Demosthenes
1722 2508 1877 2592 censuit,
1900 2530 1981 2576 cum
1994 2499 2183 2596 Thucydi-

1191 2614 1271 2680 dem
1287 2611 1373 2679 adeo
1390 2610 1601 2679 familiarem
1617 2612 1687 2681 sibi
1701 2611 1794 2695 lecit,
1821 2624 1863 2679 ut
1876 2609 1984 2678 octies
1999 2605 2105 2674 etiam
2118 2603 2182 2672 de·

1188 2712 1378 2802 scripserit.
1431 2708 1575 2783 Amavit
1597 2728 1632 2784 et
1652 2708 1927 2804 Xenophontem
1944 2707 2083 2779 Cicero.
2133 2700 2196 2773 Et-

1189 2839 1270 2883 cum
1285 2814 1450 2883 universa
1464 2809 1610 2884 historia
1627 2810 1789 2887 πολιτεία
1804 2813 1976 2905 quaedam
1993 2811 2051 2897 sit,
2065 2806 2182 2876 varias

1190 2918 1517 2987 constituendarum
1533 2941 1653 2986 rerum
1669 2915 1891 3009 publicarum
1907 2914 2038 2983 formas
2053 2912 2179 2979 adum·

1189 3021 1280 3091 brat.
1331 3015 1421 3089 Nam
1436 3013 1551 3099 uthic
1564 3014 1656 3088 nihil
1678 3020 1775 3088 aliud
1793 3017 1930 3102 dicam,
1955 3012 2043 3109 quid
2065 3009 2182 3081 admi·

1189 3120 1338 3190 rabilius
1360 3134 1412 3190 est
1429 3124 1508 3192 τῶν
1529 3124 1721 3192 πολιτειῶν
1742 3120 1931 3189 collatione
1954 3116 2046 3208 apud
2062 3111 2180 3181 Hero-

1188 3227 1331 3307 dotum,
1361 3222 1426 3291 ubi
1455 3219 1643 3292 Persarum
1666 3221 1834 3312 Satrapae
1865 3221 1925 3289 alii
1952 3209 2178 3310 δημαρχίαν,

1188 3325 1250 3392 alii
1273 3317 1508 3422 ὀλιγαρχίαν,
1539 3325 1602 3393 alii
1631 3319 1844 3417 μοναρχίαν
1867 3319 2044 3414 probant?
2095 3314 2179 3403 Quo

1187 3427 1266 3493 loco
1280 3426 1378 3493 vides
1394 3425 1640 3511 gravissimum
1658 3425 1864 3513 scriptorem
1879 3422 2024 3489 morbos
2045 3436 2181 3498 omnes,

1189 3526 1344 3618 vitiaque
1376 3525 1578 3611 civitatum,
1612 3526 1709 3596 velut
1741 3526 1779 3592 in
1812 3522 1934 3594 tabula
1966 3518 2177 3610 depinxisse.

1191 3627 1323 3698 Verum
1339 3651 1444 3697 nemo
1459 3640 1531 3697 tam
1546 3628 1753 3719 imprudens
1768 3640 1829 3710 est,
1847 3624 1908 3719 qui
1923 3647 1996 3692 non
2010 3617 2079 3691 hoc
2091 3642 2179 3690 con-

1186 3730 1266 3799 silio
1287 3730 1578 3802 animadverterit
1600 3730 1815 3821 conscriptas
1835 3751 1908 3797 esse
1929 3721 2114 3807 historias,
2138 3733 2180 3790 ut

1187 3833 1346 3901 omnium
1364 3826 1605 3901 humanorum
1622 3832 1819 3901 officiorum
1836 3829 1993 3918 exempla
2007 3839 2179 3917 tauquam

1189 3935 1225 4002 in
1247 3933 1379 4003 illustri
1403 3935 1518 4025 posita
1535 3935 1612 4003 loco
1628 3944 1865 4003 cernerentur.
1919 3929 2020 4018 Quae
2036 3928 2065 3996 si
2084 3919 2177 3994 nihil

1187 4038 1231 4105 ad
1260 4036 1473 4106 erudiendos
1508 4037 1780 4132 recitandosque
1808 4031 2013 4131 mortalium
2040 4029 2178 4098 animos

1186 4141 1403 4230 conducunt,
1428 4136 1515 4233 quid
1529 4139 1615 4222 fuit,
1636 4163 1700 4208 cur
1712 4135 1832 4228 Scipio
1848 4135 1998 4204 senserit
2013 4156 2049 4202 se
2062 4131 2176 4200 claro.-

1187 4265 1266 4310 rum
1297 4241 1459 4309 virorum
1492 4240 1663 4329 imagines
1691 4240 1906 4321 intuentem,
1937 4236 1982 4305 ad
2008 4233 2177 4304 virtutem

1186 4341 1354 4412 accendi?
1394 4336 1564 4412 Oratores
1589 4365 1669 4411 cum
1690 4339 1923 4431 Respubliras
1950 4335 2178 4406 administra·

1184 4445 1271 4530 rint,
1297 4457 1331 4513 et
1346 4443 1385 4511 in
1400 4443 1540 4512 iudiciis
1556 4443 1694 4528 versati,
1720 4443 1764 4511 de
1782 4442 1870 4521 iure,
1897 4463 2009 4532 aequo
2024 4460 2064 4506 ac
2078 4437 2175 4505 bono

1184 4560 1256 4617 tam
1270 4543 1381 4615 multa
1401 4544 1651 4628 disseruerint,
1676 4556 1950 4613 consentaneum
1966 4552 2034 4622 est,
2058 4536 2175 4627 plera-

1184 4672 1252 4740 que
1269 4647 1403 4717 utiliter
1417 4642 1572 4717 fnonere.
1611 4646 1702 4737 Quis
1718 4644 1812 4714 enim
1828 4635 2081 4731 Philosophiae
2097 4660 2174 4705 mo-

1184 4750 1267 4818 ralis
1290 4750 1388 4818 locus
1407 4763 1477 4834 est,
1500 4773 1605 4843 quem
1624 4772 1699 4816 nou
1720 4745 1901 4837 attigerint
1920 4735 2174 4816 Demosthenes

1183 4877 1222 4921 ac
1245 4848 1394 4922 Cicero?
1430 4845 1615 4943 Optimam
1637 4844 1842 4930 πολιτείαν,
1878 4868 1982 4915 nemo
2006 4838 2172 4912 Philoso-

1182 4950 1336 5046 phorum
1353 4953 1402 5022 sic
1416 4945 1674 5050 ἐζωγράφησε,
1698 4975 1738 5021 ac
1752 4951 1807 5019 illi
1823 4950 1862 5017 in
1875 4944 2074 5017 actionibus
2088 4942 2172 5027 suis,

1183 5081 1262 5126 cum
1282 5056 1320 5124 in
1336 5055 1570 5145 improbosue
1586 5053 1771 5123 seditiosos
1788 5052 1899 5134 cives,
1917 5064 2083 5141 tanquam
2099 5046 2173 5113 fer-

1181 5183 1278 5241 rum,
1309 5158 1440 5251 stylum
1469 5157 1667 5246 stringunt,
1699 5179 1780 5225 cum
1808 5155 1976 5224 adversus
2004 5143 2172 5218 hostilem

1181 5261 1253 5328 vim
1270 5257 1503 5350 Respublicas
1518 5258 1665 5328 consilio
1683 5255 1864 5328 muniunt.
1915 5251 2014 5342 Quid
2029 5252 2073 5320 de
2086 5269 2172 5339 pace

1181 5361 1389 5454 popularius
1403 5361 1592 5453 veriusque
1604 5357 1793 5449 excogitari
1808 5357 1937 5449 potuit,
1953 5376 2059 5448 quam
2072 5348 2170 5442 quod

1180 5465 1221 5534 in
1237 5488 1278 5535 ea
1292 5463 1453 5534 oratione
1477 5486 1546 5557 qua
1569 5462 1681 5552 legem
1695 5459 1868 5552 agrariam
1886 5455 2084 5538 dissuadet,
2106 5446 2171 5522 ci-
