4664 6022
234 322 308 397 aas
600 242 604 249 ¹
710 297 871 378 onon
909 291 989 374 nu
1020 286 1223 370 atero:
1266 294 1354 373 s1s
1389 290 1696 373 in'ranvus
1724 311 1809 371 arc.
2204 292 2273 369 rao

169 564 175 569 .
231 496 286 574 Ex
314 460 465 568 lectione
489 495 649 558 sumatur
679 475 840 548 doctrina
862 474 1004 544 redacta
1026 469 1064 538 in
1089 491 1231 563 corpus,
1282 468 1441 540 docentis
1461 488 1588 539 norma
1610 467 1728 544 lectio.
1780 465 1871 537 Nam
1891 464 2020 538 exillis
2039 466 2222 549 sontibus,
2246 469 2277 539 id

234 619 270 675 ct
296 590 497 674 testimonia
527 590 566 657 in
594 581 695 653 libris
727 590 990 660 monstrentur3
1024 573 1234 643 ostendatur
1283 586 1355 659 est,
1380 596 1421 641 ex
1445 571 1549 641 libris
1572 568 1790 666 propheticis
1815 583 1850 641 et
1877 570 2081 662 apostolicis
2110 573 2278 644 sumenda

234 705 322 794 legis
346 712 380 770 et
392 689 578 782 Evangelii
600 683 811 767 discrimen,
838 693 874 750 et
894 678 1021 748 ordine
1045 675 1234 745 tradantur
1285 674 1550 765 estexplicatio.

237 802 378 880 articuli
393 798 495 879 fidei,
519 807 553 862 et
568 786 705 859 erudite
721 785 963 860 illustrentur,
989 802 1027 847 ac
1041 780 1236 868 prudenter
1388 772 1434 846 Et
1450 771 1729 863 haecdiligentia
1745 785 1839 845 recte
1853 774 2028 861 docendi,
2052 774 2215 867 primum
2226 798 2281 844 ne-

237 913 355 981 iontes
372 922 495 973 eornm
511 892 800 967 considerentur,
827 885 866 953 in
890 884 1020 977 quibus
1042 879 1128 949 locis
1152 904 1237 971 pro·
1288 879 1437 950 cessaria
1458 892 1509 949 εει
1536 878 1581 948 ad
1600 900 1719 946 veram
1741 876 1958 967 agnitionem
1982 875 2050 948 Dei
2077 890 2115 948 et
2135 878 2183 947 ad
2211 876 2282 947 aui·

239 1008 462 1108 pheticorum
479 1012 513 1070 et
531 991 805 1089 apostolicorum
826 986 1001 1057 librorum
1015 982 1147 1071 singuli
1165 997 1239 1053 tra·
1288 1005 1427 1052 inarum
1443 981 1610 1050 salutem:
1637 978 1766 1049 dein'de
1789 994 1824 1051 et
1850 982 1894 1050 ad
1913 981 2145 1051 concordiam
2170 981 2285 1072 puhli-

240 1118 381 1186 damur‚
825 1162 830 1179 ,
1290 1109 1366 1154 cam
1382 1084 1602 1153 retinendam
1617 1081 1718 1152 utilis
1733 1095 1797 1154 est.
1846 1081 2051 1176 Plerunque
2067 1082 2172 1153 enirn
2188 1081 2286 1153 dissi·

343 1211 575 1282 Discornatur
588 1197 750 1270 doctrina
768 1195 812 1264 de
829 1189 928 1276 Deo,
955 1187 1099 1281 propria
1116 1181 1241 1256 Eccle-
1291 1189 1349 1258 dia
1366 1187 1532 1255 oriuntur
1546 1185 1649 1268 inde,
1667 1207 1757 1255 'cnm
1776 1185 1992 1275 negligentes
2008 1182 2191 1255 Doctores
2205 1186 2286 1256 dicta

244 1323 317 1390 siae
351 1315 395 1383 ah
426 1305 579 1380 ethnicis
612 1315 646 1370 et
680 1298 759 1368 aliis
790 1293 1032 1386 opinionibus.
1092 1287 1241 1359 Necesse
1293 1289 1487 1380 impropria
1501 1299 1688 1379 spargunt,
1714 1311 1804 1381 quae
1818 1288 2006 1356 dissimiles
2019 1287 2237 1377 opiniones,
2258 1302 2286 1360 et

246 1436 298 1492 est
313 1417 407 1486 enim
424 1410 553 1480 sentire
573 1407 616 1474 de
635 1403 731 1484 Deo,
759 1399 848 1466 sicut
870 1421 906 1466 se
930 1392 1112 1486 patefecit,
1139 1412 1241 1458 mon·
1292 1406 1333 1462 nt
1348 1393 1396 1461 ita
1415 1390 1552 1474 dicam,
1577 1389 1765 1458 dissimiles
1781 1388 1878 1459 ideas
1894 1391 1930 1459 in
1949 1390 2137 1460 mentibus
2155 1391 2287 1461 aridita-

247 1520 365 1594 stratis
393 1515 509 1586 tribus
536 1505 714 1601 personis,
747 1512 892 1570 aeterno
917 1496 1040 1575 Patre,
1068 1493 1182 1575 Filio,
1209 1504 1243 1559 et
1294 1519 1372 1564 ram
1390 1493 1551 1583 gignunt.
1602 1491 1658 1562 Sit
1684 1492 1792 1581 igitur
1814 1495 1930 1562 oratio
1955 1493 2287 1586 docentispropria,

248 1623 388 1718 Spiritu
403 1630 537 1686 sancto.
598 1605 808 1697 Exponatur
824 1600 1025 1670 mirandum
1041 1597 1109 1668 Dei
1126 1593 1242 1664 consi·
1295 1596 1458 1667 distincta
1495 1609 1529 1666 et
1563 1593 1767 1688 perspicua,
1817 1608 1852 1666 et
1885 1596 1931 1665 sit
1965 1619 2038 1666 una
2067 1596 2285 1687 consentiens

247 1729 358 1807 lium,
384 1719 478 1813 qnod
500 1737 579 1787 cum
596 1711 641 1780 sit
658 1709 792 1788 iustus,
825 1718 859 1775 ει
875 1696 1098 1771 horribiliter
1115 1698 1245 1767 irasca-
1295 1723 1363 1769 vox
1384 1695 1580 1784 Ecclesiae,
1614 1721 1736 1767 verum
1757 1692 1875 1767 Deum
1888 1712 1982 1768 recte
1997 1706 2039 1769 ‘et
2053 1699 2288 1771 ardenteriu-

248 1845 308 1902 tur
328 1836 487 1918 peccato,
516 1818 562 1886 ita
588 1815 731 1882 demum
756 1804 890 1899 placari
907 1802 1134 1873 iustissimam
1157 1799 1244 1867 iram
1297 1823 1438 1873 vocans.

248 1926 423 2005 voluerit,
448 1920 531 2016 quia
553 1916 648 1985 filius
669 1913 781 1981 factus
804 1923 855 1978 est
876 1907 1025 1998 supplex
1048 1927 1113 1994 pro
1129 1899 1245 1980 nohis,
1398 1902 1503 1972 Nunc
1525 1903 1569 1972 de
1589 1900 1693 1973 tertio
1716 1902 1877 1971 membro
1903 1902 2039 1989 dicam,
2068 1903 2291 1976 videlicetde

251 2047 286 2104 et
308 2033 345 2099 in
374 2049 448 2096 sese
467 2023 556 2091 iram
582 2013 774 2096 derivavit,
809 2024 924 2101 etpro
945 2007 1049 2076 nobis
1066 2003 1245 2097 piaculum
1297 2006 1552 2078 consolatione.
1602 2001 1684 2073 Non
1708 2005 1793 2076 satis
1814 2017 1866 2074 est
1890 2006 2004 2095 legere
2030 2007 2151 2077 libros
2174 2028 2289 2091 sacros,

252 2152 287 2207 et
301 2131 443 2200 victima
465 2127 577 2195 factus
597 2132 660 2192 est.
711 2112 921 2185 Doctrinam
942 2109 1048 2179 etiam
1065 2122 1248 2178 teneamus
1299 2134 1363 2178 nec
1385 2108 1468 2179 satis
1501 2121 1553 2178 εει
1580 2106 1779 2175 doctrinam
1804 2130 1923 2193 nosse,
1959 2121 2001 2178 nt
2025 2122 2170 2181 norunt
2198 2110 2289 2180 multi

252 2241 297 2308 de
319 2231 458 2304 duabus
482 2227 520 2294 in
543 2222 617 2292 lilio
640 2217 796 2298 naturis,
832 2215 927 2284 iusta
950 2213 1058 2281 illud:
1094 2207 1144 2278 Et
1167 2231 1248 2276 vet·
1297 2208 1415 2282 hostes
1439 2207 1518 2278 Dei.
1579 2208 1649 2280 Sed
1676 2212 1816 2279 accedat
1837 2210 1880 2279 ad
1896 2200 2090 2281 lectionem
2108 2227 2145 2284 et
2167 2214 2211 2283 ad
2225 2227 2291 2283 stn-

253 2331 586 2411 bumcarofactum
605 2336 665 2391 est.
704 2317 843 2390 Deinde
861 2317 1102 2385 discernamus
1116 2309 1251 2379 doctri·
1300 2315 1399 2384 dium
1437 2310 1639 2396 doctrinae,
1685 2313 1851 2382 ultimum
1884 2313 1974 2381 illud
2011 2338 2129 2406 opus,
2165 2316 2289 2386 scilicet

255 2464 338 2512 nam
363 2439 407 2504 de
430 2428 637 2503 remissione
660 2435 883 2515 peccatorum
905 2417 1078 2508 gratuita,
1110 2415 1156 2483 ab
1171 2411 1250 2504 opi·
1300 2414 1515 2499 consolatio,
1545 2437 1591 2483 ne
1611 2415 1769 2505 oppressi
1794 2429 1934 2506 peccato
1957 2428 1993 2486 ct
2012 2430 2153 2502 ιιιοιιε,
2175 2442 2289 2512 perea-
2324 2480 2328 2513 Ι

254 2540 425 2614 nionihus
449 2526 600 2603 ethnicis
622 2541 656 2598 et
674 2519 899 2617 pharisaicis,
924 2543 1015 2614 quae
1030 2518 1170 2606 lingunt
1184 2538 1249 2606 pro
1300 2542 1392 2593 mus.
1431 2515 1514 2587 Non
1529 2514 1816 2587 delectarisDeus
1831 2518 2033 2609 perditione
2048 2535 2195 2607 nostra,
2215 2520 2287 2591 scri-
2325 2518 2329 2547 ¹

256 2642 386 2716 nostris
419 2635 556 2708 delictis
584 2630 741 2722 precium
770 2639 806 2694 et
835 2620 1159 2713 compensationem
1189 2639 1251 2686 seu
1302 2634 1401 2715 ptum
1426 2633 1498 2704 est,
1539 2632 1575 2689 et
1597 2615 1694 2688 Deus
1715 2618 1789 2710 ipse
1811 2619 1947 2714 inquit:
1990 2621 2086 2694 Vivo
2113 2646 2198 2713 ego,
2218 2624 2283 2693 nolo

256 2741 375 2836 λύτρα
408 2762 482 2810 εεεε
509 2747 628 2805 nostra
659 2729 860 2811 benefacto,
892 2725 1135 2796 discernamus
1169 2718 1252 2789 fidei
1302 2737 1452 2793 mortem
1475 2721 1685 2814 peccatoris,
1707 2720 1782 2790 lsed
1805 2737 1846 2792 ut
1873 2738 2110 2795 convertatur
2138 2743 2173 2798 et
2201 2727 2279 2797 vivat

257 2847 464 2921 iustitiama
485 2834 692 2927 disciplina,
714 2832 891 2900 discamus
915 2826 976 2919 qui
993 2825 1066 2894 sint
1084 2821 1158 2890 veri
1176 2823 1252 2891 cul-
1302 2824 1471 2896 Patefecit
1496 2823 1604 2913 igitur
1625 2846 1662 2892 se
1683 2823 1797 2908 Deus,
1829 2826 1928 2895 dedit
1951 2821 2151 2919 Evangelii
2176 2852 2273 2910 vocor,

258 2967 335 3032 tus,
362 2948 606 3017 discernamus
619 2932 881 3004 invocationem
900 2928 967 3000 Dei
986 2924 1166 3018 propriam
1182 2922 1254 2995 Ec·
1304 2926 1401 2997 misit
1423 2926 1556 3010 filium,
1587 2949 1661 2994 non
1683 2927 1728 2995 ad
1751 2919 1950 2997 hocunum
1975 2953 2091 3020 opus,
2131 2943 2279 3022 utsrgnt

259 3053 385 3126 clesiac
408 3047 453 3116 ab
476 3038 634 3122 ethnica,
660 3036 836 3106 discamus
853 3031 939 3123 quid
957 3030 1002 3099 sit
1016 3024 1194 3111 Ecclesia,
1220 3039 1253 3096 et
1304 3041 1465 3123 peccata,
1498 3031 1557 3098 sed
1583 3029 1770 3120 praecipue
1793 3031 1837 3099 ad
1863 3025 1960 3100 hunc
1988 3032 2129 3120 linem,
2161 3050 2280 3107 ntvooe

259 3156 346 3253 quid
368 3152 412 3221 ab
434 3145 592 3237 imperiis
616 3141 765 3211 differat.
832 3132 929 3203 Haec
953 3131 1071 3201 omitia
1097 3130 1136 3198 in
1160 3153 1254 3224 sym·
1304 3130 1491 3222 Evangelii
1509 3130 1687 3223 etSpiritu
1703 3156 1768 3200 suo
1784 3135 2137 3207 sanctoconsoletur
2152 3155 2185 3209 et
2196 3135 2284 3227 erigat

259 3260 344 3333 holo
368 3255 405 3322 in
433 3244 666 3341 explicatione
689 3238 934 3311 Articulorum
955 3234 1036 3305 fidei
1053 3233 1180 3304 ordine
1195 3256 1255 3302 ex·
1306 3248 1446 3329 pectora
1464 3247 1602 3314 nostra,
1629 3233 1718 3303 etin
1739 3235 1843 3302 nobis
1860 3235 1974 3304 lucem
1992 3250 2028 3306 et
2048 3238 2225 3310 iusticiam
2242 3262 2286 3309 to-

257 3358 424 3456 ponenda
441 3365 535 3422 sunt,
1306 3338 1451 3421 cendat,
1471 3360 1607 3430 nosque
1620 3337 1753 3406 abolito
1770 3348 1910 3427 peccato
1925 3353 1957 3409 et
1971 3352 2114 3428 morte,
2141 3339 2285 3413 haeredes

363 3456 442 3529 Non
459 3466 530 3537 est,
555 3462 596 3519 ut
612 3446 715 3517 multi
735 3443 868 3515 indocti
886 3441 1104 3524 existimant,
1129 3435 1255 3508 Eccle·
1306 3441 1399 3511 vitae
1413 3453 1448 3508 et
1462 3440 1586 3507 salutis
1600 3450 1761 3508 aeternae
1780 3438 1918 3510 efficiat.

260 3569 332 3637 siae
353 3557 543 3649 sapientia,
570 3549 816 3631 barbaricum,
842 3545 1082 3645 ineruditum,
1101 3554 1135 3611 et
1156 3564 1255 3629 agre·
1407 3538 1571 3636 Cumque
1600 3538 1733 3612 Paulus
1761 3543 2042 3613 consolationem
2073 3546 2224 3619 lectioni
2242 3548 2290 3618 ssl-

262 3683 312 3739 ste
339 3661 521 3733 doctrinae
550 3675 677 3744 genus,
710 3663 750 3720 ιιι
774 3651 920 3719 fuerunt
943 3647 1035 3735 leges
1060 3645 1255 3713 multarum
1306 3642 1441 3734 iungit,
1466 3638 1535 3714 hoc
1556 3644 1672 3735 ipsum
1696 3659 1837 3728 monet,
1867 3641 1982 3714 Deum
1998 3670 2063 3737 per
2084 3643 2182 3721 hane
2197 3649 2289 3743 ipsam

262 3767 433 3861 gentium.
489 3758 563 3830 Nec
583 3769 635 3824 est
657 3765 797 3823 tantum
816 3744 1047 3838 Philosophia
1070 3747 1115 3815 de
1144 3744 1256 3815 mori·
1307 3772 1428 3817 vocem
1454 3746 1749 3837 promissionum,
1783 3769 1888 3839 quana
1905 3747 2064 3818 inlibris
2085 3747 2290 3845 propheticis

261 3876 346 3954 bus,
371 3880 411 3937 ut
426 3861 530 3932 multi
546 3870 689 3949 putant,
712 3866 745 3922 et
761 3866 802 3923 ut
818 3874 885 3920 nos
900 3848 1127 3919 meminimus
1141 3872 1256 3941 quen·
1308 3864 1343 3921 ει
1363 3849 1566 3940 εροειοΙίεἰε
1588 3846 1757 3936 legimus,
1790 3848 1966 3919 efficacem
1990 3874 2084 3936 esse,
2119 3856 2219 3948 quod
2241 3852 2291 3926 etsi

262 3979 343 4046 dam
360 3970 382 4036 'l
397 3962 578 4053 heologiae
604 3961 784 4027 doctorem
809 3954 944 4023 dicere:
974 3949 1095 4022 Etiam
1120 3950 1257 4020 amissis
1307 3947 1504 4043 prophanis
1520 3950 1709 4019 ridiculum
1724 3950 1881 4035 videtur,
1907 3966 2024 4021 tamen
2041 3976 2112 4025 nos
2128 3958 2169 4026 in
2187 3952 2293 4029 Eccle-

263 4075 364 4147 libris
389 4061 604 4161 propheticis
627 4072 661 4128 et
686 4057 907 4148 apostolicis,
938 4066 1076 4125 tantum
1092 4053 1131 4122 in
1149 4048 1258 4122 Ethi-
1308 4055 1358 4124 sia
1380 4067 1474 4122 certo
1499 4052 1648 4136 scimus,
1677 4048 1793 4121 Deum
1820 4052 1900 4122 ideo
1925 4053 2125 4129 instituisse
2146 4050 2294 4131 ministe-

263 4181 313 4250 cis
330 4169 532 4246 Aristotelis
554 4160 748 4253 'sapientiae
771 4181 862 4244 esse,
895 4171 935 4228 ut
951 4181 991 4226 ex
1009 4180 1050 4227 eo
1071 4155 1164 4226 libro
1179 4156 1256 4225 solo
1308 4156 1401 4225 rium
1412 4150 1615 4244 Evangelii,
1640 4167 1681 4224 ut
1696 4156 1872 4245 legamus,
1898 4157 2096 4244 discamus,
2122 4165 2295 4234 audiamus

262 4281 346 4353 satis
375 4272 493 4343 doceri
517 4263 674 4336 Ecclesia
698 4262 818 4353 possit.
880 4256 932 4329 Ac
957 4281 1094 4352 possem
1124 4257 1258 4328 similes
1309 4280 1430 4327 vocem
1455 4251 1661 4345 Evangelii,
1694 4271 1726 4326 et
1750 4271 1790 4329 ut
1810 4280 1873 4348 per
1894 4281 1970 4327 cam
1994 4285 2122 4333 vocem
2140 4265 2183 4334 in
2205 4264 2295 4337 nohis

264 4403 401 4457 errores
420 4373 613 4442 multorum
638 4366 804 4447 recitare,
828 4386 982 4456 quorum
1000 4383 1258 4432 commemora·
1309 4361 1370 4429 lux
1385 4359 1543 4428 coelestis
1557 4358 1725 4448 aSpiritu
1739 4372 1860 4429 sancto
1870 4357 1936 4430 Dei
1945 4363 2176 4437 accendatur.
2214 4366 2296 4450 Haec

264 4488 315 4559 110
334 4507 374 4551 eo
387 4476 547 4568 prodest,
572 4468 655 4564 quia
672 4482 705 4537 et
724 4479 846 4536 monet
860 4479 899 4536 ιιι
914 4467 1107 4558 prudenter
1123 4461 1259 4530 discer-
1310 4461 1359 4531 ita
1381 4460 1457 4528 lieri
1481 4475 1614 4530 certum
1636 4473 1704 4540 cst,
1737 4484 1816 4529 cnm
1839 4465 2296 4553 vocepromissionumuos

263 4606 392 4658 namus
415 4599 542 4667 genera
574 4571 836 4652 doctrinarum,
870 4581 904 4637 et
930 4563 1093 4636 hortatur
1121 4586 1189 4631 nos
1212 4564 1257 4631 acl
1309 4575 1564 4647 sustentamus,
1602 4575 1636 4630 et
1670 4563 1888 4634 dubitationi
1924 4588 1965 4634 ac
1993 4566 2224 4645 diffidentiae
2253 4594 2299 4645 re·

263 4685 489 4760 discendum,
523 4699 568 4744 ne
590 4695 712 4742 rursus
734 4671 794 4741 lux
814 4667 1001 4757 Evangelii
1022 4665 1258 4753 extinguatur,
1310 4688 1520 4756 pugnamus.
1581 4662 1704 4756 ltaque
1728 4667 1915 4735 execrandi
1945 4683 2029 4739 sunt
2051 4664 2299 4748 Enthusiastae

263 4807 296 4862 et
314 4810 405 4858 saova
425 4780 572 4868 caligine
589 4776 717 4844 veritas
735 4773 949 4840 involvatur.
991 4765 1147 4859 ideoque
1163 4763 1258 4837 Pau-
1310 4781 1345 4836 et
1370 4767 1642 4855 Arialiaptistae,
1673 4780 1706 4835 et
1733 4767 1881 4853 similes,
1917 4770 1979 4861 qrri
2003 4776 2134 4861 spretis
2152 4777 2299 4851 libriset

265 4898 322 4964 los
347 4882 567 4973 diligentiam
591 4894 623 4947 et
646 4875 877 4946 attentionem
901 4893 975 4938 non
1004 4869 1118 4938 solum
1142 4867 1182 4938 in
1206 4867 1258 4938 le·
1309 4870 1437 4939 omissa
1456 4870 1605 4939 lectione
1621 4892 1732 4937 novos
1748 4871 1887 4939 afflatus
1904 4888 2108 4962 expectant,
2134 4893 2179 4950 ut
2192 4878 2301 4954 auditi

265 4984 568 5087 gcndopostulat,
595 4978 778 5048 sedetiam
800 4973 1031 5041 inducendo.
1083 4969 1257 5059 Magnum
1309 4973 1425 5040 dicere
1443 4974 1621 5063 quendam
1639 4969 1928 5061 Anahaptistam,
1961 4998 1997 5043 se
2015 5000 2092 5046 non
2109 5004 2301 5057 arsionum·

263 5097 357 5168 eninr
385 5104 418 5160 et
439 5085 581 5157 difficile
605 5101 693 5168 opus
717 5087 788 5158 est,
822 5097 924 5157 vere,
958 5087 1071 5153 recte,
1104 5072 1258 5161 proprie,
1309 5097 1367 5142 ino
1386 5091 1586 5162 empturum
1603 5095 1677 5141 csse
1693 5096 1816 5143 omnes
1839 5074 1976 5145 codices
1993 5079 2160 5152 coelestis
2177 5088 2303 5161 doctri·

264 5200 447 5275 distincte,
474 5186 655 5280 perspicue
671 5176 844 5268 explicare
858 5176 1054 5244 doctrinam
1071 5171 1257 5256 Ecclesiae,
1311 5200 1376 5243 nae
1390 5176 1425 5242 in
1442 5200 1553 5244 tinum
1568 5176 1751 5243 cumulum
1766 5177 1924 5246 collatos.
1976 5176 2304 5283 ilcilliusquiden

261 5307 308 5374 ita
324 5316 361 5370 ut
378 5314 412 5367 et
429 5309 467 5363 tu
484 5292 557 5377 ipse
575 5283 799 5351 circumferas
822 5277 860 5345 in
885 5290 1001 5346 mente
1023 5276 1122 5369 quasi
1140 5277 1256 5343 ideam
1309 5280 1410 5346 fortir
1423 5278 1628 5345 manifestus
1644 5291 1737 5361 erat,
1765 5280 1824 5347 sed
1841 5279 1983 5349 initium
1999 5283 2128 5355 talium
2147 5291 2303 5366 furorum

262 5402 391 5492 integri
417 5387 584 5467 aedilicii,
615 5404 790 5451 summam
812 5379 1013 5458 doctrinae,
1047 5392 1080 5448 et
1103 5377 1256 5447 similem
1309 5380 1425 5448 oritur
1446 5405 1487 5447 ex
1510 5373 1576 5461 hac
1602 5379 1790 5469 opinione,
1823 5406 1913 5472 quae
1938 5384 2037 5471 lingit
2063 5386 2304 5467 lectionemet

261 5512 375 5579 ideam
399 5499 522 5591 pingas
538 5488 577 5556 in
597 5483 774 5555 mentibus
792 5483 1009 5554 auditorum.
1068 5479 1124 5550 Sit
1139 5492 1256 5550 autem
1310 5482 1559 5572 cogitationem
1596 5482 1798 5552 divinarum
1832 5484 2114 5575 promissionum
2147 5495 2304 5572 inutilem
