4664 6022
86 120 149 197 as
553 110 716 189 uren
747 108 826 189 na
858 104 1265 187 1111111111
1299 103 1613 187 1111111,
2029 112 2106 195 ru
2195 154 2199 161 .

10 326 33 357 .·
83 286 301 387 potentissimi
314 283 448 381 Reges,
471 300 514 363 111
526 286 713 370 Roboam,
738 284 1057 372 Nahuehdonoaor,
1158 289 1214 355 Ad
1231 311 1399 368 summam,
1424 292 1541 373 sapiens
1557 312 1619 353 uno
1635 293 1737 355 minor
1750 286 1897 375 1111111,
1922 295 2025 376 diras,

82 394 163 465 111111
175 414 300 462 manus
311 387 380 464 Dei
395 391 548 465 viventis
569 416 644 463 non
661 404 874 482 potuerunt,
900 414 976 461 non
992 403 1056 475 est,
1157 390 1270 473 Liher,
1293 395 1477 470 honoratus,
1502 394 1646 475 pulcher,
1671 418 1727 457 rex
1740 396 1870 482 denique
1885 421 2007 482 regum,

82 494 239 567 1111101111
261 493 504 581 admirentur,
537 517 574 565 ae
593 507 666 565 latu
683 494 749 563 diu
765 493 913 584 impune
934 491 1056 564 tulisse
1157 498 1322 580 Praecipue
1336 518 1443 574 11111,
1468 501 1528 558 nisi
1541 518 1610 558 cum
1626 501 1735 580 pituita
1750 504 1877 563 molesta
1893 520 1947 565 est.

84 597 228 677 iniurias,
261 620 343 666 cum
364 596 460 668 Deus
482 596 569 668 velit
589 618 691 687 saepe
708 597 957 687 impunitatem
982 616 1057 664 esse
1106 593 1177 667 Sed
1207 608 1305 665 taceo
1337 589 1637 683 Philosophorum
1661 596 1869 666 stulticiam:
1906 598 2102 689 Imperato-

10 774 14 783 ,
84 698 343 784 diuturniorem,
367 714 408 771 ut
424 700 566 789 gravius
580 722 623 769 ex
638 721 759 769 rerum
781 696 1057 768 commutatione
1107 720 1187 767 rum
1202 719 1321 766 veram
1338 695 1545 787 sapientiam
1568 697 1680 766 miror
1696 711 1731 767 et
1747 700 1929 788 praedico,
1953 702 2016 793 qrri
2032 727 2100 773 no-
2214 694 2223 713 '

85 800 207 871 doleant
222 799 336 892 impii.
387 799 460 871 Nos
476 802 614 894 itaque,
637 803 731 893 quod
752 823 827 870 non
843 801 1057 889 ignoremus,
1107 800 1201 870 ticiis
1214 800 1259 868 de
1273 797 1350 868 Deo
1362 797 1544 868 mentibus
1565 798 1745 889 impressis
1760 802 1955 886 admoniti,
1981 797 2101 875 homi-

10 892 35 985 ?
86 894 259 991 plurimum
295 902 334 970 in
369 903 534 974 extremis
572 903 741 995 periculis
775 902 928 972 valuisse
960 903 1054 990 apud
1107 924 1169 970 nes
1201 901 1527 970 animadverterunt
1554 914 1654 969 natos
1685 925 1758 971 esse
1786 904 1829 970 ad
1862 902 2100 993 coguitionem

10 1048 47 1081 ,·
84 998 181 1073 ileum
199 1004 435 1074 maximorum
457 1003 615 1093 Regum,
640 1018 681 1075 ut
706 1003 870 1089 Doridis,
892 1003 1057 1075 5111111-
1107 1004 1192 1085 Dei,
1218 1016 1271 1082 et,
1297 1004 1394 1095 quod
1420 1002 1459 1069 in
1480 1002 1587 1071 coelis
1608 1016 1740 1073 canunt
1765 1002 1913 1094 Angeli‚
1938 1006 2102 1081 interris

82 1104 142 1185 nis,
165 1106 438 1196 poenitentiam,
463 1107 642 1196 singulare
655 1106 813 1177 studium
830 1128 909 1196 erga
928 1106 1057 1175 iuvan-
1107 1107 1152 1175 ah
1169 1100 1376 1174 hominihus
1390 1102 1584 1173 rectissime
1601 1106 1755 1186 cantari,
1783 1104 1910 1177 Gloria
1926 1109 1965 1176 iu
1985 1112 2102 1182 excel-

10 1220 14 1235 ·
80 1206 147 1277 dam
169 1211 440 1302 ornandamque
469 1204 606 1280 Christi
629 1206 842 1291 Ecclesiam,
876 1229 1057 1299 speramus
1106 1208 1154 1279 sis
1182 1204 1271 1279 Deo.
1328 1203 1420 1277 Cum
1445 1207 1541 1273 enim
1571 1208 1615 1275 ad
1640 1208 1838 1277 doctrinam
1858 1210 2041 1301 religionis
2065 1227 2101 1284 et

76 1320 254 1401 tequoque
276 1309 314 1379 in
339 1304 395 1380 his
411 1311 519 1380 tantis
541 1310 809 1381 difficultatibus
822 1309 990 1399 singulari
1009 1309 1056 1377 ti·
1106 1312 1150 1379 ad
1173 1308 1323 1396 gloriam
1342 1301 1476 1378 Christi
1499 1308 1693 1398 plurimum
1715 1303 1856 1380 scholae
1871 1314 2101 1402 pertinerent,

72 1434 163 1479 more
178 1408 246 1480 Dei
272 1425 307 1483 et
331 1436 452 1482 amore
466 1408 650 1502 Evangelii
674 1413 835 1483 luturum
850 1412 956 1482 nohis
970 1412 1056 1481 suh-
1109 1411 1298 1482 voluerunt
1314 1405 1380 1479 hos
1392 1409 1515 1480 titulus
1529 1411 1658 1480 artium
1673 1411 1876 1482 liberalium
1893 1430 2103 1487 ornamenta

10 1510 15 1519 '
68 1512 156 1583 sidio
180 1535 273 1597 esse,
305 1537 410 1606 quam
438 1539 512 1585 rem
540 1516 750 1584 iamdudum
778 1516 883 1583 nohis
906 1514 1057 1584 demon·
1108 1537 1201 1597 esse,
1235 1527 1272 1583 et
1300 1514 1430 1602 gradus
1453 1512 1652 1582 officiorum
1682 1511 1931 1606 imperatores,
1965 1541 2102 1611 nequa-

66 1626 179 1688 strant
194 1608 431 1687 honestissimi
455 1618 508 1688 tui
526 1631 692 1698 conatus,
716 1616 846 1707 quibus
871 1617 909 1685 in
927 1617 1059 1685 lihera-
1108 1639 1215 1708 quam
1241 1638 1326 1683 vero
1347 1614 1485 1704 magnis
1507 1615 1637 1707 opibus
1653 1617 1917 1707 comparandis,
1940 1631 2001 1690 aut
2016 1620 2103 1692 reti-

62 1715 280 1787 lissimarum
307 1718 437 1787 artium
469 1718 596 1789 studiis
626 1718 795 1803 versaris,
834 1742 1057 1811 nequaquam
1108 1718 1444 1788 nendisdestinatos
1458 1739 1551 1803 esse,
1575 1731 1616 1787 ut
1631 1719 1727 1808 vulgi
1749 1731 1800 1790 est
1815 1720 1956 1810 opinio,
1980 1746 2046 1792 nec
2061 1722 2101 1794 in

62 1818 290 1907 neglecturus
323 1822 557 1891 autoritatem.
574 1816 801 1911 Imperatoris
824 1816 973 1891 Ottonis
997 1843 1058 1888 ve-
1110 1815 1166 1892 his
1182 1814 1382 1890 honoribus
1404 1819 1573 1889 ultimum
1596 1820 1731 1890 honum
1754 1823 1900 1911 reponi,
1923 1837 1964 1894 ut
1978 1820 2103 1895 Philo-

59 1921 141 1994 atri.
194 1917 295 2008 Quae
318 1921 463 2013 quidem
485 1945 542 1992 res
563 1921 602 1989 in
624 1945 726 1992 cansa
752 1922 856 1991 etiam
879 1923 965 2005 suit,
996 1945 1061 1991 cur
1109 1918 1213 2014 sophi
1235 1934 1318 1991 suut
1347 1921 1496 2012 opinati.
1557 1918 1604 1991 Et
1627 1934 1677 1991 ert
1706 1924 1862 2012 prolecto
1880 1916 2105 2016 pernecessa-

60 2021 133 2093 tihi
157 2021 379 2113 potissimum
401 2018 492 2093 hanc
514 2047 629 2093 meam
645 2023 844 2094 orationem
862 2026 906 2094 de
922 2018 1059 2093 Ottone
1109 2025 1203 2094 rium
1235 2024 1381 2094 retineri
1412 2023 1450 2091 iu
1482 2018 1651 2093 Ecclesiis
1686 2025 1848 2093 ordinem
1881 2029 2102 2099 ‹lucentiumt

63 2122 232 2213 scriptam
255 2125 420 2209 dedicare
443 2126 640 2209 voluerim,
666 2138 707 2195 ut
719 2126 774 2194 illi
794 2124 898 2218 querit
914 2139 1060 2217 propter
1110 2122 1177 2196 hoc
1193 2126 1289 2196 enim
1311 2126 1470 2215 neglecto
1498 2147 1638 2193 neeesse
1654 2139 1706 2196 est
1727 2127 1920 2217 plurimum
1937 2130 2106 2200 dissidio-

60 2224 218 2297 similem
242 2225 408 2296 virtutem
431 2227 469 2295 in
492 2223 1059 2298 011111111111111111111111111
1109 2252 1190 2299 rum
1214 2229 1299 2299 oriri
1325 2229 1362 2295 in
1384 2222 1573 2310 Ecclesiis,
1606 2230 1702 2320 quod
1727 2231 1917 2299 concordia
1938 2254 2105 2303 essenon

61 2326 277 2399 existimatio
302 2328 478 2399 inlocum
501 2329 676 2401 maiorum
691 2343 835 2400 tuorum
856 2329 903 2401 sit
916 2331 1060 2399 restitu-
1111 2330 1238 2420 possit,
1262 2328 1325 2398 uhi
1340 2330 1435 2399 docti
1450 2343 1485 2399 et
1507 2329 1643 2399 indocti
1668 2330 1856 2401 autoritate
1881 2346 1964 2402 sunt
1989 2357 2106 2425 pares.

59 2444 157 2501 tura.
208 2426 288 2502 Hoc
301 2430 428 2522 igitur,
454 2431 484 2500 si
502 2431 708 2501 intellexero
724 2454 797 2501 non
814 2431 921 2501 fuisse
942 2432 1061 2501 omni·
1111 2432 1192 2520 Qua
1213 2434 1259 2501 de
1285 2454 1388 2501 cansa
1410 2456 1490 2500 cum
1513 2426 1553 2499 hi
1576 2432 1709 2522 puhlici
1728 2434 1904 2502 honarum
1922 2434 2105 2506 literarum

10 2558 13 2563 ·
58 2554 112 2603 no
145 2529 324 2621 ingratum
361 2531 427 2603 tihi
460 2555 610 2618 munus,
657 2556 760 2604 causa
792 2533 861 2605 erit
892 2534 1062 2625 prolecto,
1111 2528 2106 2624 1111111111111111111111111111111111111111111111,111-

10 2620 20 2715 ,1
58 2634 298 2729 qrramohrem
320 2632 396 2725 ipse
418 2629 508 2703 mihi
531 2636 678 2705 debeam
695 2659 769 2706 non
787 2635 964 2705 immerito
982 2658 1063 2725 gra-
1112 2635 1207 2705 cebit
1228 2648 1373 2727 propter
1394 2635 1617 2705 autoritatem
1638 2636 1888 2726 Magistratus,
1912 2660 1974 2709 seu
1991 2639 2108 2709 divini

10 2736 17 2793 ἶ
59 2734 193 2819 talari,
225 2735 417 2806 utahillo
441 2737 664 2823 factumest,
696 2738 754 2809 cui
776 2735 854 2809 Rex
871 2735 1061 2808 Persamm
1112 2738 1289 2818 mandati,
1318 2732 1404 2807 haec
1426 2750 1634 2808 ornamenta
1656 2740 1840 2809 doctorum
1871 2739 2032 2810 virorum
2061 2743 2108 2813 ah

58 2834 278 2911 Artaxerxes
293 2861 448 2924 memor,
471 2841 566 2932 quod
582 2839 708 2930 ingens
721 2842 901 2934 quoddam
917 2864 1063 2931 pomum
1113 2839 1280 2910 omnihus
1303 2840 1408 2908 honis
1431 2839 1576 2908 maximi
1602 2839 1690 2913 fieri.
1742 2840 1781 2913 Si
1806 2841 1886 2933 quis
1908 2857 1961 2914 est
1978 2855 2109 2928 autem,

12 3000 15 3005 .
58 2940 110 3011 ab
132 2962 177 3011 eo
194 2941 367 3009 donatum
389 2942 593 3031 accepisset,
617 2965 683 3033 per
703 2940 842 3026 Solem,
867 2941 1063 3032 respondit,
1114 2942 1175 3034 qui
1192 2952 1262 3011 tam
1280 2941 1377 3028 gravi
1388 2964 1491 3009 causa
1505 2964 1579 3009 non
1590 2955 1755 3012 movetur
1768 2943 1811 3010 ad
1826 2940 2109 3016 amandasscho·

60 3056 104 3113 tu
122 3041 299 3112 videritis
315 3064 409 3127 esse,
434 3042 495 3135 qui
511 3068 552 3112 ex
567 3066 675 3133 parva
685 3043 790 3113 etiam
800 3044 888 3113 urhe
898 3065 1063 3132 magnam
1114 3045 1185 3126 las,
1217 3057 1251 3113 et
1274 3042 1576 3131 magnifaciendos
1603 3037 1668 3111 hos
1692 3037 1952 3133 pulcherrimos
1975 3048 2109 3116 docen-

60 3128 186 3237 pos'sis
206 3143 364 3229 efficere,
389 3145 550 3215 animum
563 3144 746 3231 videlicet,
770 3169 792 3217 a
813 3170 885 3238 quo
899 3147 1064 3230 dabatur,
1112 3146 1203 3216 tium
1220 3146 1351 3234 gradus
1364 3144 1401 3211 in
1418 3139 1596 3225 Ecclesia,
1623 3137 1706 3214 huic
1723 3148 1939 3235 respondeo:

65 3245 182 3335 magis
201 3248 432 3339 spectandum
455 3261 573 3333 ratus,
597 3270 705 3341 quam
729 3249 823 3340 qnod
848 3247 1064 3321 offerebatur
1215 3251 1311 3316 Nasus
1326 3275 1357 3316 es
1372 3275 1389 3313 a
1402 3257 1553 3334 scopulis,
1579 3257 1710 3314 nutritur
1722 3258 1799 3315 11111
1815 3257 1930 3333 tarino,

67 3368 213 3421 1111111111.
270 3346 367 3418 Idem
390 3348 420 3419 sl
441 3344 532 3418 1111111
556 3349 626 3419 lam
645 3350 683 3419 ln
703 3363 738 3420 le
754 3349 939 3432 acciderit,
964 3362 1063 3420 tanlo
1266 3353 1307 3417 Et
1320 3357 1419 3417 diuam
1433 3359 1530 3418 silices
1545 3370 1648 3437 pectus
1662 3356 1771 3419 hahere
1786 3370 1884 3423 tuum.

18 3496 26 3507 ·
63 3472 107 3519 ea
124 3470 181 3523 rea
201 3450 321 3520 lutura
346 3465 399 3521 est
422 3451 557 3543 gratior
577 3449 685 3536 mihi,
709 3466 844 3545 quanto
859 3453 1064 3524 minusate
1113 3447 1206 3522 Cum
1240 3466 1357 3524 autem
1392 3452 1438 3523 sit
1471 3446 1538 3522 hoc
1564 3453 1831 3524 consuetudinis
1866 3448 1974 3523 huius
2005 3446 2110 3524 scho-

63 3544 138 3621 hoc
152 3573 284 3622 munus
302 3566 463 3625 nostrum
482 3554 589 3626 luerit
604 3555 797 3629 exclusum.
849 3552 950 3629 l'ale.
1115 3555 1189 3639 lae,
1213 3569 1272 3641 nt,
1296 3555 1352 3625 vel
1366 3556 1412 3625 de
1424 3554 1555 3627 artium
1569 3556 1696 3624 studiis
1706 3550 1773 3626 hoc
1787 3568 1945 3647 tempore
1960 3554 2111 3643 dicatur,

1115 3657 1172 3727 vel
1200 3657 1388 3728 clarissimi
1415 3658 1567 3728 alicuius
1590 3653 1818 3747 Philosophi,
1851 3672 1912 3728 aut
1933 3656 2110 3749 Principis

1116 3753 1264 3830 historia
1286 3774 1525 3853 proponatur,
1550 3759 1663 3849 delegi
1689 3761 1732 3828 ad
1752 3760 2001 3850 praestandum
2019 3760 2112 3829 illud

1116 3861 1290 3949 officinm,
1314 3866 1409 3956 quod
1429 3857 1497 3932 hoc
1517 3863 1555 3930 iu
1573 3863 1651 3931 loco
1670 3860 1822 3952 puhlicis
1837 3859 1973 3951 legibus
1988 3862 2112 3946 debeo,

1116 3958 1301 4034 historiam
1334 3966 1514 4058 quandam
1544 3963 1692 4035 Ottonis
1724 3962 1853 4055 primi,
1884 3962 2111 4054 imperatoris

1117 4063 1279 4136 Saxonis.
1342 4063 1421 4137 Etsi
1452 4068 1549 4137 enirn
1581 4078 1671 4135 artes
1703 4059 1957 4157 Philosophiae
1985 4066 2112 4153 dignas

1116 4166 1332 4254 existimem,
1365 4192 1455 4262 qnae
1477 4193 1498 4239 a
1521 4168 1625 4237 nohis
1647 4168 1769 4237 ornari
1791 4191 1948 4259 semper,
1976 4179 2010 4235 et
2024 4166 2110 4235 illu-

65 4256 270 4363 Sapienter
292 4270 338 4341 ah
354 4267 631 4363 Imperatoribus
654 4272 816 4344 existimo
832 4275 964 4345 factum
980 4296 1066 4359 esse,
1116 4271 1220 4340 strari
1246 4270 1442 4362 plurimum
1463 4272 1633 4355 debeant,
1667 4285 1786 4341 tamen
1813 4270 1891 4338 iure
1916 4265 2112 4358 vituperari
2213 4314 2217 4321 ·

66 4374 166 4469 quod
186 4384 279 4441 certa
306 4373 448 4443 virtutis
473 4373 626 4461 insignia
650 4376 868 4449 contulerint
885 4378 949 4456 iis,
976 4401 1066 4471 quu-
1118 4395 1274 4461 possem,
1294 4374 1322 4442 si
1334 4374 1428 4442 idem
1441 4388 1687 4463 argumentum
1701 4386 1855 4443 retexere
1869 4392 1974 4439 11111
1987 4392 2110 4450 essem,

67 4500 151 4547 rum
178 4496 285 4564 opera
307 4498 386 4545 cum
401 4473 561 4566 Respub.
584 4488 659 4546 tum
676 4471 851 4548 Ecclesiae
870 4480 1066 4570 plurimum
1117 4475 1162 4543 de
1178 4500 1249 4569 quo
1266 4476 1398 4545 diserte
1414 4471 1481 4544 hoc
1497 4475 1534 4543 in
1553 4476 1631 4544 loco
1646 4472 1840 4545 doctissimi
1863 4471 1950 4554 riri,
1975 4470 2014 4538 in
2029 4470 2109 4563 qui·

67 4576 189 4651 iurari
206 4598 307 4668 posse
323 4576 585 4650 intellexerunt.
629 4574 720 4646 Nam
736 4602 895 4651 summae
910 4583 1067 4670 prolecto
1118 4576 1186 4645 hus
1200 4577 1281 4669 plus
1295 4591 1345 4647 est
1361 4577 1579 4661 autoritatis,
1603 4576 1779 4646 dixerunt.

67 4680 264 4773 sapientiae
282 4691 351 4765 est,
372 4702 515 4749 cernere
531 4673 695 4748 homines
712 4683 755 4749 ad
774 4705 894 4773 pacem
912 4681 1068 4755 Rerum·
1220 4678 1274 4749 De
1304 4675 1441 4750 Ottone
1469 4701 1571 4763 rero,
1604 4690 1645 4747 ut
1667 4679 1821 4747 dicerem
1847 4670 1915 4744 hoc
1942 4688 2111 4763 tempore,

68 4785 157 4876 pub.
180 4796 287 4874 atque
314 4782 361 4850 ad
389 4780 637 4851 illustrandam
660 4781 809 4871 gloriam
833 4780 966 4855 Christi
995 4808 1068 4854 esse
1119 4774 1206 4849 haec
1220 4774 1363 4850 mihiin
1378 4802 1481 4850 causa
1496 4781 1652 4850 suerunt.
1703 4775 1794 4849 Cum
1812 4776 1907 4847 enim
1925 4778 1970 4846 de
1989 4772 2110 4845 Plato·

68 4884 247 4957 conditos.
298 4882 454 4953 Minime
469 4877 537 4953 hoc
559 4882 1068 4957 animadverterunt'Philoso-
1121 4906 1184 4967 ne,
1209 4885 1254 4953 de
1267 4880 1477 4966 Aristotele,
1503 4882 1548 4951 de
1563 4874 1758 4972 Rodolpho
1769 4876 1952 4968 Agricola,
1978 4875 2109 4947 dehu-

67 4984 155 5083 phi,
173 4986 236 5079 qui
254 4998 370 5055 tamen
386 4986 579 5077 sapientiae
592 5010 723 5054 nomen
735 5011 899 5077 arrogare
914 4989 980 5058 sihi
995 5012 1070 5059 uon
1120 4986 1261 5073 guetino
1282 4985 1506 5055 ornatissime
1528 5008 1547 5053 a
1568 4983 1656 5051 viris
1678 4981 1930 5051 excellentibus
1947 4980 1992 5049 sit
2007 4989 2110 5046 antea

68 5101 159 5163 sunt
181 5088 301 5167 veriti,
334 5102 440 5180 atque
471 5086 510 5155 in
537 5088 707 5176 sapientia
735 5112 914 5160 summum
934 5092 1070 5162 honum
1120 5080 1189 5155 hoc
1206 5088 1244 5156 in
1268 5089 1345 5158 loco
1371 5088 1625 5170 declamatum,
1649 5084 1781 5176 placuit
1796 5083 1895 5177 sequi
1912 5078 2111 5169 exemplum

68 5192 315 5271 collocarunt,
346 5212 437 5283 qnos
460 5204 644 5281 propterea
674 5214 747 5261 uon
772 5192 949 5264 immerito
978 5196 1071 5264 ridet
1121 5190 1407 5261 doctissimorum
1431 5190 1610 5272 virorum,
1634 5208 1724 5279 quos
1741 5186 1787 5255 de
1808 5184 1955 5254 summis
1974 5178 2113 5250 Princi-

69 5292 268 5376 Horatius,
293 5314 374 5360 cum
390 5292 456 5361 ait:
659 5328 666 5345 ·
1123 5293 1228 5385 pihus
1251 5288 1317 5362 hoc
1340 5293 1378 5360 iu
1402 5292 1479 5360 loco
1501 5305 1585 5361 ante
1609 5313 1666 5359 me
1684 5287 1841 5358 dicentes
1870 5308 1945 5353 non
1970 5281 2115 5351 moleste

130 5398 309 5462 1111111111.
329 5398 434 5459 01111.
450 5396 532 5460 Vos.
549 5394 611 5463 Xl.
1627 5390 1676 5460 33

88 3720 382 3816 Wittenhergae.
408 3720 511 3801 Xlll.
526 3724 750 3802 Novembris.
773 3722 961 3797 M.D.XL.
