4664 6022
148 248 226 335 aas
558 208 562 217 ’
710 243 870 325 noct.
903 244 978 325 nu
1013 243 1298 326 uunurno
1329 246 1484 326 ouen
1518 249 1650 335 nav.
2129 268 2205 365 aaa

149 448 234 497 rum
252 421 442 500 cruciatus.
495 420 551 495 lta
564 422 633 493 sub
647 434 789 516 tempus
810 422 938 495 excidii
953 423 1078 516 populi
1096 420 1157 497 lu-
1203 435 1246 495 ut
1261 421 1365 492 illum
1380 424 1426 493 ad
1447 439 1610 500 aeternae
1627 429 1829 505 foelicitatis
1850 434 1967 507 sedem
1982 432 2067 512 binc
2081 454 2200 519 nana

146 527 266 615 daici,
291 522 390 597 Deus
414 524 607 621 Apostolos
628 538 664 597 et
684 538 825 598 sanctos
845 552 946 614 suos,
972 528 1062 598 alins
1084 527 1155 598 alio
1204 526 1318 596 latum
1344 547 1417 596 esse
1440 552 1514 599 non
1537 529 1758 615 dubitamus,
1786 535 1835 607 ita
1856 562 1921 609 nos
1939 566 2100 637 qnoque,
2131 550 2195 622 ubi

146 655 245 717 casu,
271 629 401 722 partim
416 631 461 700 ad
480 654 517 701 se
533 629 776 715 transferebat,
802 631 931 722 partim
948 655 990 703 ex
1007 631 1052 702 iis
1067 630 1155 701 locis
1204 627 1356 698 miseriis
1369 623 1477 700 buius
1493 631 1586 702 vitae
1600 635 1775 726 perfuncti
1791 638 1942 723 erimus,
1975 647 2099 718 eodem
2115 674 2197 742 per·

145 734 367 818 abducebat,
392 756 458 826 per
473 756 564 828 qnae
581 730 643 801 illa
660 725 837 803 horrenda
855 747 1041 826 tempestas
1059 732 1153 805 itura
1203 746 1373 801 venturos
1395 755 1467 802 esse
1484 733 1632 817 scimus,
1658 739 1720 809 ubi
1736 750 1817 811 dum
1835 766 1896 823 eo,
1923 745 2072 840 aliisque
2093 774 2196 842 prae-

145 851 236 908 erat.
290 832 338 907 Et
358 835 505 909 fuerunt
520 829 607 906 haec
625 857 764 927 semper
779 829 875 907 haud
890 838 1039 907 obscura
1055 837 1152 905 indi·
1203 832 1428 904 stantissimis
1443 858 1484 906 ac
1504 839 1736 911 sanctissimis
1751 844 1837 913 viris
1854 845 2018 918 derebus
2034 853 2195 927 coelesti-

145 939 202 1010 cia
226 937 460 1009 maximarum
478 937 718 1009 calamitatum
741 938 1046 1029 impendentium,
1072 964 1151 1009 eum
1201 937 1278 1020 bus,
1302 936 1347 1005 de
1364 934 1501 1009 infinita
1516 940 1675 1013 bonitate
1690 968 1731 1014 ac
1746 947 1918 1037 sapientia
1937 946 2015 1035 Dei,
2040 968 2076 1024 et
2091 980 2195 1047 prae-

145 1040 240 1113 boni
266 1054 372 1135 atque
394 1040 446 1132 pii
467 1040 638 1133 paulatim
663 1062 727 1109 suo
750 1042 901 1135 quisque
922 1044 995 1112 fato
1020 1041 1151 1112 sublati
1201 1038 1302 1128 cipue
1324 1041 1367 1108 de
1392 1034 1459 1110 hoc
1482 1041 1714 1116 inenarrabili
1742 1049 1911 1119 beneficio
1936 1053 2064 1144 ipsius,
2095 1062 2194 1152 quod

145 1157 253 1229 sunt,
279 1166 325 1214 ne
341 1156 480 1215 tantum
497 1143 656 1213 dolorem
675 1158 839 1233 caperent
856 1168 897 1214 ex
914 1145 1017 1214 mina
1042 1158 1075 1214 et
1089 1169 1151 1213 va·
1200 1138 1334 1210 Filium
1363 1164 1467 1212 suum
1491 1168 1555 1236 pro
1579 1148 1684 1218 nobis
1711 1153 1953 1241 peccatoribus
1976 1159 2193 1232 redimendis

145 1247 269 1318 stitate
291 1269 430 1331 rerum,
461 1269 552 1315 neve
577 1244 617 1313 in
640 1243 736 1337 ipsos
761 1271 903 1340 quoque
925 1247 1044 1341 aliqua
1069 1268 1150 1338 pars
1199 1243 1367 1328 tradidit,
1391 1249 1730 1336 commentabimur,
1749 1276 1910 1347 quaeque
1926 1280 2022 1329 nunc
2038 1263 2193 1333 tenebris

146 1373 277 1421 eorum
301 1347 475 1431 fluctuum
500 1348 730 1419 redundaret.
781 1347 864 1419 Non
889 1365 1025 1420 tantum
1052 1349 1147 1417 enim
1199 1340 1306 1416 liuius
1323 1346 1437 1416 carnis
1453 1348 1617 1436 involuti,
1632 1353 1779 1424 obscure
1795 1357 1941 1429 aevelut
1954 1384 2017 1451 per
2029 1375 2192 1435 transen·
2292 1390 2298 1400 ·

144 1475 215 1547 per
229 1449 444 1520 defectiones
460 1449 565 1533 solis,
587 1464 647 1520 aut
674 1450 801 1536 lunae,
826 1476 890 1542 per
906 1452 1023 1523 stellas
1039 1451 1149 1521 crini·
1199 1471 1281 1517 nam
1296 1449 1492 1532 cernimus,
1518 1475 1558 1521 ea
1575 1467 1660 1525 tunc
1680 1457 1873 1527 clarissima
1890 1461 1928 1528 in
1943 1463 2022 1533 luce
2045 1488 2119 1535 non
2137 1467 2192 1537 vi·
2298 1468 2309 1495 ⁸

144 1568 223 1634 tas,
250 1575 315 1645 per
329 1551 512 1621 columnas
533 1551 625 1642 ignis
642 1552 681 1620 in
697 1556 777 1623 edre
795 1555 973 1640 volantes,
998 1578 1062 1645 per
1079 1554 1148 1622 alia
1198 1549 1360 1619 debimus
1376 1566 1532 1639 tantum,
1556 1558 1617 1626 sed
1636 1570 1670 1628 et
1685 1558 1724 1627 iu
1739 1573 1923 1632 aeternum
1940 1564 1984 1633 iis
1999 1565 2039 1634 in
2054 1589 2191 1641 summa

143 1656 184 1727 id
209 1676 322 1747 genus
343 1666 498 1740 ostenta,
522 1655 659 1724 mundo
682 1654 828 1726 esitium
842 1657 942 1727 Deus
969 1679 1148 1748 praenun-
1198 1651 1335 1722 laeticia
1351 1666 1385 1723 et
1402 1655 1592 1729 foelicitate
1608 1660 1844 1750 perfruemur.
1885 1662 2072 1739 Praeclare
2086 1670 2192 1741 divus

145 1758 233 1845 ciat,
258 1757 369 1827 sedet
386 1779 449 1847 per
462 1769 663 1826 sanctorum
679 1779 823 1828 suorum
841 1759 1036 1840 interitum,
1060 1781 1148 1851 quos
1196 1750 1417 1825 Bernardus:
1445 1754 1566 1844 Mors,
1590 1761 1728 1854 inquit,
1753 1765 1945 1858 impiorum
1961 1769 2112 1860 pessima
2129 1786 2191 1856 est,

143 1884 231 1933 cum
248 1857 348 1929 velut
363 1858 522 1929 triticum
538 1873 674 1949 separat
697 1859 901 1953 colligitque
918 1861 956 1929 in
975 1855 1160 1931 horreum·
1197 1881 1350 1949 quorum
1366 1874 1400 1928 et
1415 1860 1581 1931 nativitas
1597 1866 1700 1951 suala,
1726 1879 1761 1937 et
1776 1868 1846 1937 vita
1864 1870 1974 1959 peior.
2021 1870 2093 1942 Sed
2109 1898 2191 1965 pre-

142 1985 273 2047 suum,
298 1960 471 2051 significat
492 1984 529 2031 se
552 1960 658 2053 paulo
681 1975 763 2052 post
784 1962 951 2033 incendio
978 1964 1145 2035 daturum
1197 1959 1288 2028 ciosa
1306 1983 1401 2031 mors
1416 1976 1466 2031 est
1480 1978 1694 2053 sanctorum,
1714 1968 1819 2058 plane
1836 1969 1996 2064 inquam,
2021 1975 2192 2065 preciosa,

144 2087 225 2135 me
241 2062 369 2157 paleas,
1197 2073 1235 2130 ut
1251 2085 1341 2154 quac
1356 2078 1390 2134 et
1415 2063 1495 2135 finis
1518 2067 1680 2137 laborum
1697 2084 1766 2158 est,
1791 2085 1825 2141 et
1840 2072 2010 2145 victoriae
2023 2100 2191 2148 consum-

250 2161 439 2236 Debebant
454 2164 565 2256 igitur
581 2165 704 2237 saltem
719 2158 807 2235 baec
827 2166 983 2258 exempla
999 2167 1044 2237 ad
1062 2192 1146 2260 poe-
1195 2163 1326 2248 matio,
1358 2165 1546 2258 aditusque
1566 2182 1601 2241 et
1622 2170 1728 2241 ianua
1750 2175 1794 2243 ad
1820 2173 1930 2245 vitam
1949 2201 1989 2248 ec
2011 2192 2191 2251 aeternam

148 2267 336 2339 nitentium
360 2292 524 2339 revocare
550 2262 729 2348 homiues,
754 2269 878 2354 sinon
899 2269 1004 2359 plane
1023 2294 1145 2339 excor-
1195 2264 1426 2338 securitatem.
1477 2264 1574 2344 Dixi.
1945 2286 1952 2303 ·

148 2373 231 2451 des,
258 2385 291 2443 et
307 2370 439 2439 obsessi
456 2395 476 2440 a
492 2368 621 2440 Satana
636 2384 762 2440 essent.
809 2370 880 2441 Sed
896 2370 1046 2441 nimium
1063 2396 1144 2442 vere

143 2472 243 2545 dixit
262 2469 403 2557 Esaias,
430 2472 495 2541 ista
518 2496 591 2540 non
616 2472 732 2542 cessari
754 2496 774 2541 a
796 2475 949 2557 mundo,
974 2487 1086 2543 ruunt
1105 2475 1144 2543 in
1198 2502 2191 2539 ——--·-——-—-—-—-—-—

143 2574 298 2647 exitium
320 2599 446 2658 strum,
480 2575 681 2667 etquidem
704 2568 877 2644 horribile
900 2587 1006 2668 atque
1031 2592 1141 2646 aeter·
1229 2642 1241 2673 ,

142 2702 250 2762 aruns,
266 2670 440 2763 borsines,
460 2701 535 2745 non
547 2700 646 2747 secus
661 2701 701 2747 ac
718 2675 780 2769 qui
793 2676 891 2747 rabie
904 2677 1032 2746 conciti
1050 2680 1144 2749 ferro
1200 2642 1373 2768 Μ
1996 2689 2043 2730 ⁸¹¹·
2071 2668 2163 2734 ¹539·

140 2806 186 2853 ac
204 2778 359 2872 propriis
376 2777 543 2848 dentibus
560 2778 692 2848 viscera
714 2801 777 2847 sua
801 2779 977 2863 lacerant,
999 2795 1034 2850 et
1049 2793 1144 2852 totus
1961 2759 2186 2794 m

140 2882 306 2955 muudus
322 2879 562 2950 tristissimum
578 2880 819 2973 spectaculum
833 2896 885 2951 est
899 2881 964 2952 ista
981 2883 1144 2953 conside·
1476 2856 1552 2944 De
1586 2858 1790 2977 Guelplto
1819 2875 1901 2953 etc.

141 2983 256 3057 rami·
311 2980 366 3051 Pii
389 3006 471 3052 vem
493 2976 550 3051 his
572 2982 739 3102 exfmplk
762 2982 867 3051 fidu„
890 3008 987 3053 suam
1013 2986 1144 3054 confir'
1263 3031 1454 3114 Prodiit‘bsse
1474 3035 1563 3090 oratio
1585 3037 1666 3091 simul
1687 3057 1751 3094 cum
1771 3039 1841 3095 alis:
1866 3043 1993 3110 „Oratio
2012 3048 2032 3106 l.
2051 3050 2135 3107 lonas
2153 3054 2188 3109 de

141 3100 270 3170 strant,
296 3108 338 3154 ac
358 3084 456 3155 velut
479 3110 498 3153 e
523 3110 723 3178 propinquo
746 3109 843 3176 spem
867 3109 966 3153 suam
982 3101 1143 3157 cuntens-
1295 3104 1574 3183 uudmsbeotogieia.
1610 3107 1921 3183 Deetsmasioseripsaa
1935 3112 2177 3177 visavvtmto

141 3188 312 3285 plentur,
339 3186 462 3256 vident
486 3187 557 3255 iam
584 3201 728 3278 portum
751 3187 1017 3279 tranquillitatis
1041 3204 1143 3282 atque
1297 3189 1325 3224 '¹¹
1345 3189 1396 3240 ‘¹⁰⁸
1419 3184 1566 3241 “m‘’
1586 3176 1728 3244 quomodo
1746 3176 1888 3248 Guatpta.
1907 3210 1935 3221 ·
1951 3215 1985 3224 ··
2004 3187 2061 3240 ··''
2097 3160 2188 3245 vna}

142 3301 312 3363 aeternae
324 3288 461 3375 salutis,
484 3288 523 3357 in
539 3313 643 3381 quem
660 3303 696 3359 et
711 3287 780 3380 ipsi
794 3312 836 3357 ex
853 3284 921 3358 hoc
934 3289 1143 3361 turbulento
1294 3238 1371 3378 iiiii
1384 3239 2057 3387 &tffiii‘ss‘ifflqffss'ffldffgssffiffi
2074 3256 2187 3397 9¹⁸³&

145 3392 243 3462 mari
254 3389 428 3463 foeliciter
441 3390 514 3462 sint
527 3390 733 3482 ingressuri.
766 3387 902 3461 Vident
917 3404 1040 3460 contra
1055 3386 1143 3461 hor·
1295 3374 1326 3429 ³¹¹
1339 3374 1454 3437 SM·
1471 3376 1507 3433 Τ·
1520 3378 1556 3436 ¹¹·
1575 3401 1603 3453 P·
1616 3379 1677 3438 ⁵⁹⁵·
1693 3395 1719 3437 ‘¹
1731 3387 1803 3454 ῬΜ
1815 3384 1945 3441 Rim-
1962 3387 1997 3443 Τ·
2012 3390 2046 3448 ¹¹·
2062 3413 2089 3466 P·
2101 3394 2163 3450 ⁸⁵&

150 3493 283 3565 reoda
304 3493 477 3586 pmcellas
506 3507 540 3564 et
564 3488 780 3587 charybdes,
811 3516 901 3586 quae
923 3492 1051 3584 impios
1071 3492 1144 3564 sint

145 3596 391 3687 absorpturae,
416 3595 498 3664 illos
515 3609 673 3679 monent,
697 3593 888 3688 multisque
903 3619 985 3664 cum
1000 3589 1143 3689 lachry-

143 3697 219 3771 mis
232 3699 465 3780 obtestantur‚
481 3721 526 3766 nc
541 3697 590 3767 ita
607 3696 855 3768 miserabiliter
868 3711 1026 3790 pereant,
1041 3721 1143 3789 prae-

143 3800 274 3873 dicunt
295 3798 367 3868 illis
389 3798 557 3880 exitium,
583 3813 768 3878 revocant,
793 3822 932 3869 servare
957 3814 1143 3875 conantur.

143 3902 220 3977 Sed
236 3902 346 3971 snrslu
362 3914 506 3985 canunt,
527 3926 643 3994 neque
660 3902 696 3972 id
711 3914 864 3983 tantum,
889 3926 1011 3971 verum
1028 3915 1063 3972 ct
1078 3926 1141 3989 pro

142 4004 261 4098 gratia
280 4002 521 4075 saevissimum
543 4004 689 4087 odium,
721 4005 982 4093 persecutiones
1006 4016 1041 4073 et
1064 4004 1142 4072 dira

143 4105 324 4199 supplicia
346 4104 589 4189 lucrifaciunt,
614 4106 698 4176 talia
724 4108 874 4198 σῶστρα
898 4108 1053 4177 reddunt
1075 4100 1143 4174 ho-
1194 4082 1307 4187 Quod
1329 4097 1442 4169 facere
1465 4099 1580 4172 solent
1603 4095 1661 4186 hi,
1686 4103 1750 4196 qui
1772 4105 1827 4174 vel
1853 4109 1946 4198 apud
1971 4134 2030 4181 eos
2049 4112 2186 4195 dicunt,

143 4210 264 4279 mines
279 4207 424 4288 sanctis,
449 4207 683 4277 reddiderunt
704 4222 737 4276 et
758 4222 839 4277 ante
855 4203 998 4278 Christo
1019 4207 1143 4276 salutis
1193 4223 1348 4294 quorum
1365 4204 1409 4270 de
1423 4202 1605 4273 voluntate
1624 4203 1751 4274 incerti
1765 4221 1867 4291 sunt,
1894 4211 1949 4280 vel
1964 4237 2103 4283 causam
2118 4218 2186 4286 du-

143 4310 279 4385 autori.
316 4308 398 4379 Non
414 4309 523 4398 igitur
537 4309 678 4392 mirum,
703 4309 732 4377 si
751 4308 801 4377 ira
816 4322 851 4377 et
869 4310 994 4400 poenis
1011 4308 1143 4379 divinis
1193 4301 1290 4372 biam
1307 4316 1341 4372 et
1357 4326 1482 4394 parum
1500 4305 1637 4375 firmam
1655 4322 1785 4393 agunt,
1811 4310 1866 4379 vel
1882 4313 1980 4383 nulla
1995 4314 2102 4384 officii
2122 4343 2186 4388 ne·

143 4415 303 4486 inundat
316 4408 377 4483 hic
392 4414 560 4484 mundus.
602 4405 704 4480 Nihil
721 4410 903 4479 enimtam
920 4435 1063 4480 saevum
1082 4423 1144 4480 aut
1194 4403 1352 4474 cessitate
1366 4405 1496 4488 coacti,
1521 4407 1715 4479 tantumix
1732 4405 1815 4503 napi
1839 4408 1969 4494 οὐσίας
1988 4415 2104 4486 ociose
2127 4421 2185 4487 lu-

143 4514 323 4589 borribilc
345 4513 492 4604 cogitari
515 4527 648 4604 potest,
673 4515 770 4606 quod
795 4536 868 4581 uon
894 4512 959 4583 ista
983 4513 1144 4603 impietas
1193 4509 1303 4591 dunt,
1323 4520 1364 4575 ut
1382 4507 1585 4577 auditorum
1610 4510 1893 4583 benevolentiam
1916 4516 2020 4586 initio
2040 4517 2184 4589 dicendi

145 4621 257 4711 lunge
271 4629 448 4709 exuperet.
1194 4607 1265 4679 sibi
1285 4606 1435 4677 sollicite
1456 4624 1491 4678 et
1510 4626 1687 4697 accurate,
1713 4616 1755 4682 ad
1782 4613 1816 4682 id
1834 4615 2013 4688 elaborato
2037 4621 2183 4691 exordio
2215 4620 2221 4633 '

251 4720 322 4792 Sed
346 4718 469 4789 desino
485 4715 587 4810 queri
604 4717 649 4786 de
670 4713 842 4806 pravitate
859 4715 1005 4796 mundi,
1031 4716 1145 4799 cuius,
1192 4724 1380 4791 venentur,
1405 4710 1440 4778 id
1458 4734 1522 4799 ego
1538 4710 1575 4779 in
1591 4715 1787 4802 praesentia
1804 4716 1944 4806 penitus
1961 4722 2189 4810 praetermit·'

145 4826 242 4897 sicut
254 4814 438 4892 verissime
448 4818 581 4890 dictum
599 4832 664 4902 est,
686 4844 725 4887 ea
741 4832 793 4887 est
808 4833 946 4900 natura,
972 4832 1013 4888 ut
1028 4842 1143 4911 neque
1195 4827 1284 4896 tere,
1306 4825 1341 4882 et
1354 4811 1451 4881 iuxta
1466 4810 1601 4883 Atticas
1614 4814 1708 4903 leges
1724 4814 1814 4888 ἄνευ
1828 4817 1969 4891 παθῶν
1980 4816 2044 4892 καὶ
2056 4848 2184 4919 rspons-

143 4925 235 4997 vitia
249 4948 332 5010 sua,
357 4947 422 4992 nec
436 4920 594 4991 remedia
607 4922 699 4990 ferre
715 4920 838 5010 possit.
875 4917 934 4989 Aa
951 4917 1143 4991 Doctorem
1191 4908 1293 5007 μίων
1313 4913 1476 5005 protinus
1488 4914 1534 4984 ab
1559 4914 1633 5005 ipsa
1649 4940 1687 4987 re
1702 4919 1859 5009 incipere
1874 4920 2061 5008 constitui,
2086 4930 2184 5019 quod

143 5027 345 5103 Sebaldum
366 5026 491 5106 redeo,
521 5025 660 5116 dequo
684 5017 772 5092 mihi
798 5017 884 5091 baec
908 5022 1069 5093 instituta
1092 5037 1145 5093 est
1193 5031 1234 5087 ut
1267 5016 1413 5096 faciam,
1455 5016 1591 5109 duplici
1623 5019 1762 5089 ratione
1794 5021 1966 5094 adducor.
2023 5023 2184 5097 Primum

143 5129 286 5214 oratio,
311 5128 411 5199 cuius
432 5125 614 5211 interitus,
639 5123 705 5194 etsi
721 5125 826 5193 nohis
840 5123 984 5218 quidem
1008 5125 1144 5194 luctum
1194 5121 1288 5212 quod
1313 5113 1403 5187 mihi
1427 5120 1640 5209 persuadeo,
1665 5145 1727 5189 vos
1745 5118 2019 5212 Adolescentes,
2044 5141 2116 5197 tam
2131 5129 2186 5199 fa·

144 5260 188 5307 asc
208 5253 407 5303 moerorem
428 5225 604 5311 attulerit,
630 5228 691 5320 qui
714 5226 848 5316 optimo
866 5226 961 5313 vim,
982 5225 1145 5297 fidelissi-
1193 5245 1276 5290 vere
1294 5216 1349 5291 his
1367 5212 1585 5291 scholasticis
1605 5221 1801 5307 exercitiis,
1824 5249 1931 5317 quam
1954 5251 1995 5298 ea
2018 5228 2114 5299 scitis
2138 5231 2184 5300 ad

143 5361 207 5408 mo
224 5330 361 5417 arnico,
388 5325 535 5400 bomine
557 5329 639 5399 utili
661 5328 700 5398 in
723 5324 790 5399 bac
805 5322 925 5399 schola
950 5330 1066 5399 orbati
1083 5354 1144 5397 su·
1193 5323 1373 5417 publicam
1392 5316 1553 5402 scholae,
1578 5346 1619 5393 ac
1634 5337 1784 5395 vestram
1800 5326 2003 5412 utilitatem,
2026 5352 2101 5400 non
2115 5328 2186 5399 mi·

144 5460 243 5521 mus,
268 5449 384 5506 tamen
401 5433 437 5502 id
454 5454 521 5501 nos
538 5430 692 5502 vicissim
711 5429 889 5503 consolari
904 5432 1022 5519 debet,
1047 5432 1145 5525 quod
1195 5451 1264 5497 nus
1286 5422 1455 5511 salutari,
1485 5446 1593 5519 quem
1621 5424 1719 5499 fideli
1738 5426 1888 5499 consilio
1915 5427 2080 5503 instituta
2102 5454 2189 5503 esse.

192 5542 376 5610 litteren.
401 5538 508 5607 Orsa.
533 5526 618 5606 Vos.
647 5535 713 5604 xl.
1524 5526 1577 5601 3⁰

1193 3537 1435 3609 Declamatio
1458 3545 1606 3633 scripto
1626 3562 1651 3612 o
1674 3542 1758 3615 Vito
1778 3543 2024 3640 Winslsemio,
2050 3557 2092 3625 in
2113 3577 2188 3648 quo

1191 3644 1383 3712 recitatur
1418 3637 1598 3734 historio,
1645 3646 1823 3739 qsmmodo
1853 3649 2062 3746 Guelfsss
2093 3659 2188 3729 Duo·

1192 3746 1387 3815 Boooriue
1421 3741 1603 3818 liberatus
1640 3754 1693 3820 sit
1722 3754 1895 3842 periculo
1926 3756 1968 3827 in
2000 3755 2187 3832 obsidione

1144 3909 1153 3925 ,
1198 3849 1491 3944 Winaperpensi,
1528 3854 1694 3947 contupia
1725 3875 1821 3925 enne
1853 3854 2114 3933 honestissimo
2147 3872 2188 3934 et

1465 3958 1594 4023 tomen
1617 3949 1730 4046 vafro
1754 3959 1918 4031 consitio.
