4664 6022
139 319 205 393 111
570 310 732 393 DECL.
781 309 859 388 DE
897 309 1171 388 Mtsttttlts
1203 303 1732 385 PAEDAGOGORUM.
2096 304 2170 381 122

156 488 229 565 No.
247 485 308 563 16.
911 496 956 572 (a.
972 491 1114 576 1526.?)
1177 481 1303 554 tiorem
1334 483 1522 553 delectum.
1571 458 1643 554 Sed
1676 478 1842 552 exordiar
1863 479 2059 574 aliquando
2085 503 2170 550 cau·

134 587 351 621 Μ
905 584 1121 623 m
1177 607 1271 671 sam,
1304 609 1412 680 quam
1435 585 1577 657 animus
1597 583 1801 657 meminisse
1822 577 1964 669 horret,
1997 585 2168 677 luctuque

261 711 343 801 De
367 708 568 798 mma,
589 706 988 827 paedayoyomm·
1177 687 1327 777 refugit,
1350 703 1387 760 et
1402 712 1552 783 quaerar
1566 690 1660 780 apud
1677 710 1739 757 vos
1755 687 1801 755 de
1817 685 2022 758 conditione
2038 687 2168 780 paeda-

1177 812 1369 881 gogorum,
1402 814 1473 885 quo
1497 813 1624 880 genere
1644 784 1835 860 hominum
1858 789 1951 859 nulli
1976 785 2087 873 mihi,
2121 809 2167 857 ne

194 887 509 1033 Affiffl'puggl'
519 884 886 1030 ffisshqffljdffimff}
894 885 959 1012 ¹¹·ss
971 884 1033 999 53⁷·
1047 883 1125 1009 ,⁶¹22
1177 893 1322 987 quidem
1339 894 1378 962 in
1389 894 1573 983 ergastulis
1589 893 1758 964 videntur
1775 893 1815 961 iu
1828 891 2038 966 foeliciores.
2085 888 2168 961 Pri-

233 1031 323 1087 rust·
340 1032 442 1101 scripu
461 1024 668 1082 atrebatense
681 1025 712 1080 in
727 1043 808 1080 mum
822 1023 961 1096 hominia,
977 1024 1024 1098 qut
1038 1024 1125 1082 doae-
1177 1020 1277 1066 mum
1305 996 1400 1066 enim
1422 1019 1502 1066 cum
1527 995 1680 1066 traditur
1700 996 1899 1086 paedagogo
1923 1019 2013 1088 puer
2034 996 2168 1063 docen-

231 1101 284 1159 hl
297 1101 328 1157 ³⁸
340 1097 587 1159 adsentatus.
1177 1099 1262 1183 dus,
1278 1113 1314 1170 ct
1330 1099 1375 1168 ad
1394 1094 1652 1169 humanitatem
1669 1121 1710 1167 ac
1724 1098 1892 1169 virtutem
1906 1097 2167 1179 informandus,

391 1283 400 1302 ,
464 1280 489 1299 ,,
948 1278 957 1295 ‚
1177 1200 1294 1272 videte
1317 1225 1447 1295 quaeso
1473 1211 1581 1295 quant
1605 1202 1733 1272 duram
1755 1200 1980 1292 provinciam
2004 1202 2167 1292 plenam-

257 1280 323 1355 De
346 1299 508 1353 mn
531 1272 830 1374 9⁰⁰d⁰9⁰9⁰²⁸¹⁴m
855 1283 989 1348 ‘llam‘
1177 1325 1247 1396 que
1259 1303 1451 1375 miserrimi
1468 1303 1601 1374 laboris
1617 1303 1913 1394 ae·periculorum
1930 1304 2055 1395 capiat.
2083 1299 2167 1370 Non

131 1424 173 1511 11
186 1428 329 1526 Aesopi
346 1428 507 1523 apologis
520 1426 683 1523 queritur
696 1428 790 1520 apud
807 1427 927 1499 Iovem
944 1426 1065 1499 asinus
1080 1428 1124 1497 de
1177 1417 1260 1476 ante
1275 1420 1414 1478 matura
1427 1420 1522 1477 aetas
1540 1407 1642 1499 pueri
1652 1408 1806 1491 videtur,
1821 1417 1861 1475 ut
1876 1406 2039 1476 mittatur
2055 1405 2094 1473 iu
2109 1403 2167 1473 lu-

129 1528 653 1627 misaerumnis,quotidianis
666 1552 703 1601 se
717 1531 835 1624 operis
847 1531 972 1603 confici
989 1543 1024 1602 et
1040 1554 1124 1601 ene.
1177 1508 1265 1580 dum
1290 1508 1509 1591 literarium,
1535 1534 1642 1603 (1111111
1669 1507 1955 1578 cumdomestica
1971 1508 2166 1598 indulgen·
2290 1553 2293 1559 -

129 1642 221 1715 mi:
244 1639 311 1711 „d
335 1648 388 1708 eet
409 1633 553 1730 querela
567 1634 853 1726 paedagogorum
874 1635 918 1704 de
933 1635 1005 1705 suf,
1018 1634 1124 1702 mise,
1176 1611 1225 1680 tia
1249 1625 1437 1703 corruptus
1460 1625 1529 1696 est,
1552 1625 1588 1681 et
1607 1611 1691 1680 vitia
1719 1625 1796 1680 tum
1818 1609 1988 1700 intelligit
2008 1624 2086 1680 tum
2105 1611 2168 1678 de-

128 1742 194 1818 1111
207 1739 344 1815 iustior
356 1739 538 1833 prolecto,
562 1734 593 1806 si
612 1758 668 1806 res
683 1737 729 1806 ad
751 1737 906 1808 calculos
927 1749 1123 1815 revocetur,
1177 1714 1350 1828 gustavit,
1378 1712 1408 1782 is
1425 1738 1499 1783 non
1514 1716 1622 1782 modo
1642 1713 1785 1782 nullum
1802 1736 1959 1783 amorem
1982 1713 2166 1783 literarum

128 1868 238 1944 qaam
259 1842 366 1916 asini.
425 1838 519 1930 Quis
543 1838 640 1908 euim
662 1837 738 1908 ullo
763 1839 802 1910 in
824 1839 977 1932 pistrino
1001 1838 1124 1909 asinus
1176 1816 1531 1913 autadm1eationem,
1543 1816 1604 1886 sed
1620 1815 1834 1885 acerrimum
1851 1838 1931 1934 erga
1944 1814 2169 1894 illasodium,

128 1962 273 2023 mmm
295 1943 383 2017 mali
408 1942 774 2039 pertulit‚quan1um
789 1942 977 2012 mediocris
995 1942 1125 2034 paeda.
1177 1931 1421 2010 contemptum
1452 1932 1740 2011 praeceptorum,
1772 1929 1978 2008 turprssrma
2009 1915 2167 2007 exempla

128 2073 242 2152 W.
263 2049 305 2119 i„
327 2070 401 2121 uno
424 2058 531 2140 ‚sque
554 2043 665 2115 ,lm-0
688 2044 849 2115 docendo
879 2057 954 2115 gum
987 2043 1124 2113 labori,
1177 2020 1283 2089 domo
1299 2021 1424 2093 adfert.
1475 2016 1567 2092 Cum
1585 2018 1760 2141 eiusmodi
1777 2033 1936 2090 monstro
1946 2019 2169 2139 praeceptori

129 2150 317 2233 exhaurit,
341 2162 418 2222 tum
432 2146 617 2219 molestiae
640 2142 863 2239 perpetitur?
895 2126 978 2235 Qud
1001 2145 1040 2214 in
1063 2168 1125 2236 ge.
1177 2123 1431 2192 decertandum
1455 2135 1517 2197 est.
1570 2122 1610 2194 Sr
1633 2123 1777 2206 doceas,
1817 2135 2065 2213 peregrinatur
2087 2144 2170 2190 ans-

128 2280 214 2331 m
229 2255 347 2335 vim,
373 2250 457 2348 quia
473 2245 565 2319 mihi
579 2247 790 2342 aliquandiu
805 2249 938 2319 versari
963 2247 1125 2339 conggp,
1176 2246 1256 2295 mus
1272 2225 1392 2315 pueri,
1409 2239 1444 2296 et
1458 2238 1498 2299 ut
1514 2225 1648 2318 optime
1662 2226 1846 2306 succedat,
1868 2225 2059 2296 sexcenties
2073 2223 2169 2292 idem

129 2374 163 2435 g
177 2355 338 2452 aperiri
353 2377 462 2451 quam
476 2351 525 2424 ,ig
537 2351 802 2434 calamitosum,
827 2350 936 2422 libuit
961 2351 1001 2420 5„
1019 2373 1122 2444 pm,
1176 2325 1431 2397 inculcandum
1448 2343 1518 2412 est,
1544 2329 1630 2397 dum
1647 2326 1703 2395 illi
1724 2325 1839 2395 invito
1857 2321 2002 2399 haereat
2023 2326 2062 2394 in
2088 2325 2170 2394 aui-

129 2462 242 2537 mfi.
257 2460 306 2531 ἀρ
324 2458 608 2550 paedagogorum
632 2452 785 2525 miseriis
807 2453 943 2536 diem,
969 2469 1005 2526 02
1026 2476 1124 2523 com,
1175 2452 1253 2499 mo:
1280 2452 1362 2498 cum
1388 2429 1574 2521 paululum
1599 2430 1708 2511 modo
1732 2429 1951 2518 despexeris,
1976 2451 2100 2498 rursus
2127 2451 2169 2496 ex

129 2564 256 2638 mi,
282 2560 378 2633 mala
399 2557 513 2631 nomi
545 2555 684 2627 ordini,
706 2556 903 2648 deplorare,
937 2554 1003 2627 Est
1027 2556 1122 2626 enim
1176 2530 1297 2601 animo
1320 2530 1382 2600 illa
1407 2532 1528 2603 omnia
1550 2531 1655 2603 toties
1672 2532 1856 2602 decantata
1876 2556 1986 2623 puero
2007 2530 2169 2600 effluunt.

129 2668 306 2767 ‘natm
325 2663 366 2733 in
381 2661 486 2733 mali,
500 2659 684 2753 volum,
708 2658 821 2730 libel-g
839 2659 1029 2753 conqueri,
1055 2658 1125 2729 ,ῑο,
1176 2630 1218 2705 si
1239 2633 1388 2705 reddere
1417 2657 1519 2752 cogas
1544 2658 1634 2728 quae
1659 2633 1805 2718 didicit,
1837 2645 1914 2704 tum
1937 2658 2021 2704 vero
2044 2630 2166 2702 videas

128 2764 346 2847 “ovidius
362 2765 430 2851 git,
453 2786 535 2835 mm
556 2761 714 2854 mipgigg
1093 2745 1104 2758 '
1176 2736 1282 2826 plane
1297 2736 1454 2806 ludibrio
1472 2733 1597 2808 haberi
1615 2751 1890 2829 praeceptorem.
1942 2735 2032 2806 Nam
2048 2759 2171 2825 puero,

400 2904 564 2991 ...a
578 2901 877 2990 eaeo
1176 2838 2171 3035 11111111111111]’111111

132 3040 289 3117 Proinde
319 3062 401 3111 cum
430 3036 521 3107 alios
546 3033 669 3128 aequis
690 3031 819 3105 animis
841 3034 886 3104 de
908 3032 1035 3103 alienis
1060 3055 1125 3102 ne·
1176 3056 1279 3132 gatus
1297 3043 1424 3113 docere
1441 3045 1615 3116 camelum
1632 3045 1779 3129 saltare,
1805 3056 1867 3114 aut
1882 3042 2021 3113 asinum
2037 3041 2169 3111 fidibus

128 3146 241 3241 godis
272 3141 433 3216 dicenlet
461 3136 635 3218 audiam,
668 3149 703 3207 el
732 3130 824 3205 mihi
848 3159 978 3231 quaeso
1007 3159 1122 3205 meam
1176 3144 1320 3230 ludere,
1345 3169 1467 3215 nonne
1484 3146 1587 3216 illum
1611 3146 1748 3236 egregie
1769 3145 1940 3215 miserum
1965 3147 2079 3224 dicas,
2106 3144 2169 3236 qui

129 3244 462 3343 {genlillltuhffls
498 3262 693 3333 verumque
725 3238 887 3308 d⁰l⁰¹⁸m
919 3260 1125 3330 1111818111·
1175 3247 1306 3318 frustra
1326 3249 1520 3319 maximum
1543 3249 1700 3320 laborem
1724 3248 1863 3317 sumat?
1914 3243 1964 3318 At
1978 3248 2018 3316 id
2038 3247 2170 3316 tolera-

128 3351 226 3427 tanet
248 3370 392 3443 operam
417 3346 512 3417 date.
562 3338 612 3413 Et
635 3341 666 3410 si
691 3340 753 3409 ille
776 3341 872 3430 apud
897 3337 1124 3424 Terentium,
1175 3348 1303 3429 bilius,
1330 3373 1437 3442 quam
1461 3365 1601 3421 nostros
1617 3351 1898 3441 puerosdocere.
1950 3348 2040 3419 Nam
2056 3362 2095 3417 ut
2109 3347 2169 3415 ni-

132 3477 219 3527 cum
236 3449 339 3534 dicit,
363 3444 549 3519 hominem
569 3467 604 3513 se
628 3464 723 3527 esse,
747 3437 842 3512 nihil
863 3435 1012 3510 humani
1034 3441 1123 3510 alie·
1176 3443 1229 3517 hil
1265 3473 1474 3541 promoveas
1508 3453 1546 3520 in
1581 3452 1715 3523 camelo
1748 3463 1809 3520 aut
1835 3450 1935 3519 asino
1963 3451 2169 3532 exercendo,

131 3580 223 3629 uum
244 3553 308 3625 abs
329 3575 367 3623 se
388 3573 480 3636 esse,
505 3543 805 3629 reeteiudicavit,
831 3539 1030 3615 humanum
1049 3566 1123 3613 1111
1176 3563 1269 3622 11111
1297 3551 1353 3620 1111
1374 3552 1473 3622 nulla
1498 3553 1630 3623 iniuria
1656 3554 1840 3624 cumulant
1852 3551 2065 3622 molestiam.
2118 3546 2168 3621 At

132 3655 280 3732 alterius
294 3653 438 3726 miseria
454 3650 571 3737 affici,
593 3645 729 3720 debetis
745 3647 904 3739 prolecto
921 3661 955 3719 et
969 3670 1033 3716 vos
1048 3646 1124 3715 vice
1175 3653 1236 3725 isti
1266 3653 1354 3725 belli
1386 3655 1491 3748 pueri
1524 3679 1605 3726 cum
1643 3667 1785 3726 strenue
1821 3654 2060 3746 defatigamnt
2092 3677 2169 3737 nos,

133 3755 465 3843 meacommoveri,
490 3766 526 3825 et
542 3750 722 3848 querelam
738 3774 853 3821 meam
869 3748 1042 3842 patienter
1059 3772 1124 3819 au·
1175 3780 1282 3849 quam
1307 3769 1392 3826 sunt
1415 3757 1562 3849 insuper
1587 3758 1626 3826 in
1649 3782 1716 3828 nos
1738 3748 2011 3829 contumeliosi?
2063 3754 2169 3827 Inve-

136 3865 232 3950 dire,
256 3854 421 3955 mihique
443 3857 585 3929 veniam
607 3857 710 3939 dare,
737 3851 851 3923 sicubi
872 3852 1008 3923 diutius
1027 3851 1122 3923 iusto
1174 3859 1252 3928 nias
1266 3859 1329 3952 qui
1345 3858 1462 3951 palam
1480 3861 1572 3933 ausit
1588 3861 1784 3931 convitium
1804 3862 1918 3930 lacere
1933 3858 2166 3952 praeceptori,

137 3960 523 4039 incommemorandis
545 3959 650 4029 malis
675 3955 807 4026 nostris
832 3954 1045 4025 commorari
1066 3953 1123 4022 vl·
1174 3975 1210 4032 et
1236 3983 1362 4031 manus
1388 3962 1563 4033 auriculas
1591 3962 1753 4034 imitatur
1784 3963 1930 4032 mobilis
1956 3963 2066 4035 albas.
2118 3954 2168 4030 Et

139 4071 263 4155 debor3
313 4090 398 4137 uam
418 4064 482 4135 ubi
501 4061 618 4147 dolet,
644 4058 765 4144 aiunt,
791 4057 842 4127 ihi
860 4080 1005 4126 manum
1023 4055 1123 4150 quis·
1174 4062 1352 4133 eiusmodi
1374 4087 1493 4135 mores
1514 4067 1620 4136 domo
1645 4067 1690 4134 ad
1722 4078 1966 4156 praeceptores
1991 4064 2169 4144 adferunt,

141 4197 202 4269 que
222 4162 345 4243 habet.
397 4162 475 4257 Ego
498 4188 579 4235 cum
602 4185 665 4255 per
685 4160 845 4253 inopiam
861 4158 995 4249 ingenii
1012 4159 1122 4229 senti·
1174 4158 1291 4234 nihilo
1325 4166 1546 4237 reverentius
1578 4180 1681 4236 antea
1715 4180 1879 4259 parentes
1913 4178 2167 4249 tractaverunt,

143 4296 209 4347 tem
230 4297 289 4344 me
314 4270 369 4341 nit
388 4263 459 4341 huc
481 4268 621 4338 adlerre
647 4287 768 4355 posse,
789 4262 886 4356 quod
907 4284 1121 4353 magnopere
1174 4291 1282 4361 quam
1299 4292 1396 4338 nuuc
1413 4270 1599 4358 magistros
1615 4283 1777 4343 tractent.
1828 4264 1877 4339 Et
1897 4268 2069 4368 paulatim
2086 4291 2168 4336 ver-

145 4376 343 4460 delectaret,
384 4385 421 4444 et
448 4394 506 4441 me
530 4365 759 4462 quotidianae
786 4364 879 4434 vitae
901 4365 1120 4436 consuetudo
1174 4369 1219 4440 tit
1250 4367 1289 4437 iu
1322 4383 1487 4440 naturam
1514 4373 1606 4441 mala
1634 4371 1874 4452 consuetudo,
1907 4385 1948 4441 ut
1979 4370 2109 4459 corrigi
2133 4381 2167 4436 et

145 4471 240 4552 huius
270 4472 471 4569 argumenti
494 4473 719 4552 admoueret,
755 4466 848 4559 gessi
876 4466 1010 4537 scilicet
1040 4490 1121 4536 meo
1174 4472 1358 4541 emendari
1373 4466 1460 4542 haec
1475 4473 1562 4543 vitia
1578 4497 1762 4568 nunquam
1786 4475 1937 4564 possint.
1990 4471 2088 4561 Quid
2116 4481 2167 4538 est

149 4579 251 4653 dolori
266 4601 423 4664 morem,
448 4589 482 4647 et
496 4570 588 4644 hanc
608 4569 793 4641 materiam
817 4567 952 4661 sumpsi
975 4593 1041 4660 pro
1065 4570 1122 4638 vi·
1174 4574 1204 4644 si
1222 4598 1298 4643 non
1311 4568 1400 4644 haec
1416 4589 1467 4646 est
1487 4577 1648 4661 miseria,
1673 4576 1853 4668 perpetuis
1868 4574 1963 4644 curis
1979 4598 2020 4643 ac
2043 4572 2166 4641 labore

149 4681 197 4753 rili
223 4683 456 4757 mactandam.
512 4674 568 4747 Ex
595 4697 664 4768 qua
688 4672 852 4765 equidem
881 4695 956 4740 non
985 4670 1137 4762 ingeniiv
1175 4676 1214 4745 in
1237 4677 1398 4746 docendo
1422 4678 1554 4751 frustra
1577 4680 1739 4749 consumi
1762 4691 1796 4748 et
1813 4675 1976 4746 enecari?
2027 4672 2166 4744 Deinde

151 4781 293 4874 laudem,
317 4785 379 4856 sed
398 4783 438 4852 in
453 4775 521 4850 hac
543 4775 746 4848 carnificina
765 4776 939 4866 quaedam
954 4797 1120 4845 curarum
1174 4802 1241 4871 pro
1257 4779 1329 4849 tuis
1342 4779 1479 4851 meritis
1493 4780 1598 4852 etiam
1615 4782 1720 4851 ludos
1736 4779 1952 4869 deliciasque
1968 4789 2002 4846 et
2019 4777 2166 4870 quidem

152 4887 256 4963 solatia
281 4887 485 4981 replebam,
505 4882 611 4974 plane
634 4873 724 4948 mihi
749 4877 906 4971 requies,
931 4899 1007 4946 non
1028 4877 1121 4946 fama
1174 4904 1286 4971 puero
1304 4882 1404 4951 fieri?
1455 4881 1614 4974 Pingunt
1632 4886 1725 4975 apud
1742 4883 1873 4951 inferos
1889 4873 2081 4974 Sisyphum
2098 4881 2166 4948 im-

153 4990 242 5078 petita
258 5005 321 5064 est.
373 4986 449 5059 Nec
472 5008 529 5054 me
552 4984 718 5054 sinebant
741 4975 828 5050 haec
849 4977 941 5048 mala
968 4978 1122 5069 diligen·
1174 5006 1279 5052 mane
1295 5006 1417 5054 saxum
1434 4983 1473 5054 in
1494 4989 1683 5057 adversum
1704 4997 1860 5055 montem
1879 4983 2041 5062 volvere,
2069 4984 2165 5075 quod

154 5089 208 5165 tius
222 5095 439 5166 elaboratam
453 5086 651 5158 orationem
666 5079 737 5155 huc
754 5082 903 5152 adferre.
946 5079 1017 5153 Sed
1034 5082 1121 5151 dum
1174 5098 1294 5154 tamen
1324 5109 1505 5155 esummo
1532 5088 1603 5157 iam
1628 5087 1760 5160 vertice
1781 5107 1923 5155 rursum
1945 5085 2098 5167 labitur,
2132 5096 2166 5151 et

153 5190 250 5268 latori
273 5198 454 5289 obsequor
478 5191 556 5262 sine
586 5187 713 5260 ordine
745 5184 926 5256 incondita
954 5185 1122 5278 pleraque
1174 5186 1272 5279 plani
1298 5187 1429 5280 raptim
1454 5190 1543 5278 petit
1567 5214 1719 5283 aequora
1744 5188 1880 5279 campi,
1905 5186 2166 5277 significarique

153 5294 259 5386 elladi,
285 5300 393 5391 idque
419 5291 688 5368 condonabitis,
713 5286 864 5378 opinor,
891 5281 982 5356 mihi
1006 5287 1121 5367 facile,
1174 5289 1337 5359 scribunt
1356 5313 1397 5358 eo
1415 5304 1636 5376 commento,
1662 5293 1764 5363 irrito
1779 5291 1903 5360 labore
1920 5289 2048 5359 multos
2067 5310 2164 5354 mor-

154 5395 250 5495 tiqua
273 5397 455 5471 miseratio
478 5394 548 5464 mei
571 5405 701 5483 tanget.
751 5387 876 5482 Neque
900 5388 995 5458 enim
1019 5412 1122 5459 vaca-
1173 5391 1261 5461 tales
1291 5391 1428 5463 confici.
1489 5387 1585 5461 Mihi
1616 5394 1731 5464 multo
1761 5392 1890 5462 clarius
1911 5388 2167 5480 repraesentari

154 5494 200 5573 bat
213 5504 332 5575 animo
353 5497 402 5571 sie
423 5508 592 5590 occupato
611 5495 802 5565 verborum
822 5485 954 5562 habere
976 5514 1121 5565 accura—
1175 5493 1357 5565 videretur
1379 5493 1499 5566 inanis
1522 5519 1652 5587 opera,
1677 5495 1707 5566 ai
1734 5495 1941 5586 pingeretur
1961 5491 2014 5562 ibi
2036 5490 2166 5582 paeda·
