4664 6022
123 212 204 356 aaa
509 272 686 398 ⁸astraea.
730 273 806 352 ur
837 270 1099 352 srarcro
1135 271 1280 352 tuas
1313 272 1390 352 ar
1421 273 1788 372 anoutrara
2102 280 2182 357 sn

123 469 197 541 est,
225 440 478 550 aequissimum
500 473 594 524 esse:
630 451 794 523 videlicet
818 452 862 522 de
883 450 948 521 illo
968 463 1043 524 toto
1067 472 1128 541 ge·
1179 450 1241 522 tati
1258 474 1341 522 suae
1355 467 1527 543 gesserat:
1554 468 1673 526 tamen
1698 469 1818 548 postea
1834 473 2014 530 aecusatus
2036 458 2074 528 in
2099 457 2176 552 ipsa

123 583 229 645 uere,
251 560 384 653 dequo
403 558 458 627 lex
475 556 647 651 loquitur.
700 553 749 628 Ut
765 555 820 625 lex
835 578 927 649 quae
948 555 1048 626 iubet
1068 555 1126 627 lu·
1177 555 1275 624 curia
1290 571 1324 627 et
1339 556 1485 639 iudicio,
1510 581 1576 629 suo
1592 559 1711 648 gladio
1729 582 1804 631 sese
1818 562 2004 636 transfixit.
2045 561 2175 656 Sequi·

123 687 181 737 res
202 661 305 733 adlici
328 661 522 754 supplicio,
555 659 717 754 loquitur
741 660 785 730 de
808 673 1024 750 grassatore,
1050 682 1123 727 non
1177 670 1238 729 tur
1260 659 1355 728 enim
1377 660 1562 752 perfidiam
1582 677 1617 733 et
1634 657 1698 732 bas
1721 659 1991 759 sycophanticas
2007 665 2096 735 iuris
2110 668 2174 735 de-

123 772 168 841 de
184 767 284 858 lapso
303 765 510 836 infirmitate
524 763 666 848 aetatis,
690 777 751 834 sut
769 764 813 833 de
828 786 870 832 eo
886 787 993 856 quem
1013 762 1123 832 tames
1177 763 1418 854 pravatioues‚
1452 763 1575 836 divina
1598 765 1775 854 vindicta,
1806 783 1899 839 certa
1929 782 1964 839 et
1994 782 2071 840 rata
2104 765 2173 853 Dei

123 870 269 964 impulit
283 868 441 939 alienum
453 869 606 939 auferre.
648 861 745 957 Ergo
759 866 801 940 in
812 889 897 937 casu
912 865 1009 956 legia,
1034 865 1123 935 scri·
1174 866 1415 938 ordinatione.
1476 865 1620 938 Possem
1641 868 1756 940 exitus
1777 871 1973 962 insignium
1997 873 2173 962 imposto-

123 988 224 1070 ptum
241 974 460 1068 sequendum
477 985 538 1045 est.
590 969 762 1043 Strictum
781 969 932 1042 veroius
949 991 1047 1038 nunc
1064 967 1122 1037 iu·
1175 991 1255 1039 mm
1272 963 1379 1039 buius
1393 971 1516 1039 aetatis
1532 971 1692 1043 recitare.
1731 970 1802 1045 Sed
1819 999 1900 1044 cum
1916 989 2035 1046 vetera
2053 998 2171 1044 exem·

123 1077 267 1169 telligo,
291 1076 322 1147 si
342 1075 506 1146 acerbam
524 1073 854 1164 interpretationem
877 1086 974 1143 extra
1002 1094 1121 1142 casum
1176 1072 1233 1165 pla
1248 1072 1390 1159 auditis,
1416 1074 1561 1166 vosipsi
1577 1075 1707 1145 similia
1722 1078 1883 1168 cogitate,
1909 1092 1942 1150 et
1957 1077 2025 1148 Dei
2040 1077 2171 1147 volun·

123 1182 210 1275 tegis
226 1179 414 1272 complecti
432 1178 539 1262 velis,
566 1201 611 1247 ne
628 1175 901 1248 discederetura
918 1175 1056 1260 verbis,
1081 1188 1122 1244 ut
1175 1188 1281 1246 tatem
1295 1177 1493 1266 agnoscite,
1519 1179 1634 1271 quiin
1659 1173 1716 1248 his
1737 1180 1906 1273 exemplis
1931 1201 2063 1274 poenas
2086 1205 2170 1272 pro-

123 1288 179 1359 lex
194 1286 239 1355 de
252 1284 400 1354 sabbato
416 1277 583 1373 probibet
597 1303 723 1372 operas
736 1280 893 1365 serviles,
919 1278 957 1350 id
972 1291 1034 1365 est,
1059 1302 1122 1348 oc·
1176 1280 1277 1371 ponit
1297 1282 1609 1352 contemnentibus
1633 1282 1831 1370 iusticiam,
1866 1308 2002 1378 nosque
2025 1285 2068 1353 ad
2097 1284 2171 1353 fre-

123 1386 331 1484 eapationes
350 1385 598 1479 quotidianas,
632 1407 723 1478 quae
745 1407 821 1452 non
841 1383 1041 1453 concedunt
1059 1404 1121 1450 va·
1175 1384 1312 1452 nandas
1329 1407 1457 1475 pravas
1469 1384 1699 1478 cupiditates,
1725 1400 1760 1458 et
1781 1388 1968 1457 colendam
1993 1387 2169 1457 iusticiam

123 1516 204 1569 sate
225 1488 409 1562 doctrinae
432 1489 573 1558 coelesti
593 1501 628 1558 et
645 1486 780 1556 divinis
795 1485 1017 1559 ceremoniis.
1078 1482 1120 1555 ln
1175 1481 1350 1563 bortatur.
1402 1485 1513 1559 Multi
1534 1489 1642 1559 decus
1662 1488 1799 1579 ingenii
1824 1513 1898 1561 esse
1922 1503 2065 1582 putant,
2091 1490 2169 1561 elu-

123 1591 190 1671 boc
207 1617 336 1687 genere
358 1591 528 1682 scriptum
545 1588 794 1689 universaliter
813 1589 1019 1663 retineatur.
1071 1584 1121 1658 At
1175 1592 1259 1659 dere
1274 1588 1390 1680 legum
1407 1614 1548 1679 vocem,
1573 1592 1760 1664 offundere
1783 1593 1986 1686 praestigias
2003 1593 2169 1664 oculisne

123 1697 245 1773 ludaei
262 1694 518 1769 calumniosam
537 1693 793 1784 expositionem
809 1694 958 1778 addunt,
982 1717 1027 1763 ue
1045 1691 1121 1760 dis·
1175 1692 1354 1763 mentibus
1369 1687 1575 1780 bominum,
1602 1697 1785 1768 veritatem
1804 1696 2167 1769 tenebrisa'nvolvere.

123 1804 250 1879 cedant
269 1825 289 1872 a
306 1797 438 1869 verbis.
490 1794 625 1868 Sedent
646 1796 756 1867 ociosi
780 1811 872 1868 totos
891 1797 968 1866 dies
989 1797 1027 1868 in
1047 1795 1121 1865 suis
1174 1793 1243 1866 Sed
1260 1796 1365 1885 longe
1380 1811 1512 1883 errant,
1536 1798 1566 1869 si
1582 1799 1783 1869 existimant
1797 1824 1833 1869 se
1849 1825 1922 1871 non
1937 1803 2081 1871 daturos
2094 1821 2168 1870 esse

123 1905 230 1991 assis,
254 1926 329 1974 non
354 1913 530 1995 coquunt,
556 1925 601 1969 ne
626 1923 750 1970 mucos-
771 1900 916 1995 quidem
939 1923 959 1970 a
979 1893 1120 1994 lychnis
1175 1922 1307 1990 poenas
1329 1895 1436 1970 buius
1459 1901 1684 1992 petulantiae.
1738 1903 1871 1975 Discite
1895 1903 2070 1974 iusticiam
2090 1926 2169 1971 mo-

123 2012 317 2100 deoerpunt
341 2004 427 2098 ipsi,
460 2005 519 2073 sed
542 1998 675 2074 babent
700 2005 895 2075 conductos
914 2026 956 2073 ex
987 2001 1120 2073 nostris
1175 2002 1261 2088 niti,
1288 2015 1324 2072 et
1345 2027 1420 2071 non
1441 2015 1599 2074 temnere
1620 2005 1733 2075 divos.
1785 2004 1888 2076 Hanc
1915 2031 2036 2076 vocem
2061 2004 2168 2075 etiam

123 2092 342 2196 bominibus,
364 2108 427 2202 qui
445 2101 593 2201 lychnos
607 2108 814 2192 accendant,
838 2120 871 2177 et
885 2104 1019 2174 similes
1034 2129 1119 2198 ope·
1175 2100 1337 2177 Etbnicis
1353 2106 1569 2197 experientia
1580 2109 1760 2199 expressit,
1782 2110 1844 2201 qui
1856 2109 2169 2193 videruntdextra,

123 2238 178 2313 pas
192 2212 335 2286 iaciant.
364 2208 445 2281 Hoc
459 2210 569 2281 modo
583 2209 613 2281 si
627 2209 789 2280 strictum
800 2209 855 2280 ius
866 2209 911 2278 de
921 2207 1119 2279 calumnio-
1175 2233 1255 2278 vera
1278 2222 1312 2279 et
1336 2210 1494 2279 modesta
1521 2210 1670 2281 consilia
1693 2211 1874 2280 verissima
1897 2234 1985 2281 esse:
2024 2224 2168 2280 econtra

123 2315 472 2443 *interpretatione
494 2312 723 2402 intelligitur,
749 2327 784 2385 et
804 2311 918 2383 lacilis
936 2324 970 2382 et
987 2311 1120 2381 saluta-
1173 2336 1257 2382 vero
1281 2309 1349 2383 Dei
1374 2313 1525 2383 consilio
1559 2316 1702 2384 taudem
1732 2316 1809 2406 rapi
1837 2316 1879 2383 ad
1908 2313 2079 2407 supplicia
2109 2313 2166 2380 in-

123 2447 169 2497 ns
183 2436 237 2493 est
258 2419 457 2490 intellectus
479 2416 567 2506 legis
579 2413 732 2487 Placuit.
781 2411 1018 2487 Commendat
1032 2412 1119 2485 scri·
1172 2415 1304 2507 signia,
1337 2439 1462 2486 omnes
1483 2416 1545 2510 qui
1572 2430 1634 2488 aut
1665 2417 1790 2488 lraude
1819 2432 1882 2489 aut
1904 2417 1939 2488 vi
1966 2417 2168 2508 petulanter

123 2516 225 2625 ptum
244 2533 413 2593 etmonet
433 2520 469 2590 id
487 2521 608 2589 dextre
630 2518 903 2609 intelligendum
923 2541 1010 2591 esse.
1066 2516 1119 2588 lta
1173 2520 1250 2589 iura
1267 2519 1459 2593 violarunt.
1511 2519 1592 2591 Non
1610 2533 1774 2614 putemus
1790 2520 1955 2612 exiguum
1972 2542 2047 2590 esse
2062 2521 2170 2589 decus

123 2621 507 2719 eruntbeataellespu.
524 2621 553 2691 si
570 2623 686 2711 legum
703 2622 831 2692 vociin
850 2646 931 2692 vera
948 2637 982 2693 et
999 2621 1119 2692 nativa
1173 2621 1328 2714 ingenii,
1361 2622 1557 2715 simplicem
1580 2625 1762 2694 veritatem
1786 2625 1925 2710 videre,
1956 2637 1993 2693 et
2013 2647 2054 2695 es
2075 2621 2170 2692 veris

123 2727 300 2802 sntentia
319 2725 633 2820 obtemperabitur.
685 2722 759 2799 Nec
781 2723 1021 2795 calumniosae
1042 2723 1119 2794 elu-
1173 2725 1414 2795 fundamentis
1429 2739 1590 2798 extruere
1607 2726 1763 2798 veritatis
1779 2726 2033 2803 defensionem.
2069 2720 2169 2795 Haec

123 2742 242 3121 ἐκ
258 2830 452 2919 fingentur,
478 2845 519 2900 ut
533 2824 689 2920 lpbiclus
712 2853 793 2899 cum
808 2823 963 2900 Rhodiis
986 2826 1121 2897 lacien·
1172 2829 1286 2899 multo
1300 2830 1414 2899 maius
1428 2853 1588 2917 acumen,
1606 2829 1777 2901 maiorem
1792 2828 2032 2902 eruditionem
2047 2827 2169 2922 requi-

173 2954 219 3005 us
237 2933 456 3006 deditionem
481 2946 604 3024 pactus
620 2946 713 3014 erat,
736 2938 776 3001 'se
791 2930 1025 3002 dimissurum
1046 2953 1120 3001 esse
1174 2946 1274 3017 runt,
1305 2956 1412 3026 quam
1439 2933 1557 3002 inanis
1579 2935 1797 3004 coacervatio
1820 2928 2078 3025 sophismatum
2094 2954 2169 3001 non

204 3061 288 3107 cnm
312 3036 466 3106 navibus
487 3047 664 3127 quotquot
688 3034 834 3107 vellent.
886 3032 1011 3104 Postea
1037 3056 1119 3103 cum
1173 3029 1452 3107 cohaerentium.
1522 3034 1644 3107 Placet
1675 3032 1761 3107 baec
1793 3038 1968 3107 calliditas
1999 3032 2171 3119 indoctis,

123 3139 252 3237 agressi
275 3139 439 3216 civitate,
472 3134 673 3224 navigaturi
697 3149 831 3220 essent,
861 3134 964 3207 iussit
993 3157 1121 3220 remos,
1174 3160 1326 3230 quorum
1358 3139 1467 3208 servit
1495 3139 1701 3227 cupiditati,
1737 3140 1797 3207 sed
1826 3164 1890 3208 nec
1912 3140 2003 3208 veris
2027 3136 2169 3206 iudiciis

123 3244 253 3329 slalos,
279 3242 358 3311 vela
380 3239 568 3310 anavibus
590 3237 742 3322 auferri,
766 3236 934 3332 inquiens
953 3260 990 3307 se
1012 3260 1120 3307 naves
1175 3241 1306 3331 placet,
1341 3263 1405 3308 nec
1433 3241 1576 3330 prodest
1603 3241 1773 3331 imperiis.
1835 3239 2036 3311 Inflammat
2069 3238 2168 3310 enim

123 3345 344 3429 aroneisisse,
370 3368 446 3412 non
470 3354 606 3411 caetera
626 3341 875 3415 instrumenta.
934 3337 1013 3409 Hae
1038 3363 1120 3410 ver·
1174 3341 1368 3411 discordias
1389 3366 1479 3437 quae
1504 3356 1588 3413 sunt
1604 3343 1763 3412 exitiales
1780 3343 1951 3435 imperiis.
2003 3341 2168 3410 Tandem

123 3450 251 3523 ierom
278 3449 495 3540 imposturae
520 3439 615 3514 nibil
638 3439 770 3514 babent
794 3442 1010 3534 sapientiae,
1040 3442 1121 3537 quis
1175 3445 1285 3536 igitur
1298 3446 1411 3514 exitus
1426 3446 1583 3516 ostendit
1600 3469 1690 3541 quae
1708 3447 1753 3516 sit
1768 3471 1850 3515 vera
1869 3459 1902 3516 et
1925 3444 2088 3516 salutaris
2110 3465 2168 3512 sa·

123 3553 218 3627 enim
231 3576 307 3623 uon
325 3564 437 3643 potest
459 3547 681 3619 comminisci
696 3547 786 3618 tales
806 3546 1065 3627 cavillationes,
1090 3547 1120 3614 si
1176 3547 1319 3641 pientia.
1371 3544 1509 3618 Romae
1526 3547 1582 3617 vir
1605 3549 1837 3639 magnusfuit
1854 3546 2011 3634 Marius,
2035 3550 2168 3641 dequo
2233 3630 2236 3635 Ι

123 3656 257 3733 ilt'eat?
282 3658 341 3725 sed
359 3652 540 3745 perfidiam
554 3665 590 3723 et
601 3651 829 3745 cupiditatem
841 3649 996 3720 nocendi
1010 3648 1120 3740 signi-
1175 3652 1384 3735 dictumest,
1405 3651 1555 3723 dubium
1570 3674 1655 3732 esse,
1677 3677 1722 3722 an
1738 3666 1891 3722 armatus
1903 3652 1982 3745 plus
1996 3648 2170 3745 profuerit

123 3771 241 3837 leant.
292 3756 366 3829 Nec
392 3780 473 3826 raro
496 3755 635 3826 luditur
660 3754 839 3824 similibus
861 3752 1059 3846 praestigiis
1083 3753 1120 3820 in
1176 3755 1327 3847 patriae,
1358 3779 1403 3822 an
1428 3780 1511 3825 vero
1536 3770 1675 3844 togatus
1698 3758 1778 3848 plus
1797 3756 1970 3826 nocuerit.
2023 3751 2057 3825 Is
2085 3776 2168 3823 cum

123 3864 330 3954 lebuspub.
361 3857 544 3944 maximis,
583 3862 645 3928 sed
676 3856 833 3951 exempla
863 3857 1016 3927 recentia
1048 3880 1120 3925 non
1175 3861 1311 3950 eripere
1335 3859 1555 3948 provinciam
1577 3859 1695 3954 Syllae
1719 3874 1927 3942 conaretur,
1957 3881 2063 3950 quam
2086 3855 2169 3950 qui-

123 3983 204 4045 unt
231 3960 301 4035 boc
324 3965 402 4035 loco
426 3964 754 4046 commemoranda,
790 3960 975 4050 cogitanda
1002 3975 1120 4029 tamen
1176 3964 1256 4030 dem
1280 3961 1379 4056 Sylla
1406 3962 1481 4051 lege
1508 3975 1544 4032 et
1566 3964 1694 4033 ordine
1723 3963 1884 4044 tenebat,
1915 3958 2078 4049 adiungit
2099 3957 2169 4029 sibi

123 4084 219 4152 urst,
245 4082 286 4139 ut
300 4091 366 4138 nos
380 4065 447 4159 ipsi
461 4066 504 4135 ad
516 4088 673 4135 amorem
690 4064 858 4150 veritatis,
884 4078 917 4135 et
935 4066 976 4133 ad
997 4062 1119 4133 odium
1176 4060 1359 4134 bominem
1385 4064 1608 4158 eloquentem
1632 4091 1671 4134 ac
1696 4066 1853 4135 nobilem
1876 4063 2085 4156 Sulpitium.
2136 4058 2170 4130 ls

123 4169 333 4271 upbistices
347 4169 592 4242 exuscitemus.
1176 4168 1345 4237 iniustam
1369 4165 1477 4237 Marii
1502 4191 1641 4237 causam
1663 4182 1734 4238 tam
1757 4169 1994 4258 plausibiliter
2015 4166 2104 4256 egit,
2129 4176 2169 4234 ut

226 4272 376 4347 Luserat
392 4273 516 4343 eodem
533 4272 640 4341 modo
655 4265 875 4341 Pacbesdux
891 4264 1122 4338 Atheniensis
1177 4294 1249 4340 non
1273 4272 1381 4339 modo
1404 4269 1550 4342 Senatui
1573 4270 1810 4340 formidabilis
1833 4286 1942 4356 esset,
1974 4273 2034 4339 sed
2062 4268 2168 4340 etiam

123 4404 203 4459 um
224 4379 316 4448 duce
331 4373 516 4447 Arcadico.
567 4371 704 4445 Evocat
719 4397 802 4443 eum
818 4397 860 4441 ex
875 4371 1008 4465 oppido
1024 4372 1120 4466 quod
1177 4375 1291 4466 palam
1313 4373 1421 4444 lectos
1441 4387 1615 4445 trecentos
1631 4375 1766 4469 equites
1779 4397 1896 4445 secum
1912 4375 1950 4443 in
1967 4376 2084 4443 sorum
2100 4372 2169 4438 du·

123 4481 337 4559 tetendebat
353 4475 481 4560 Arcas,
506 4492 542 4548 et
557 4476 747 4570 pollicetur
763 4500 800 4545 se
820 4477 857 4544 in
875 4476 1048 4568 oppidum
1065 4475 1122 4543 in·
1175 4489 1288 4561 reret,
1319 4499 1408 4568 quos
1431 4471 1683 4547 Antisenatum
1706 4477 1866 4548 vocabat.
1922 4476 2025 4548 Hane
2046 4495 2169 4543 amen·

123 4588 302 4663 'olumem
323 4582 555 4652 remissurum
579 4603 661 4650 esse.
711 4576 803 4650 Cam
821 4577 930 4668 igitur
956 4577 1121 4647 incastra
1176 4580 1261 4650 tiam
1277 4592 1382 4673 atque
1397 4579 1656 4672 impudentiam
1674 4581 1787 4651 adfert
1803 4583 1918 4670 legum
1934 4588 2167 4667 contemptus.

123 4682 290 4765 bebetis
305 4686 458 4755 venisset
474 4685 595 4769 Arcas,
619 4681 795 4753 retinetur
810 4683 964 4752 vinctus:
991 4695 1024 4751 et
1039 4681 1123 4774 quia
1177 4681 1247 4755 Sed
1263 4677 1350 4752 haee
1362 4682 1551 4754 insolentia
1567 4706 1640 4752 non
1653 4682 1720 4754 suit
1734 4684 1922 4753 diuturna:
1950 4704 2013 4749 aec
2029 4691 2169 4749 tantum

123 4793 281 4868 diducto
305 4789 395 4859 duce
419 4786 534 4857 facilis
556 4800 631 4857 erat
648 4784 771 4877 oppidi
798 4785 1027 4876 expugnatio,
1054 4782 1123 4853 Pa·
1177 4785 1244 4879 ipsi
1263 4782 1420 4876 Sulpitio
1443 4786 1513 4856 suit
1535 4786 1662 4871 exitio,
1693 4788 1752 4855 sed
1779 4785 1884 4854 etiam
1907 4783 2020 4852 multa
2036 4781 2169 4851 civium

123 4892 210 4973 :bes
235 4894 341 4962 rebus
363 4890 532 4961 omuibus
551 4889 740 4979 diligenter
761 4887 993 4981 praeparatis,
1020 4886 1123 4980 oppi·
1178 4887 1290 4958 millia
1307 4888 1475 4981 perdidit.
1529 4885 1606 4980 lpse
1618 4890 1719 4959 furor
1734 4912 1797 4981 per
1814 4909 1889 4957 sese
1912 4909 2038 4976 magna
2056 4885 2172 4954 luerat

123 5006 211 5075 tum
229 5007 411 5088 oppugnat
423 5008 458 5064 et
474 4992 578 5084 sapit.
620 4989 745 5062 Postea
761 4989 937 5061 Arcadem
953 4991 1070 5061 redire
1086 4990 1123 5058 in
1177 5016 1310 5085 poena,
1345 4992 1440 5084 quod
1465 5005 1584 5084 spreto
1606 5015 1745 5061 summo
1771 4989 1921 5059 consilio
1942 4989 2171 5059 orbisterra·

123 5096 663 5201 »ppidumiubetincolumem
692 5109 731 5164 ut
757 5092 979 5186 promiserat.
1031 5091 1125 5163 Huic
1178 5119 1257 5164 rum
1266 5145 1277 5179 ,
1307 5090 1556 5165 Antisenatum
1576 5119 1677 5164 suam
1698 5093 1885 5163 nominare
1906 5087 2088 5163 cohortem
2107 5113 2172 5160 au·

123 5201 244 5283 baudi
261 5223 389 5270 manus
404 5199 518 5270 scelus
534 5197 681 5269 addidit.
738 5196 778 5266 ln
797 5198 922 5267 urbem
944 5220 1124 5266 reversum
1178 5220 1237 5268 sus
1260 5210 1330 5281 est,
1352 5210 1387 5267 et
1413 5211 1530 5267 tamen
1557 5210 1676 5289 postea
1698 5197 1858 5267 infinitae
1878 5195 2094 5267 calamitates
2114 5193 2172 5261 in·

123 5325 248 5387 vostea
267 5303 442 5376 interficit.
495 5299 573 5371 Hoc
589 5326 663 5371 non
682 5313 735 5370 est
747 5300 897 5370 consilio
917 5313 978 5369 aut
994 5299 1125 5373 virtute
1177 5323 1285 5393 super
1304 5313 1442 5370 sectdae
1466 5314 1560 5374 sunt.
1613 5295 1786 5371 Obtestor
1808 5299 1919 5389 igitur
1939 5323 2002 5368 vos
2025 5306 2173 5388 propter

123 5426 281 5489 zer-tare,
309 5408 368 5477 sed
393 5404 553 5476 Sinoniis
573 5404 722 5478 artibus.
781 5402 850 5474 Sed
875 5403 993 5473 videte
1017 5394 1126 5471 buius
1177 5400 1314 5487 Deum,
1342 5417 1381 5473 ut
1407 5405 1451 5474 ad
1476 5403 1593 5493 legum
1620 5401 1871 5482 reverentiam,
1911 5404 1956 5470 ad
1984 5400 2173 5469 amandam

123 5512 333 5607 ,mpostoris
347 5508 493 5580 exitura.
543 5502 624 5578 Etsi
638 5530 694 5578 res
710 5528 856 5597 magnas
869 5521 903 5578 et
919 5505 1025 5578 utiles
1037 5504 1126 5575 civi·
1179 5505 1376 5600 simplicem
1393 5508 1598 5592 veritatem,
1625 5518 1659 5575 et
1674 5506 1719 5574 ad
1735 5496 1903 5575 honestas
1921 5527 1960 5574 ac
1977 5504 2176 5574 moderatas

176 5620 359 5687 tlt-eavea.
377 5617 484 5682 Orsa.
498 5612 582 5681 Vos.
598 5611 671 5701 xl,
1689 5604 1738 5679 48
