4664 6022
63 291 107 366 n
396 220 400 227 ⁸
472 285 637 367 unct.
668 285 744 364 nn
776 232 1397 369 couurununrdanon
1431 290 1686 421 sununs,
2036 310 2088 383 22

62 463 205 544 iudicii,
230 464 294 561 qui
309 463 432 554 seligat
448 479 671 559 quaenamet
686 478 862 560 quatenus
878 465 1045 536 discenda
1098 478 1159 537 aut
1181 488 1256 535 rem
1279 466 1471 553 medicam,
1496 467 1635 542 effoetis
1656 471 1727 540 iam
1747 474 1850 546 anuis
1867 480 1990 569 pedem
2006 506 2082 554 mo.

61 571 143 639 siut.
179 563 290 637 Dolet
308 567 404 636 cuim
419 568 515 637 sanis
531 590 605 636 esse
620 569 684 661 qui
697 581 950 660 persuaserunt
967 567 1047 655 sibi,
1097 580 1201 649 vent,
1229 567 1317 660 quid
1340 568 1439 640 aliud
1463 573 1608 642 defectis
1630 572 1767 660 ingenii
1791 578 1945 667 viribus,
1977 608 2083 676 quam

60 669 126 740 nisi
150 663 240 738 haec
262 669 406 759 nugalia
430 669 678 755 didicerimus,
705 693 781 740 non
801 671 878 740 forc
902 695 944 741 ex
968 694 1047 752 usu,
1097 670 1194 763 qu'od
1226 670 1265 739 in
1295 669 1382 741 ludo
1406 688 1683 760 consueverunt,
1717 680 1846 767 agant?
1895 681 2084 776 Nugrntur

59 772 236 866 quidquid
266 772 468 842 studiorum
500 772 715 845 affectemus.
775 769 963 843 Modestus
989 774 1047 842 vir
1097 794 1179 862 ergo
1196 773 1250 841 bis
1267 774 1369 864 pueri
1386 798 1505 858 senes,
1530 800 1734 870 quanquam
1751 780 1783 848 si
1796 783 1853 852 cui
1875 787 1982 875 paulo
2007 790 2083 859 foe-

59 874 218 946 Socrates
231 887 326 958 erat,
352 875 415 966 qui
440 899 520 944 cum
538 875 710 965 opinione
731 875 923 966 sapientiae
938 874 1046 965 vulgo
1096 875 1200 944 licior
1220 889 1272 945 est
1295 876 1419 964 genius
1443 876 1567 947 lusisse
1589 882 1717 972 pudet,
1744 885 1901 956 sednon
1926 890 2083 963 incidere

59 977 255 1062 coleretur,
280 976 439 1062 dicebat,
464 972 533 1046 hoc
549 1000 660 1047 unum
677 1001 714 1046 se
731 978 838 1060 seire,
864 981 958 1070 quod
986 977 1046 1045 ni·
1097 977 1234 1048 ludum.
1280 973 1393 1058 Porro
1407 979 1511 1048 vobis
1526 976 1822 1056 Adulescentibus
1836 1003 1986 1062 vestram
2003 1014 2084 1083 gra·

58 1075 108 1149 bil
130 1079 260 1149 sciret:
287 1079 344 1146 illi
364 1093 486 1148 contra
507 1072 575 1148 hoc
597 1103 711 1149 unum
733 1080 913 1162 nesciunt,
946 1080 1044 1172 quod
1096 1079 1192 1149 tulor
1213 1077 1459 1164 foelicitatem,
1489 1082 1620 1174 quibus
1649 1085 1867 1176 benignitate
1890 1095 2017 1183 optir'ni
2043 1121 2105 1167 ac.

61 1177 146 1251 nibil
161 1181 297 1252 sciunt
331 1177 599 1275 Atqueutinam
614 1181 787 1252 foeliciter
806 1206 866 1251 eos
882 1182 1044 1275 aliquan-
1094 1181 1345 1270 sapientissimi
1375 1178 1554 1273 Principis
1586 1189 1701 1256 nostri
1737 1182 1942 1275 Friderici,
1974 1191 2083 1268 Ducis

66 1281 236 1376 doippss'pc
251 1277 272 1354 ὅ
287 1275 407 1381 laiycoc
430 1282 528 1372 virga
553 1305 614 1352 sue
637 1284 835 1355 demulceat
856 1297 897 1355 ut
921 1307 1046 1374 exper-
1095 1281 1289 1362 saxoniae,
1323 1279 1517 1370 Electoris,
1550 1288 1698 1377 contigit
1717 1289 1820 1382 longe
1840 1296 2084 1368 saluberrimis

60 1387 203 1476 gabant,
237 1397 279 1455 ut
300 1385 460 1475 desipere
482 1409 520 1454 se
543 1400 746 1473 agnoscant.
806 1384 854 1457 Ut
880 1407 1045 1474 evagarer
1095 1385 1246 1455 erudiri:
1270 1386 1386 1455 fontes
1399 1386 1493 1477 ipsos
1505 1389 1636 1459 artium
1651 1414 1692 1460 ex
1705 1394 1851 1485 optimis
1871 1393 2083 1472 authoribus

59 1489 219 1578 lougius,
253 1487 330 1578 ipsa
357 1511 414 1556 me
433 1488 486 1557 rei
516 1488 710 1577 indignitas
734 1488 898 1579 perpulit.
952 1485 1043 1558 Volo
1095 1481 1257 1560 hauritis.
1308 1484 1377 1557 Hic
1401 1489 1563 1559 nativum
1587 1515 1627 1560 ac
1650 1492 1826 1567 sincerum
1843 1495 2082 1588 Aristotelem,

57 1590 148 1663 cuim
166 1590 277 1659 fidem
292 1589 461 1659 studiosis
474 1590 622 1675 factam,
647 1591 744 1659 aliud
759 1591 939 1682 quoddam
964 1589 1045 1660 lite-
1095 1588 1156 1658 ille
1171 1588 1437 1677 Quintilianum
1454 1585 1668 1678 Rhetorem‚
1693 1590 1752 1682 hic
1765 1594 1925 1670 Plinium
1939 1615 2082 1682 tantum

57 1717 177 1764 rarum
193 1714 308 1783 genus
325 1692 451 1762 utilius
466 1714 556 1774 esse,
582 1717 687 1784 quam
705 1693 748 1762 sit
766 1689 1043 1785 quodCopulata
1095 1691 1308 1761 ditissimum
1333 1694 1515 1784 paedstae,
1556 1718 1596 1764 ac
1620 1696 1730 1769 veluti
1752 1703 1934 1793 quoddam
1959 1705 2082 1795 copiae

57 1798 206 1878 iactant,
232 1807 337 1888 atque
352 1788 440 1863 hacc
455 1794 494 1863 iu
509 1789 713 1866 Rhetoricis
737 1795 867 1863 nostris
892 1794 1043 1883 longius.
1095 1817 1223 1878 cornu,
1257 1793 1318 1862 ille
1341 1792 1517 1883 argutias,
1541 1797 1601 1866 scd
1626 1813 1700 1868 arte
1731 1813 1940 1893 temperatas
1968 1808 2081 1882 docet.

58 1896 155 1987 Quin
173 1897 381 1982 videamus,
406 1909 442 1966 et
456 1891 699 1966 hocfacilene
713 1896 777 1979 sit,
803 1890 868 1965 hac
892 1896 1042 1965 enimse
1095 1890 1279 1964 Accedunt
1301 1894 1377 1964 sine
1400 1897 1530 1988 quibus
1553 1923 1659 1968 nemo
1682 1917 1796 1990 potest
1812 1907 1975 1977 eruditus
1998 1932 2082 1978 cen·
2192 1982 2195 1986 ,

57 1997 367 2070 commendatione
388 1999 604 2068 divendunt:
639 1998 739 2091 quasi
766 1994 868 2069 vero¹
886 1997 1044 2087 angustis
1095 1991 1566 2076 seri,Mathcmatica,item
1585 1999 1974 2094 Poemata‚0ratores,
1998 2035 2085 2099 pro.

57 2103 143 2173 adeo
161 2100 295 2171 linibus
318 2112 484 2170 contenta
497 2100 611 2171 virtus
635 2123 708 2169 esse
722 2099 867 2184 debeat,
892 2112 932 2169 ut
947 2100 1041 2192 quod
1093 2097 1287 2168 sessoribus
1312 2121 1386 2168 non
1408 2101 1621 2191 proletariis.
1673 2101 1821 2177 Haecsi
1843 2112 2080 2199 cognoveritis

57 2205 187 2298 cuique
204 2202 363 2294 proclive
379 2203 427 2272 sit
440 2203 603 2292 aggredi,
631 2202 801 2272 continuo
817 2201 912 2270 idem
929 2196 1043 2270 hone·
1095 2225 1166 2293 quo
1189 2200 1316 2270 ordine
1337 2203 1520 2272 tractanda
1543 2205 1632 2287 sint,
1659 2220 1753 2277 certo
1774 2210 1867 2294 scio,
1892 2226 1928 2281 et
1953 2213 2083 2297 facilia,

58 2320 147 2377 stum
170 2305 230 2378 sit.
292 2302 478 2393 Quantum
510 2305 634 2375 aetatis
668 2298 807 2372 homini
821 2305 945 2374 datum
981 2315 1043 2386 est,
1095 2315 1129 2371 et
1145 2303 1347 2371 admirandi
1364 2305 1540 2393 profectus
1553 2306 1782 2379 videbuntur.
1834 2310 1990 2383 Puerilia
2007 2329 2082 2385 stu-

57 2411 187 2478 ncdum
221 2406 517 2492 adulescentiam,
567 2407 774 2490 insumunt,
813 2421 854 2475 ut
886 2402 1043 2494 Euripos
1094 2403 1153 2474 dia
1177 2428 1266 2497 quac
1290 2404 1471 2495 appellant
1491 2401 1836 2503 προγυμνάσματα,
1865 2411 2084 2487 Grammati-

58 2532 200 2596 omnes,
227 2510 278 2581 sic
294 2510 390 2579 enim
405 2507 648 2579 Nazianzenus
666 2522 785 2593 vocat,
798 2506 1044 2578 Aristotelicos
1093 2529 1152 2591 ea,
1177 2504 1388 2591 Dialectica,
1413 2502 1606 2579 Rhetorica
1631 2524 1776 2582 eatenus
1798 2514 1964 2586 discenda
1986 2534 2083 2603 sunt,

57 2608 277 2693 exhaurient,
294 2613 331 2681 id
347 2614 443 2705 q'uod
460 2612 578 2682 nescio
594 2635 641 2679 an
657 2634 816 2705 unquam
831 2609 940 2681 alicui
957 2632 1042 2679 con·
1093 2631 1162 2700 qua
1186 2608 1230 2678 ad
1254 2608 1446 2678 dicendum
1468 2633 1508 2679 ac
1534 2609 1764 2685 iudicandum
1784 2615 1997 2698 instructus,
2029 2620 2083 2689 fs·

57 2715 183 2803 tigerit.
245 2712 408 2785 Subinde
433 2715 529 2783 enim
553 2714 650 2807 quod
671 2708 879 2784 exhauritur
913 2712 1042 2793 influit,
1093 2709 1195 2799 stigia
1217 2711 1417 2781 studiomm
1439 2734 1514 2782 non
1530 2724 1662 2784 temere
1675 2715 1825 2791 affectes.
1879 2717 2083 2807 {ungendae

57 2817 216 2886 foelicius
228 2814 275 2883 td
294 2815 439 2908 quidem
457 2840 563 2908 quam
582 2814 675 2907 quod
699 2817 743 2885 de
757 2813 960 2884 Danaidum
977 2817 1042 2884 do-
1093 2808 1250 2882 Graecac
1266 2812 1389 2882 literae
1399 2811 1555 2899 Latinis,
1580 2830 1621 2887 ut
1640 2812 1897 2909 Philosophus,
1922 2817 2082 2898 Theolo-

57 2916 109 2987 liis
124 2920 260 2988 ferunt.
296 2915 402 2988 Adde
416 2919 512 3011 quod
529 2943 608 2986 cum
625 2940 661 2986 se
677 2919 751 2986 veri
766 2917 951 2986 scientiam
966 2941 1040 2986 me·
1092 2937 1172 3004 gos,
1197 2912 1414 3000 Historicos,
1441 2910 1629 3002 Oratores,
1655 2917 1969 3009 Podtaslecturus,
1994 2949 2081 3018 qua-

56 3021 158 3090 ditari
169 3020 383 3110 gloriantur,
400 3019 594 3111 plurimum
604 3020 886 3110 operaefallaciis
897 3032 1042 3089 necten·
1092 3030 1219 3111 quate
1248 3030 1387 3102 vertas,
1419 3040 1493 3086 rem
1525 3018 1636 3110 ipsam
1660 3022 1872 3115 adsequare,
1905 3048 1981 3095 non
2001 3051 2083 3097 um-

57 3124 179 3218 disque
209 3121 305 3193 dolis
334 3123 476 3212 linguae
507 3135 658 3206 navant,
689 3134 729 3192 ut
751 3123 924 3191 festiviter
947 3122 1042 3191 ludit
1092 3120 1192 3189 hrain
1215 3142 1354 3203 rernm,
1381 3118 1477 3191 velut
1493 3117 1594 3190 lxion
1617 3146 1697 3192 cum
1715 3122 1853 3195 lunone
1875 3150 2082 3218 congressu·

56 3223 227 3295 Isocrates
259 3249 340 3311 qum
373 3226 439 3294 ait:
495 3221 541 3296 Oi
564 3228 850 3316 προςποιοῦνται
874 3217 945 3315 plu
970 3219 1040 3316 τὴν
1092 3244 1171 3304 rus,
1203 3220 1241 3290 in
1263 3221 1396 3290 nubem
1419 3220 1556 3297 incidit.
1608 3220 1687 3294 Hoc
1710 3227 1811 3318 quasi
1832 3228 1962 3299 viatico
1985 3255 2083 3300 com-

58 3321 241 3420 ἀλήθειαν
256 3320 397 3420 ζητεῖν,
417 3322 533 3406 εὐθὺς
548 3320 586 3397 d’
605 3325 644 3396 ἐν
660 3322 756 3418 ἀρχῇ
771 3325 1042 3421 euirduuyyslr
1093 3334 1232 3410 parato,
1260 3346 1321 3413 per
1335 3324 1545 3414 compendia
1559 3320 1624 3394 καὶ
1639 3322 1818 3417 εὐπετῶς,
1846 3342 1886 3399 ut
1903 3329 2003 3401 Plato
2020 3333 2081 3413 ait,
2198 3403 2208 3414 ,

56 3424 207 3521 μάτων,
243 3423 369 3524 ψευδῆ
391 3426 509 3527 λέγειν
530 3427 786 3521 ἐπιχειροῦσιν.
837 3424 976 3495 Deinde
1000 3451 1041 3494 ex
1090 3418 1359 3513 Philosophiam
1378 3425 1514 3494 accede.
1564 3421 1656 3492 Nam
1675 3427 1714 3495 in
1730 3452 1861 3499 casum
1879 3431 1985 3521 plane
2002 3455 2082 3504 sen·

56 3547 105 3603 tot
118 3533 318 3603 factionum
333 3532 483 3601 diversis
505 3530 753 3622 opinionibus,
780 3531 838 3598 vir
855 3552 962 3598 unam
980 3542 1040 3597 aut
1091 3527 1220 3603 tentia,
1246 3525 1364 3617 utqui
1381 3524 1465 3595 velit
1488 3524 1626 3612 insigne
1644 3527 1799 3621 aliquid,
1824 3531 1880 3600 vel
1904 3532 1943 3600 in
1964 3533 2082 3618 sacris,

56 3631 760 3727 alteram,quaesibicoustet‚reperias.
795 3631 922 3702 Solent
935 3631 1042 3712 enim,
1093 3627 1149 3695 vel
1172 3627 1251 3696 foro
1276 3625 1416 3710 conari,
1451 3651 1576 3717 parum
1600 3628 1826 3715 effecturum,
1859 3633 1896 3700 ni
1920 3635 2081 3706 animum

57 3751 95 3807 ut
109 3761 152 3806 ex
169 3736 350 3805 veteribus
367 3732 562 3823 Theologis
584 3736 729 3827 quidam
752 3734 858 3824 primi
886 3733 1042 3801 nominis
1090 3743 1192 3799 antea
1220 3724 1385 3798 humanis
1401 3728 1600 3820 disciplinis
1616 3730 1682 3822 (sic
1697 3734 1791 3801 euim
1810 3730 2080 3826 Philosophiam

57 3839 163 3918 dixit,
189 3839 227 3907 in
242 3838 341 3908 omni
359 3833 516 3908 humano
531 3839 693 3926 dogmate
709 3837 806 3905 falsis
820 3859 923 3919 vcra,
950 3835 1043 3904 veris
1091 3830 1195 3922 voco)
1211 3831 1424 3922 prudenter,
1448 3844 1481 3901 et
1497 3847 1670 3924 quantum
1687 3835 1771 3905 satis
1787 3849 1859 3921 est,
1879 3839 2080 3908 exercuerit.
2122 3916 2124 3921 ,

57 3941 141 4010 falsa
157 3941 321 4026 misceri,
345 3936 409 4012 καὶ
422 3937 458 4010 τ’
476 3933 614 4032 ἀληθὲς
626 3940 773 4019 πολλοῖς
786 3933 964 4034 ψεύδεσιν
982 3935 1041 4035 iy-
1090 3932 1182 4003 Nolo
1198 3946 1315 4002 autem
1333 3926 1620 4025 philosophando
1638 3961 1840 4029 quenquam
1861 3941 2005 4030 nugari,
2032 3942 2081 4010 its

58 4036 308 4136 κρύπτεσθαι,
334 4056 377 4115 ut
398 4041 564 4136 Dionysii
591 4043 710 4111 verbis
733 4055 824 4112 setar.
879 4038 936 4109 lbi
958 4063 1041 4108 vero
1092 4036 1185 4104 enim
1202 4035 1259 4120 lit,
1285 4048 1324 4104 ut
1339 4036 1540 4106 communis
1557 4037 1661 4106 etiam
1684 4061 1808 4106 sensus
1822 4042 1965 4111 tandem
1989 4042 2082 4132 obli·

58 4158 190 4238 quanto
206 4168 288 4235 agas
310 4146 479 4236 negocio,
507 4145 636 4237 quibus
660 4145 856 4212 auditorem
873 4142 1042 4235 perfugiis
1091 4139 1234 4210 viscare.
1286 4136 1357 4208 Sed
1373 4161 1415 4205 ex
1432 4139 1575 4228 optimis
1588 4139 1722 4230 optima
1738 4141 1863 4228 selige,
1876 4166 1988 4235 eaque
2000 4168 2081 4214 cum

58 4243 193 4334 trahas,
225 4249 312 4317 dum
338 4249 532 4318 sententiae
545 4245 709 4316 Doctoris
732 4247 826 4315 inter
852 4269 887 4314 se
914 4267 1043 4313 conve·
1092 4240 1135 4308 ad
1145 4240 1329 4310 scientiam
1340 4253 1505 4320 naturae,
1526 4255 1602 4310 tum
1619 4243 1662 4310 ad
1676 4266 1790 4310 mores
1807 4244 2013 4315 formandos
2027 4258 2081 4323 at·

59 4349 178 4436 niam,
204 4350 374 4420 nimirum
397 4349 607 4421 utcandida
629 4349 758 4438 nigris:
786 4362 823 4418 at
845 4348 896 4417 nil
923 4346 1042 4429 refert,
1092 4342 1254 4411 tinentia.
1305 4338 1347 4409 lu
1373 4341 1499 4431 primis
1523 4337 1582 4411 hic
1606 4343 1809 4413 eruditione
1828 4342 1965 4416 Graeca
1989 4371 2079 4438 opus

59 4454 178 4537 cadat,
205 4474 252 4522 an
269 4467 364 4522 recto
381 4466 449 4522 stet
465 4451 586 4521 fabula
604 4451 695 4533 talo,
718 4451 824 4520 modo
851 4450 1040 4519 clamatum
1093 4458 1160 4524 est,
1187 4466 1277 4537 quae
1294 4456 1441 4512 naturae
1455 4444 1636 4515 scientiam
1655 4446 1855 4515 universam
1877 4448 2082 4539 complecti·

59 4555 100 4624 sit
112 4554 266 4625 fortiter.
318 4552 464 4643 Quanto
481 4554 590 4624 satius
604 4567 679 4624 erat
694 4547 753 4623 hic
771 4552 826 4621 vel
842 4548 885 4622 τὸ
903 4545 1043 4640 ἐπέχειν
1092 4563 1167 4630 tur,
1200 4560 1238 4617 ut
1260 4548 1304 4612 de
1330 4547 1493 4615 moribus
1521 4547 1680 4638 apposite
1713 4572 1753 4616 ac
1787 4548 1928 4637 copiose
1963 4550 2082 4619 dicere

58 4679 169 4728 novae
184 4654 397 4728 Academiae
418 4655 593 4747 amplecti.
647 4654 783 4725 Vereor
796 4679 841 4724 ne
856 4654 1041 4722 molestum
1092 4670 1209 4740 queas.
1269 4645 1470 4717 Plurimum
1512 4649 1631 4718 valent
1670 4643 1874 4720 Aristotelis
1915 4649 2081 4738 Motella,

59 4758 98 4828 sit
120 4758 225 4829 vohis
248 4758 373 4829 audire
395 4774 467 4830 tam
494 4758 693 4828 inconditas
719 4781 847 4848 nugas,
882 4755 1041 4847 alioquin
1092 4749 1201 4839 Leges
1214 4747 1391 4828 Platonis,
1414 4745 1563 4835 Poetae,
1579 4763 1685 4844 atque
1700 4749 1726 4819 ii
1739 4775 1842 4836 sane,
1856 4750 1918 4844 qui
1936 4766 1971 4822 et
1985 4753 2081 4846 opti-

58 4862 226 4954 esemplis
246 4855 332 4931 haec
346 4863 613 4953 comprobarem
630 4884 703 4928 non
720 4861 852 4950 paucis.
897 4856 1042 4925 luterim
1092 4853 1270 4935 misum,
1306 4866 1337 4919 et
1363 4852 1401 4919 in
1419 4845 1486 4920 hoc
1499 4852 1566 4941 legi
1585 4867 1750 4941 possunt,
1774 4865 1815 4922 ut
1837 4852 1977 4925 animos
1997 4878 2081 4924 erst-

59 4965 212 5054 psrtium
236 4963 365 5035 studiis
390 4964 604 5047 disceditur,
639 4963 787 5032 aluntur
811 4961 915 5045 odia,
941 4957 1042 5046 friget
1093 4955 1204 5024 diant.
1255 4949 1433 5021 Homerus
1457 4950 1603 5023 Graecis
1630 4955 1710 5022 fons
1735 4954 1895 5024 omnium
1919 4956 2080 5049 discipli·

58 5059 280 5152 hnmsnitas,
319 5080 453 5137 etcum
486 5064 642 5135 aliteris
664 5059 757 5133 nihil
778 5066 897 5134 abesse
917 5061 1042 5129 debeat
1094 5078 1240 5137 uarum,
1273 5053 1452 5140 Vergilius
1474 5079 1513 5124 ac
1528 5052 1699 5128 Horatius
1714 5053 1862 5126 Latinis.
1913 5055 2080 5127 Necessa-

59 5166 199 5257 longius
219 5192 386 5253 rancore,
413 5192 496 5238 nam
521 5168 723 5238 communia
746 5179 849 5237 erant
868 5163 983 5234 Musis
1009 5174 1041 5229 et
1093 5161 1144 5226 ria
1169 5169 1218 5225 est
1242 5158 1390 5226 omnino
1414 5156 1458 5224 ad
1484 5151 1575 5225 hanc
1601 5182 1674 5225 rem
1700 5152 1865 5242 historia,
1892 5158 1949 5228 cui
1971 5158 2003 5226 si
2016 5183 2080 5227 au-

60 5265 196 5342 Gratiis
208 5274 390 5362 quondam
414 5294 531 5351 sacra,
556 5264 685 5339 horum
701 5270 835 5353 studia,
863 5288 1042 5361 quaecun-
1093 5261 1175 5343 sim,
1202 5281 1258 5326 me
1281 5251 1398 5327 hercle
1415 5281 1489 5326 non
1515 5259 1647 5328 invitus
1664 5260 1729 5328 uni
1743 5260 1948 5343 contulero,
1974 5261 2081 5352 quid·

59 5395 123 5464 que
146 5385 252 5457 sunt,
284 5373 340 5441 vel
364 5372 440 5441 sola
465 5372 580 5442 nutrit
606 5371 754 5445 invidia.
812 5369 872 5443 Sic
899 5363 1043 5448 imbuti,
1094 5361 1178 5454 quid
1203 5374 1380 5430 emeretur
1409 5359 1557 5430 latidum
1589 5361 1778 5431 universus
1809 5361 1938 5431 artium
1972 5360 2080 5429 orbis.

60 5496 166 5565 quum
185 5474 231 5543 sd
248 5473 436 5562 sublimia,
461 5467 717 5564 Theologism,
742 5471 835 5547 luris
848 5469 1044 5554 scientiam,
1094 5462 1294 5636 Haec2quid
1311 5463 1357 5532 sit
1377 5456 1587 5554 pulchrum,
1611 5462 1701 5557 quid
1724 5475 1847 5555 turpe,
1870 5461 1959 5556 quid
1981 5460 2081 5546 utils,
