4664 6022
158 292 257 370 ιοιι
758 288 921 368 once
959 287 1039 365 ou
1069 283 1279 362 euentu
1310 286 1591 368 insueta,
1656 262 1664 279 ‘
2009 268 2033 333 '·
2090 300 2216 373 sois·

152 466 293 538 minum
317 478 479 538 nostrum
495 463 611 537 lesum
630 458 829 549 Christum,
853 461 1058 534 crucifixum
1079 486 1145 553 pro
1195 460 1394 534 illustrante
1414 479 1534 555 pectus
1558 490 1694 550 mnam,
1728 466 1808 559 plus
1827 470 1943 560 cogito
1964 472 2009 541 de
2023 468 2120 556 Deo,
2151 485 2188 561 et

152 570 259 639 nobis
275 582 311 640 ct
326 570 591 653 resuscitatum,
613 581 903 638 conservaturum
920 589 1017 649 csse,
1039 565 1145 634 etiam
1196 568 1241 634 de
1257 565 1434 636 creatione
1453 561 1625 648 hominis,
1650 570 1743 639 etde
1759 571 1921 644 instituto
1938 572 2030 643 vitae
2043 575 2185 643 ordines

152 670 193 741 in
214 666 281 741 hec
296 672 388 752 vita,
415 668 609 742 Ecclesiam
632 693 730 740 suam
753 672 933 762 usquead
959 667 1146 738 resuscita·
1197 692 1238 735 eo
1265 668 1376 756 magis
1401 669 1505 738 doleo
1528 683 1662 739 tantam
1690 694 1764 741 esse
1787 674 1971 763 caliginem
1996 676 2034 745 in
2061 689 2186 746 natura

151 774 289 843 tionem
325 786 561 843 mortuorum:
600 786 635 843 et
664 771 808 866 quidem
842 769 892 840 ibi
924 783 1145 840 servaturum
1196 763 1404 851 hominum,
1437 785 1476 841 ut
1498 774 1585 841 adeo
1606 774 1823 864 negligenter
1845 777 2043 849 consideret
2068 775 2185 849 Deum

154 897 245 958 esse,
276 874 340 943 ubi
361 888 466 946 erunt
486 876 602 945 studia
622 897 724 943 verae
745 872 940 947 doctrinae.
997 870 1068 942 Sed
1092 885 1145 940 ta·
1197 886 1231 942 et
1249 871 1325 942 eius
1340 873 1570 945 voluntatem.

151 1000 236 1044 mco
262 976 406 1045 dissidia
428 972 533 1046 huius
551 975 722 1066 temporis
743 998 818 1043 non
841 974 951 1058 levia,
986 986 1021 1043 et
1040 972 1145 1057 bella,

151 1101 318 1166 magnum
339 1075 426 1147 mihi
445 1079 605 1148 dolorem
624 1077 801 1146 adferunt.
856 1072 1003 1146 Accedit
1026 1087 1060 1146 et
1079 1076 1144 1143 do·

145 1180 318 1262 ,mesticus
334 1179 466 1266 luctus,
491 1180 617 1250 amissa
636 1174 884 1249 honestissima
903 1177 1063 1267 coniuge.

1298 1019 1377 1092 Hoc
1390 1038 1505 1121 erstem
1522 1025 1625 1109 facio,
1651 1030 1746 1120 quod
1765 1042 1816 1100 est
1834 1030 1942 1099 nostri
1957 1030 2075 1100 officii.
2102 1027 2192 1099 Mo«

1196 1147 1265 1192 neo
1289 1149 1370 1209 vos,
1402 1141 1443 1197 ut
1467 1130 1588 1217 procul
1612 1130 1754 1218 fugiatis
1778 1156 1901 1201 omnes
1923 1133 2026 1218 illos,
2050 1132 2110 1225 qui
2135 1133 2185 1199 le-

1195 1247 1278 1314 gum
1300 1244 1501 1298 nostrarum
1524 1232 1722 1301 doctrinam
1751 1248 2004 1319 contemnunt,
2029 1248 2064 1303 et
2086 1257 2186 1300 rum·

255 1328 468 1424 Quanquam
501 1327 610 1418 igitur
639 1324 800 1399 hortator
831 1351 947 1410 cram,
984 1341 1025 1398 ut
1053 1324 1145 1396 alius
1195 1351 1279 1418 pere
1295 1353 1422 1398 nervos
1440 1330 1598 1400 iusticias
1613 1347 1647 1402 et
1664 1333 1872 1425 disciplinae
1888 1352 2077 1407 conantur·
2110 1333 2185 1403 Hos

150 1429 248 1503 hunc
267 1432 425 1502 laborem
442 1432 652 1523 susciperet:
679 1444 796 1499 tamen
819 1426 858 1498 hi
877 1427 947 1498 mei
963 1428 1143 1498 auditores
1194 1444 1327 1499 certum
1349 1446 1400 1501 est
1424 1446 1458 1502 et
1482 1428 1599 1504 hostes
1617 1435 1679 1505 [lei
1696 1459 1787 1520 esse,
1825 1451 1860 1508 et
1882 1439 1957 1508 suis
1979 1437 2185 1531 cupiditati·

151 1535 338 1627 petebant,
364 1556 411 1600 ne
428 1533 584 1622 ipsorum
600 1528 732 1602 honori
753 1532 925 1601 deessem:
959 1529 1144 1622 etpraeci-
1195 1532 1263 1600 bus
1295 1533 1470 1605 infinitam
1506 1536 1683 1607 licentiam
1716 1563 1904 1630 quaerere,
1952 1555 1987 1611 et
2020 1542 2185 1632 praebere

150 1661 222 1728 pue
246 1631 514 1704 honestissimus
540 1635 614 1716 vir,
642 1636 750 1705 irater
772 1632 840 1703 mei
866 1633 985 1722 generi
1010 1627 1143 1701 charis·
1194 1657 1351 1702 caussam
1380 1637 1671 1729 dissipationibus
1699 1654 1733 1709 et
1763 1643 2019 1713 vastationibus
2048 1641 2185 1732 generis

152 1738 246 1821 simi,
274 1733 579 1807 AndreasZoech:
607 1762 712 1829 quem
729 1738 776 1805 ita
793 1736 923 1826 diligo,
950 1749 984 1807 et
998 1746 1145 1825 propter
1166 1695 1171 1819 Ι
1194 1730 1356 1807 humaui.

149 1841 338 1922 virtutem,
363 1854 394 1907 et
411 1853 556 1930 propter
572 1840 809 1923 adfinitatem,
835 1862 874 1908 ac
889 1839 918 1906 si
936 1838 1027 1906 filius
1045 1857 1144 1904 meus

150 1954 248 2011 esset.
301 1937 348 2009 Hi
365 1942 534 2022 orabant,
562 1957 602 2013 ut
617 1945 662 2010 ad
678 1954 812 2011 caetera
841 1954 985 2032 paterna
1010 1938 1142 2006 beneb-

149 2046 204 2114 cia
221 2045 386 2113 adderem
409 2057 444 2113 et
468 2039 559 2113 hauc
581 2038 768 2113 honorifici
792 2040 984 2112 testimonii
1009 2064 1144 2107 reuma-

149 2147 353 2217 eiationem.
409 2134 502 2216 Cum
527 2146 637 2233 igitur
658 2165 719 2214 eos
744 2160 892 2235 paterno
913 2166 1032 2212 amore
1057 2141 1142 2208 dili-

149 2270 248 2338 gam,
273 2247 373 2316 nolui
393 2248 535 2318 tandem
551 2247 728 2336 refragari.
780 2244 896 2316 Patrca
916 2269 1000 2314 vero
1010 2295 1021 2328 ,
1048 2243 1141 2313 utin

150 2345 217 2418 hac
238 2349 417 2418 moesticia
440 2372 515 2416 mea
538 2363 572 2416 et
595 2350 756 2438 publica,
791 2349 923 2416 dicam:
956 2362 996 2414 ut
1024 2357 1144 2415 extent

150 2452 412 2519 admonitiones
437 2461 577 2516 nostrae
594 2451 631 2516 iu
650 2444 714 2517 hac
731 2465 869 2518 senecta
893 2447 1061 2540 repetitae
1082 2470 1143 2516 co-
1294 2426 1363 2498 ffi‘»
1391 2443 1507 2498 ⁸1¹¹&ss
1537 2431 1796 2522 (ltplornndum
1826 2448 1876 2504 est
1898 2458 2086 2505 commune
2109 2459 2183 2504 ma·
2208 2502 2211 2507 ,

149 2549 338 2634 ramum,
366 2565 537 2620 pecorum
562 2544 797 2622 higcoefflm,
818 2547 1054 2634 gclqolagqich,
1080 2549 1140 2641 qui
1193 2528 1279 2598 hun.
1330 2526 1544 2601 Erraotibus
1565 2534 1819 2624 cupiditatibus
1842 2536 1952 2607 multa
1971 2537 2100 2607 iniusta
2123 2562 2183 2606 co-

150 2665 233 2721 gunt
248 2651 442 2744 praecipui,
1192 2645 1325 2702 uantur
1341 2647 1517 2722 potentes,
1543 2659 1633 2727 quac
1650 2651 1688 2707 ut
1703 2637 1841 2707 facilins
1859 2653 1983 2729 agant,
2007 2654 2185 2733 quaeruut

303 2805 312 2822 ,
431 2803 475 2822 ,,
1192 2746 1393 2824 praetextus
1415 2736 1524 2820 iuris,
1565 2737 1817 2810 etinveniunt
1848 2741 1978 2810 tinctos
2010 2740 2183 2821 doctrina,

251 2803 412 2873 Ps'mum
429 2818 538 2890 '3¹¹⁰'
553 2827 615 2874 ⁹⁰⁵
630 2804 789 2874 ⁰b¹‘⁸¹⁰‘
801 2800 1088 2896 pml'mmum’
1108 2814 1142 2873 εἰ
1192 2835 1254 2928 qui
1270 2837 1371 2905 malis
1389 2837 1547 2908 consiliis
1566 2840 1666 2909 istros
1688 2854 1873 2933 quaerunt.
1924 2841 2021 2912 Haec
2042 2856 2092 2913 est
2117 2846 2184 2912 du-

147 2930 265 2976 ΜΨ
282 2903 508 2985 ἰυάὴῑοῦθί’
535 2907 798 2993 ⁰¹⁸ss¹¹⁰³⁰³¹i⁸t
825 2906 929 2994 ¹‘3‘⁸’
955 2905 1142 2988 3¹¹⁵¹5⁰3³¹⁰t
1191 2939 1271 3028 plex
1299 2938 1497 3023 iniusticia,
1528 2953 1567 3009 ιιι
1591 2939 1692 3011 Plato
1718 2944 1825 3014 dixit:
1860 2944 2035 3015 Scelerate
2057 2945 2184 3026 iacere,

147 3009 373 3098 disciplinam
391 3007 571 3075 rectricem
591 3011 701 3084 vitae,
730 3021 763 3076 et
778 3008 962 3097 politicum
977 3006 1139 3074 ordinem
1191 3051 1225 3106 et
1238 3039 1367 3108 ,edm
1386 3042 1585 3130 adprobare
1602 3054 1769 3136 unquam
1794 3045 1979 3117 iusticiam·
2032 3043 2110 3116 noc
2127 3047 2184 3115 in.

146 3135 221 3180 esse
244 3133 299 3179 res
320 3108 431 3179 aDeo
452 3108 654 3191 ordinatas,
681 3122 715 3177 et
730 3108 835 3177 nobis
852 3120 1081 3189 monstratas,
1106 3121 1142 3177 et
1191 3162 1278 3228 gem
1293 3140 1462 3209 depictum
1484 3158 1622 3212 accusat
1645 3168 1712 3213 m
1736 3146 1879 3230 diviua,
1902 3147 2083 3240 inquiam
2110 3132 2183 3217 vag

146 3236 273 3301 magua
298 3210 468 3327 beneficia
483 3208 564 3328 Dei:
589 3226 620 3280 et
643 3210 822 3299 postulare
845 3210 973 3291 Delam,
1000 3203 1142 3279 tathaee
1191 3242 1293 3311 ,obis
1316 3241 1379 3334 qui
1403 3241 1523 3312 Μὴ
1542 3246 1675 3315 malum
1699 3269 1773 3315 me
1796 3250 1951 3332 bonum,
1985 3261 2021 3318 et
2044 3251 2181 3318 bonum

146 3338 208 3386 ⁸¹¹³
230 3317 326 3384 (¹⁰⁰⁸
352 3312 641 3429 mign'sf'fflffmff
668 3327 702 3382 ‘¹
731 3333 997 3430 {⁰¹¹⁸‘flfflf'u‘3
1018 3324 1141 3429 “P“
1185 3367 1264 3421 esse
1288 3343 1435 3416 malum.
1494 3342 1643 3436 Propter
1664 3342 1750 3430 hoc,
1783 3350 1876 3420 sicut
1903 3350 1994 3440 ignis
2015 3351 2183 3442 stipulans

146 3442 186 3488 ea
211 3438 459 3508 agnoscamus,
491 3414 607 3509 qualis
630 3428 788 3503 apsent,
814 3414 978 3483 videlicet
1000 3434 1140 3504 sapiens
1191 3447 1359 3530 devora„
1379 3445 1431 3514 ,ic
1447 3446 1629 3536 'mihim'
1651 3450 1739 3519 dm,
1757 3451 1889 3523 sagma·

146 3536 179 3590 et
207 3520 334 3589 iustus:
371 3533 402 3587 et
427 3517 597 3599 sciamus,
631 3516 746 3606 ipsum
772 3515 918 3585 vellent
944 3528 1138 3603 congruant

146 3617 311 3690 homines
333 3645 413 3689 cum
440 3618 533 3710 ipso:
567 3632 599 3687 et
626 3640 707 3686 vere
733 3617 909 3687 vindicem
934 3639 1025 3700 esse,
1059 3642 1138 3684 cum

108 3774 113 3783 -
145 3718 310 3794 homines
325 3721 581 3790 contumaciter
595 3719 729 3788 violant
746 3741 909 3789 normam
929 3742 1013 3788 suae
1038 3718 1140 3786 insti-

144 3827 231 3896 ciae.
283 3822 379 3893 llaec
403 3823 584 3892 verissima
609 3836 713 3901 suut,
747 3835 782 3892 et
808 3843 909 3913 saepe
930 3820 1078 3914 repetita
1101 3820 1138 3888 in

144 3928 285 4021 scriptis
301 3920 560 4019 Prophetarum
577 3936 610 3993 et
626 3921 895 4016 Apostolorum.

1295 1882 1693 1957 Hancadmonitionem
1717 1891 1855 1963 scitisa
1879 1892 1956 1978 me',
1982 1907 2015 1963 et
2035 1894 2080 1961 ab
2104 1892 2186 1961 aliis

1193 1999 1287 2055 recte
1304 1988 1541 2057 sentientibus
1557 2013 1657 2082 saepe
1678 1996 1804 2082 repeti:
1828 2020 1933 2088 quam
1957 1997 2081 2066 scitote
2103 2019 2185 2062 vere

1193 2109 1268 2156 esse
1281 2091 1653 2160 commonefactiouam
1671 2119 1689 2162 a
1705 2092 1783 2163 Deo
1800 2098 1981 2167 traditam:
2006 2093 2053 2167 Ει
2070 2094 2185 2164 Deum

1193 2211 1267 2259 esse
1295 2190 1489 2277 vindicem,
1529 2206 1564 2261 et
1589 2190 1777 2265 horrendis
1800 2200 1922 2286 poenis
1953 2200 2071 2268 delere
2097 2221 2184 2267 cort·

1193 2304 1389 2364 temnentes
1404 2288 1495 2362 hanc
1510 2318 1609 2364 suam
1624 2298 1844 2388 sapientiam.

1292 3576 1410 3648 Huius
1438 3580 1559 3648 iudicii
1594 3583 1751 3674 exempla
1788 3597 1983 3653 cernuntur
2015 3586 2182 3656 omnibns

1189 3682 1362 3750 aetatibus
1378 3682 1542 3774 plurima.
1598 3680 1718 3753 ludaei
1736 3700 1914 3777 praetextu
1932 3686 2124 3781 religionis,
2147 3703 2182 3758 et

1190 3782 1364 3854 libertatis
1385 3784 1578 3877 promissae
1602 3784 1640 3855 in
1664 3786 1759 3875 lege,
1784 3810 1887 3879 saepe
1905 3788 2085 3859 violarunt
2106 3792 2182 3860 loe·

1191 3886 1275 3954 dera
1298 3909 1379 3955 cum
1403 3881 1546 3977 regibus
1567 3884 1796 3982 Babylonicis
1816 3889 1925 3959 faeta:
1958 3905 2080 3981 postea
2103 3889 2180 3962 Ro-

1190 4010 1294 4056 mana
1314 3989 1456 4057 foedera
1482 4002 1619 4059 tantum
1635 3991 1790 4081 patriae,
1815 4004 1849 4060 et
1871 3992 1939 4062 sibi
1959 3993 2106 4063 exitium
2127 4009 2183 4064 at-

245 4080 319 4153 Sed
335 4077 511 4157 iuniores,
538 4090 571 4145 tl
586 4073 648 4144 ³¹33
666 4066 828 4144 ¹¹⁰¹¹¹3¹¹²⁸
843 4074 1069 4165 ἷῐῐψιῑῖθιιίθῦ
1088 4074 1140 4143 1⁰·
1190 4103 1388 4163 traxerunt
1447 4090 1595 4162 Vidistis
1620 4091 1658 4160 in
1684 4089 1879 4163 Germania
1907 4093 2097 4188 aliquoties
2125 4091 2182 4164 his

146 4210 230 4280 gum
247 4199 281 4255 et
298 4180 408 4261 freni,
434 4204 508 4248 uon
523 4175 747 4247 considerant
765 4177 880 4270 qualis
893 4175 939 4246 sit
954 4174 1068 4257 Deus,
1094 4179 1137 4246 ad
1190 4191 1486 4283 592010313132015,
1501 4217 1598 4262 „mg
1613 4193 1804 4266 qnfglchm
1821 4210 1973 4287 sumpta,

143 4290 231 4385 qnid
250 4281 452 4356 condiderit
470 4276 655 4359 homines,
681 4292 713 4347 et
734 4280 832 4373 quod
854 4278 1084 4350 transfuderit
1101 4279 1138 4347 in

142 4415 211 4463 uos
244 4387 362 4458 radios
392 4407 474 4453 suase
505 4380 698 4472 sapientiae
722 4395 754 4449 et
784 4381 962 4464 iusticias,
995 4395 1030 4451 rt
1054 4381 1138 4451 velit

144 4519 211 4567 nos
229 4491 428 4563 conformes
449 4507 522 4554 esse
547 4508 631 4552 suae
652 4496 809 4555 naturae.
864 4482 947 4551 ldeo
973 4477 1137 4551 horribili

141 4594 289 4669 andacia
309 4589 492 4677 negligunt
507 4585 623 4673 legum
641 4599 675 4654 et
691 4583 850 4654 iusticiae
866 4588 1076 4669 doctrinam,
1104 4599 1139 4656 et

142 4712 342 4793 sequuntur
357 4714 437 4759 suas
454 4687 675 4781 cupiditates.
729 4683 824 4755 Hinc
843 4687 1009 4755 oriuntur
1023 4688 1061 4755 iu
1078 4710 1137 4776 ge-

142 4824 228 4873 nere
254 4793 411 4867 humano
435 4790 606 4873 iniuriae,
633 4788 851 4867 discordiae,
879 4788 994 4868 bella,
1021 4810 1137 4859 vasta-

141 4909 257 4978 tiones
272 4895 443 4988 gentiuau,
470 4910 503 4962 et
519 4890 677 4960 infinitae
692 4890 918 4964 calamitates.
970 4886 1018 4960 Et
1035 4891 1138 4980 punit

141 5005 282 5099 sapiens
296 5016 329 5071 et
347 5000 459 5067 iustus
474 4991 571 5064 Deus
584 4994 721 5062 furores
740 4987 946 5073 homiuum,
971 5016 1136 5083 praesen·
1160 5046 1164 5067 .

140 5112 237 5185 tibus
255 5120 290 5176 et
307 5096 459 5173 aeternis
475 5095 611 5187 poenis.

1291 4326 1341 4400 Ut
1354 4342 1470 4399 autem
1482 4344 1575 4400 recte
1590 4330 1773 4400 consulere
1787 4331 2085 4420 gubernatoribus
2099 4355 2180 4422 pos·

1189 4429 1286 4515 sitis,
1320 4431 1475 4522 primum
1500 4431 1681 4501 doctrinae
1703 4434 1817 4503 sontes
1841 4447 2115 4523 cognoscantur,
2146 4448 2181 4505 et

1189 4534 1366 4627 sequenda
1400 4547 1451 4602 est
1486 4558 1610 4604 norma
1644 4534 1682 4604 in
1709 4533 1786 4605 inre
1809 4535 1933 4605 divino
1959 4548 1994 4604 et
2021 4530 2181 4605 humano

1189 4636 1336 4725 scripta:
1363 4659 1437 4703 non
1454 4636 1637 4726 fingendae
1652 4651 1734 4707 sunt
1749 4638 1937 4729 opiniones
1954 4637 2097 4729 propria
2116 4661 2177 4729 pc-

1188 4736 1356 4816 udentia,
1390 4726 1651 4809 accommodata
1674 4742 1718 4808 ad
1739 4739 1933 4809 lactionum
1957 4739 2178 4829 cupiditates.

1190 4836 1326 4907 Deinde
1345 4839 1390 4909 sit
1407 4840 1512 4909 ctiam
1534 4840 1692 4910 iusticias
1710 4864 1826 4917 emor,
1853 4853 1886 4909 et
1905 4840 1975 4908 tale
1992 4841 2102 4909 animi
2119 4867 2180 4912 ro-

1190 4944 1306 5011 buret
1323 4942 1489 5020 firmitas,
1514 4954 1553 5010 ut
1570 4955 1772 5011 constanter
1789 4965 1888 5010 veras
1910 4957 1943 5012 et
1968 4941 2077 5013 iustas
2097 4969 2178 5013 sen·

1188 5044 1315 5114 tentias
1336 5044 1489 5122 tuearis,
1510 5066 1576 5110 nec
1597 5043 1753 5112 iuliectas
1776 5045 1819 5111 ad
1842 5054 2026 5133 potentum
2050 5049 2180 5116 voluu-

1187 5159 1288 5217 tates.
1338 5141 1390 5212 lta
1409 5144 1446 5213 io
1463 5144 1632 5213 omnibus
1646 5143 1709 5237 qui
1724 5145 1766 5213 ad
1785 5145 1931 5213 consilia
1950 5140 2180 5231 adhibentur,

242 5257 360 5328 'santa
384 5266 437 5321 est
459 5249 666 5337 magnitudo
692 5241 818 5315 harum
843 5268 982 5328 rerum,
1006 5259 1045 5314 nt
1070 5270 1135 5316 nec
1156 5302 1163 5458 q
1188 5245 1401 5314 necessariae
1424 5259 1508 5316 sunt
1532 5239 1597 5315 hae
1619 5246 1784 5316 virtutes:
1811 5246 1966 5335 cognitio
1987 5248 2180 5331 doctrinae,

139 5362 371 5454 Angelorum,
397 5378 460 5422 nec
476 5347 660 5418 homirnam
678 5348 880 5439 eloquentia
897 5342 980 5415 huic
996 5349 1136 5430 magni-
1187 5346 1345 5416 veritatis
1361 5371 1481 5432 amor,
1505 5347 1644 5417 iusticia
1665 5360 1702 5419 et
1722 5348 1939 5434 constantia,
1964 5349 2122 5422 veritatis
2143 5363 2179 5419 rt

139 5465 256 5540 tudini
283 5457 429 5554 parsit.
481 5452 552 5524 Sed
572 5476 644 5544 quo
669 5451 778 5540 satagis
802 5472 967 5531 senesco,
999 5463 1033 5518 et
1057 5447 1133 5519 Deo
1184 5448 1344 5520 iusticias
1360 5449 1613 5522 conservatrix.
