4664 6022
607 328 770 407 DECL.
807 327 885 405 DE
916 328 1055 405 DICT
1108 357 1117 401 :
1152 328 1343 405 TYPUS
1373 325 1530 404 ESTO
1556 350 1642 408 arc.

78 504 176 577 dinis
198 504 236 575 in
258 498 418 576 Ecclesia
441 503 595 577 coelesti.
642 499 713 577 Die
736 517 834 575 sexto
858 500 1071 577 Novembris
1124 502 1241 574 clesiis
1255 503 1383 574 vicinis
1406 504 1633 577 retinendum
1653 505 1807 598 profuit,
1832 508 2117 592 convenerimus,

76 603 232 680 Chasma
249 608 290 677 in
302 608 401 678 coelo
416 608 521 678 valde
533 606 766 700 conspicuum
777 606 898 690 fulsit,
922 607 969 681 ab
988 622 1072 679 ortu
1122 630 1198 676 non
1212 620 1253 677 ut
1266 620 1391 683 contra
1404 606 1614 704 cuiusquam
1630 609 1858 681 autoritatem
1880 610 2019 706 aliquid
2043 609 2115 694 liat,

76 711 212 782 aestivo
231 734 354 781 versus
369 710 569 782 brumalem
583 732 748 781 occasum
764 732 944 802 sparsum,
973 712 1071 807 quod
1123 711 1184 779 sed
1199 723 1240 780 ut
1256 709 1315 801 pie
1329 723 1364 781 et
1380 725 1540 782 amanter
1563 713 1609 782 de
1631 714 1757 783 eodem
1781 736 1956 785 consensu
1982 714 2117 784 tuendo

76 814 148 886 late
165 828 392 908 conspectum
414 827 486 895 est,
513 827 550 885 et
563 813 727 884 flammae
740 812 872 884 alieubi
886 812 926 883 in
939 825 1070 885 terram
1121 812 1385 906 colloquamur:
1420 837 1566 905 agamus
1587 816 1728 896 eadem,
1755 839 1847 908 quae
1868 829 1972 888 antea
1999 810 2116 886 inhia

76 917 261 1009 delapsae,
303 938 426 987 rursus
447 916 486 986 in
508 922 626 988 adrem
656 916 855 988 evolarunt.
923 913 965 986 ld
994 917 1071 1010 ipse
1119 915 1451 1009 piisgcongressibus
1467 939 1569 1007 agere
1585 917 1846 994 consuevimus.

72 1020 182 1092 etiam
196 1034 304 1091 noctu
320 1019 468 1105 viderat,
494 1020 543 1091 ita
559 1019 705 1104 cubans,
729 1031 771 1090 ut
785 1042 864 1088 eam
881 1018 972 1089 coeli
988 1042 1072 1112 par-
1223 1017 1277 1089 Ac
1301 1018 1455 1110 primum
1479 1019 1609 1109 gratias
1630 1019 1768 1110 agimus
1790 1021 1859 1092 tibi
1886 1019 2115 1114 omnipotens

74 1135 147 1195 tem
164 1122 299 1194 intueri
316 1134 446 1213 posset
478 1118 535 1194 Eo
550 1133 667 1192 rnotus
681 1121 865 1214 prodigio,
890 1145 972 1193 curn
987 1121 1071 1218 qui·
1120 1115 1236 1205 Dens,
1261 1134 1402 1192 aeterne
1421 1135 1457 1193 et
1479 1123 1584 1193 unice
1608 1136 1709 1214 pater
1725 1123 1875 1196 Domini
1895 1124 2011 1195 nostri
2034 1120 2117 1197 lesu

72 1228 158 1298 dem
172 1239 259 1297 tunc
275 1225 368 1295 vires
381 1225 459 1295 eius
472 1226 576 1295 valde
592 1225 834 1315 languelactsa
848 1236 982 1312 essent,
1005 1226 1069 1295 ad-
1119 1217 1275 1304 Christi,
1301 1224 1468 1296 conditor
1488 1225 1578 1295 coeli
1601 1239 1636 1296 et
1657 1240 1789 1312 terrae,
1814 1239 1850 1298 ct
1872 1221 2062 1297 hominum
2082 1238 2119 1297 et

71 1330 223 1401 modurn
248 1326 379 1399 moesta
402 1328 582 1413 oratione,
623 1351 703 1398 eum
726 1326 897 1421 postridie
918 1328 963 1398 ad
988 1351 1069 1400 eum
1119 1322 1298 1396 Ecclesiae
1316 1340 1414 1412 tuae,
1438 1350 1511 1397 una
1534 1351 1615 1399 cum
1637 1328 1713 1399 lilio
1734 1342 1797 1400 tuo
1813 1324 1972 1400 Domino
1990 1341 2115 1401 nostro

70 1431 311 1512 venissemus,
337 1431 537 1523 deploravit
547 1425 727 1502 Ecclesiae
742 1430 1010 1523 dissipationes,
1035 1443 1070 1501 et
1122 1425 1202 1499 lesu
1220 1423 1365 1500 Christo
1391 1443 1426 1501 et
1453 1427 1593 1522 Spiritu
1625 1445 1767 1518 sancto,
1800 1433 1896 1527 quod
1923 1455 1999 1502 non
2025 1430 2116 1504 sinis

71 1549 246 1607 venturos
263 1547 381 1605 motus
401 1534 590 1626 praedixit:
616 1557 657 1604 ac
672 1536 793 1604 decem
810 1533 885 1605 dies
902 1533 1070 1628 reliquos,
1121 1530 1280 1622 extingui
1296 1532 1410 1602 lucem
1426 1533 1609 1604 doctrinae
1625 1548 1725 1616 tuae,
1751 1547 1786 1605 et
1804 1535 1900 1606 inter
1914 1557 1980 1605 nos
1996 1527 2116 1606 hacte-

71 1638 206 1733 quibus
232 1651 407 1729 superstes
437 1637 525 1722 luit,
564 1636 804 1729 consumpsit,
841 1650 883 1709 nt
921 1637 1070 1723 solebat,
1120 1657 1190 1704 nus
1205 1634 1397 1705 clementer
1408 1636 1556 1707 servasti
1570 1624 1633 1707 has
1650 1639 1820 1733 reliquias
1834 1651 1914 1708 tuae
1926 1632 2116 1722 Ecclesiae,

71 1741 114 1811 in
129 1740 356 1812 invocatione
371 1753 406 1809 et
421 1738 656 1811 confessione.
1120 1760 1211 1832 quae
1224 1761 1346 1807 vocem
1362 1734 1550 1829 Evangelii
1565 1741 1618 1810 tui
1635 1732 1877 1833 incorruptam
1894 1763 2020 1810 sonare
2039 1752 2116 1810 stu·

177 1841 230 1913 lta
252 1842 348 1913 inter
369 1854 451 1914 vota
473 1843 669 1936 tranquillo
690 1841 814 1915 animo
838 1842 898 1916 die
912 1841 1068 1915 Novem·
1120 1842 1217 1915 dent.
1267 1837 1407 1912 Deinde
1429 1854 1464 1912 et
1486 1843 1742 1914 ardentissimis
1764 1842 1856 1914 votis
1878 1843 2029 1935 teipsum
2054 1852 2116 1911 νέ-

71 1947 148 2019 bris
161 1945 347 2027 sedecimo,
368 1940 478 2016 Anno
495 1940 607 2017 1548.
620 1945 771 2019 decessit
784 1971 828 2016 ex
843 1941 911 2017 hac
923 1945 1068 2018 mortali
1120 1967 1200 2014 rum
1217 1939 1353 2028 Deum,
1379 1943 1600 2015 conditorem
1616 1946 1706 2015 coeli
1729 1959 1765 2017 et
1788 1959 1920 2026 terrae,
1944 1957 1979 2015 et
1993 1938 2114 2015 homi·

73 2050 148 2122 vita
177 2046 313 2140 Caspar
347 2048 580 2141 Crucigcrus,
619 2050 675 2120 vir
706 2049 881 2121 excellens
913 2048 1070 2140 ingenio,
1120 2069 1209 2116 nurn
1226 2059 1262 2117 et
1275 2043 1453 2117 Ecclesiae
1470 2059 1570 2131 tuae,
1597 2049 1832 2144 alloquimur,
1858 2062 1892 2119 et
1907 2047 2116 2118 ardentibus

72 2152 291 2238 eruditione,
330 2152 514 2244 agnitione
542 2175 625 2222 vera
654 2149 745 2239 Dei,
794 2151 987 2243 sapientia,
1033 2163 1068 2222 et
1121 2148 1215 2218 votis
1249 2162 1397 2241 propter
1428 2149 1542 2220 filium
1567 2146 1765 2223 Dominum
1798 2163 1960 2222 nocuum
1994 2151 2114 2221 Iesum

70 2255 234 2326 omnium
260 2255 435 2327 virtutum
451 2256 570 2329 laude.
624 2253 699 2346 Qui
721 2279 803 2325 cum
822 2254 963 2326 fruatur
986 2275 1067 2322 eoe-
1119 2244 1302 2321 Christum
1327 2274 1489 2337 oramus,
1524 2265 1565 2324 ut
1589 2265 1624 2323 et
1646 2253 1811 2346 deinceps
1833 2276 1972 2345 semper
1995 2253 2033 2321 in
2059 2251 2117 2321 his

69 2358 169 2429 lestis
184 2355 364 2429 Ecclesiae
380 2358 659 2443 consuetudine,
684 2358 754 2448 ipsi
777 2356 923 2452 quidem
947 2367 1069 2446 gratu·
1120 2352 1327 2444 regionibus
1342 2367 1522 2425 aeternam
1538 2354 1605 2427 tibi
1613 2352 1829 2438 Ecclesiam,
1855 2368 2002 2450 propter
2015 2367 2114 2426 tuam

70 2460 189 2531 lemur
215 2455 298 2528 'tarn
336 2457 514 2551 placidam
549 2459 818 2548 migrationem,
858 2462 921 2530 sed
950 2471 1069 2529 nostra
1120 2455 1289 2548 gloriam,
1315 2457 1460 2547 colligas
1472 2471 1507 2529 et
1522 2481 1649 2531 serves.
2091 2524 2095 2533 .

71 2586 177 2635 causa
208 2559 404 2632 doleamus.
470 2558 545 2631 Nos
572 2560 669 2630 enim
696 2585 826 2653 magno
859 2573 1069 2633 ornamento
1222 2555 1314 2631 Cum
1327 2573 1445 2631 autem
1462 2560 1500 2630 in
1517 2556 1573 2631 his
1590 2562 1826 2633 conventibus
1843 2575 1922 2655 post
1938 2560 2116 2654 precatio·

71 2661 189 2735 orbati
215 2683 349 2731 sumus.
404 2659 538 2733 Verum
555 2662 759 2734 testimonia
774 2687 857 2736 suae
875 2664 1069 2736 sententiae
1120 2683 1203 2730 nem
1226 2662 1363 2756 aliquid
1387 2664 1634 2756 depasturum
1658 2665 1774 2735 officio
1798 2665 1915 2736 dicere
1944 2663 2117 2735 usitatum

71 2781 107 2838 et
123 2762 342 2849 studiorum,
368 2765 532 2858 vitaeque
556 2767 759 2857 exemplum
781 2767 888 2838 nobis
912 2765 1069 2862 reliquit.
1120 2763 1183 2849 sit,
1209 2776 1251 2834 ut
1266 2778 1302 2836 et
1317 2765 1502 2856 diligentia
1519 2767 1558 2835 in
1573 2768 1734 2838 docendo
1760 2781 1795 2838 et
1818 2766 1982 2857 regendis
2003 2765 2116 2837 mori·

71 2865 169 2936 Haec
190 2865 236 2935 ad
260 2887 364 2935 usum
387 2878 550 2936 nostrum
575 2867 846 2955 transferamus,
881 2868 1068 2940 confirme·
1120 2866 1208 2951 bus,
1234 2879 1269 2936 et
1291 2867 1450 2937 studium
1474 2871 1626 2967 tuendae
1647 2869 1856 2940 concordiae
1878 2870 1915 2938 in
1934 2868 2115 2963 aliquibus

70 2991 151 3039 mus
167 2989 234 3039 nos
247 2966 324 3039 eius
338 2969 499 3060 scriptis,
525 2982 561 3040 et
574 2969 759 3042 imitemur
779 2972 916 3057 studia,
941 2994 1069 3055 mores,
1120 2966 1330 3039 excitentur:
1357 2965 1435 3059 Ego
1450 2994 1593 3066 quoque
1610 2995 1707 3041 nunc
1726 2972 2009 3044 admonitionem
2034 2994 2117 3061 gra·

69 3070 248 3165 pietatem.
308 3071 395 3141 ideo
418 3068 517 3143 Dens
539 3072 713 3140 immensa
736 3072 978 3143 misericordia
997 3068 1069 3143 Ec·
1119 3068 1300 3139 vissimam
1323 3067 1428 3140 Pauli
1448 3074 1552 3143 vobis
1581 3096 1800 3165 proponam,
1837 3099 1945 3170 quarn
1976 3072 2116 3166 scripsit

68 3173 195 3246 deciae
211 3174 272 3244 dat
284 3174 423 3269 aliquos
438 3175 649 3245 excellentes
662 3170 854 3261 Doctores,
878 3188 919 3246 ut
940 3198 1065 3246 eorum
1119 3165 1176 3240 his
1188 3171 1307 3241 verbis
1321 3171 1365 3240 ad
1385 3168 1628 3248 Timotheum.

68 3301 156 3348 voce
172 3290 206 3348 et
224 3276 339 3346 literis
351 3276 415 3347 alii
435 3277 647 3349 erudiantur
668 3288 703 3347 et
723 3277 1000 3368 confirmentur,
1034 3291 1068 3348 et
1220 3270 1347 3367 Typus
1363 3285 1436 3343 esto
1453 3274 1611 3346 fidelium
1636 3276 1675 3344 in
1695 3297 1877 3363 sennone,
1908 3277 1947 3347 in
1964 3299 2114 3347 conver-

71 3379 243 3472 esemplis
257 3381 302 3449 ad
329 3379 495 3470 pietatem
516 3378 767 3453 accendantur.
817 3377 935 3452 Simul
959 3379 1069 3469 igitur
1119 3375 1278 3463 satione,
1302 3374 1342 3444 in
1358 3375 1569 3467 dilectione,
1594 3378 1635 3448 in
1652 3377 1802 3469 spiritu,
1828 3378 1971 3466 infide,
1994 3379 2034 3448 in
2056 3402 2116 3450 ca·

71 3494 107 3554 et
125 3481 201 3553 Deo
231 3481 361 3572 gratiae
390 3503 551 3572 mamus,
590 3484 689 3576 quod
714 3483 820 3553 talem
841 3482 947 3553 nobis
969 3482 1069 3553 dedit
1118 3478 1247 3551 stitate.

68 3585 240 3674 collegam
267 3597 302 3656 et
324 3581 532 3657 Ductorem:
566 3600 601 3657 et
626 3585 738 3677 ipsius
759 3581 944 3677 Crucigeri
964 3585 1067 3656 labo·
1220 3579 1305 3653 Non
1345 3583 1442 3654 enim
1474 3583 1541 3655 nni
1572 3578 1769 3655 Timotheo
1800 3580 1888 3656 haec
1918 3582 2116 3655 admonitio

67 3686 170 3759 ribus
186 3688 366 3772 fruamur,
390 3701 425 3759 et
437 3687 531 3761 vitae
546 3687 819 3784 studiorumque
836 3688 997 3782 exempla
1011 3712 1064 3759 se-
1119 3683 1249 3776 scripta
1262 3697 1332 3757 est:
1358 3687 1420 3756 sed
1434 3680 1523 3759 haec
1537 3711 1605 3758 vox
1614 3685 1769 3780 Spiritus
1783 3686 1896 3760 sancti
1912 3709 2036 3757 omnes
2049 3709 2116 3778 gu-

65 3814 231 3886 quamur.
282 3786 377 3862 Dixi.
1120 3787 1326 3859 bernatorcs
1353 3801 1390 3859 et
1411 3790 1574 3861 doctores
1601 3789 1640 3860 in
1664 3803 1737 3861 tota
1761 3785 1920 3863 Ecclesia
1946 3788 2116 3861 omnibus

1119 3891 1340 3984 temporibus
1361 3892 1568 3985 alloquitur.

66 4032 526 4063 ...-..-....,.........-
1024 4047 1066 4062 ..
1223 3987 1279 4065 Ac
1301 4015 1441 4086 semper
1468 3989 1633 4065 homines
1661 3992 1839 4087 sapientes
1866 3985 1934 4062 hoc
1962 3989 2117 4061 docendi

1120 4117 1232 4188 genus
1260 4097 1559 4188 magnilecernnt,
1593 4098 1733 4168 tradere
1764 4097 1889 4167 breves
1915 4092 2119 4179 sententias,

61 4221 138 4297 No·
161 4223 249 4297 106,
873 4254 923 4302 m·
946 4231 1040 4300 1549·
1118 4199 1158 4268 in
1175 4199 1307 4294 quibus
1324 4199 1532 4293 praecipuae
1545 4198 1694 4271 virtutes
1709 4191 1998 4292 comprehensae,
2023 4218 2117 4266 sesn-

69 4318 249 4351 *Ν
845 4323 1059 4365 m
1118 4325 1184 4396 per
1205 4301 1246 4372 in
1271 4315 1465 4395 conspectu
1486 4315 1619 4385 essent,
1646 4315 1687 4374 ut
1708 4301 1753 4371 ad
1778 4299 1861 4372 talia
1886 4299 2001 4384 dicta,
2036 4310 2116 4368 tan·

219 4442 296 4530 a
329 4442 478 4531 ascl.-
517 4441 677 4560 riso
699 4455 796 4532 n,
827 4454 912 4532 a·
1117 4404 1290 4599 2:2,23
1305 4406 1613 4598 :tutus
1631 4403 2054 4598 ‘lestussum
2068 4393 2172 4573 :-

134 4619 808 4750 tanet.t)srt.‘r.1tt.p.tttqqq†ztttessrt
828 4628 864 4684 τ.
878 4626 927 4685 111.
951 4627 1068 4700 pesa,
1118 4605 1285 4703 Apostoli
1299 4611 1453 4681 multum
1468 4623 1503 4682 et
1517 4633 1619 4702 saepe
1639 4609 1694 4681 usi
1711 4623 1813 4679 sunt:
1849 4606 1946 4698 quod
1969 4602 2117 4698 quidem

163 4692 409 4837 1⁸23?AEssss
423 4694 1065 4840 ssffigffgng,1,3¹¹J,5⁰0¹J¹¹‚·dfg{ffi·effir¹};ss;
1119 4711 1360 4783 consideranti
1386 4711 1682 4784 iucundissimum
1709 4723 1772 4785 est.
1831 4704 1991 4778 Delectat
2017 4704 2116 4776 enim

164 4829 267 4903 ptest
308 4834 355 4888 ιιι
372 4831 448 4888 nin
468 4832 557 4888 uncto
574 4832 723 4903 aynano,
746 4852 832 4907 qa..
852 4835 1016 4892 Masonsa
1037 4838 1065 4892 5„
1118 4814 1240 4885 videre
1256 4827 1425 4909 tanquam
1442 4814 1480 4884 in
1495 4815 1626 4887 tabella
1641 4814 1750 4908 pictas
1763 4809 1936 4901 imagines
1947 4802 2117 4902 pulcher-

168 4920 250 4959 '⁸¹¹⁰'
263 4900 463 4977 &mam
478 4900 600 4973 scripsit,
627 4904 707 4958 Μ
722 4902 746 4959 ⁸⁵
761 4904 788 4963 ἃ·
806 4904 917 4961 ¹²¹⁰*
934 4906 1066 4980 (¹⁵³·⁸P·
1117 4917 1290 4988 rimarum
1307 4917 1483 4988 virtutum
1499 4932 1534 4990 et
1549 4919 1729 4989 bonorum
1745 4914 2038 5005 gubernatorum.

17 5060 20 5065 .
164 4971 199 5026 “¹
212 4971 334 5044 ΑΜ)
347 4980 375 5027 ‘¹
389 4990 405 5027 ”
419 4969 541 5043 ⁶²⁰¹⁸³⁰
554 4971 664 5029 ’ω’
677 4971 705 5026 i
721 4972 763 5026 η’
778 4972 842 5035 ¹¹¹⁸·
857 4975 935 5035 ω’
1217 5015 1268 5090 Et
1283 5031 1428 5112 propter
1441 5019 1650 5092 brevitatem
1666 5016 1807 5088 facilius
1821 5014 2020 5105 infiguntur
2035 5011 2117 5084 ani-

57 5153 196 5229 oratu
213 5147 263 5222 de
279 5151 421 5223 Possit
444 5147 546 5222 dicto
562 5147 613 5222 nd
633 5147 796 5222 limosis.
814 5151 961 5247 capa:
992 5158 1066 5250 yp-
1117 5121 1204 5207 ¹⁰5⁸,
1229 5135 1271 5194 1¹²
1285 5144 1322 5191 ’θ
1336 5120 1477 5242 *θψῑξὶθ
1489 5122 1641 5242 fierent
1658 5120 1697 5190 5¹¹
1711 5116 2049 5237 delibmliossibut,
2076 5127 2117 5234 ‚²⁸

197 5275 273 5349 pua
294 5260 373 5326 2010
393 5247 568 5351 {mgnum
587 5255 628 5325 g„
646 5274 818 5327 mone
841 5264 915 5330 Μ
1117 5247 1240 5294 earum
1273 5225 1474 5344 recordatio
1507 5238 1602 5297 vitae
1633 5236 1668 5293 et
1700 5235 1881 5340 actionum
1901 5217 2031 5339 'regula
2057 5228 2115 5287 srt.

1117 5322 1240 5415 Quare
1265 5341 1300 5399 et
1325 5349 1457 5397 summ:
1476 5324 1592 5417 Reges
1613 5349 1654 5396 ac
1676 5321 1861 5414 Prrncrpes
1881 5321 1950 5392 srbr
1972 5331 2007 5389 et
2032 5317 2115 5389 alus

58 5406 166 5499 (ium
196 5423 258 5516 pio
279 5420 399 5493 studio
422 5436 569 5514 propter
599 5422 895 5495 consuetudinem
923 5422 1065 5518 aliquot
1117 5428 1201 5500 talia
1220 5428 1343 5499 brevia
1366 5442 1552 5521 praecepta
1575 5452 1619 5499 en
1640 5425 1840 5518 sapientum
1866 5422 1969 5494 libris
1991 5420 2115 5508 electa,

58 5548 261 5612 annontm,
296 5547 388 5621 qnae
402 5524 448 5595 ad
462 5548 674 5599 consensum
689 5528 737 5599 de
753 5523 918 5599 doctrina
935 5525 976 5595 in
992 5522 1066 5599 Ee-
1116 5552 1220 5625 saepe
1235 5529 1550 5624 praescripserunt.
1601 5524 1897 5620 Sicuthugustus
1911 5547 2015 5617 saepe
2029 5519 2113 5595 Ms-
