4664 6022
162 284 238 361 409
715 276 876 359 DEGL.
916 280 991 359 nt:
1024 278 1307 371 GUELPHO
1341 281 1494 363 DUCE
1524 287 1653 370 BAV.
2127 319 2204 399 tto

159 456 393 530 rebellionem
415 454 728 543 animadverteret,
761 457 932 550 oppidum
948 482 968 529 a
983 457 1160 531 militibus
1207 452 1325 543 Deus,
1360 483 1426 531 nec
1445 455 1554 535 homo
1579 466 1765 563 quisquam
1790 470 1979 554 invidebit.
2031 484 2081 560 At
2105 516 2201 566 nnn.

158 560 397 653 diriperetur,
432 559 525 628 cives
543 557 651 630 vitam
674 582 715 629 ac
736 559 936 633 libertatem
952 561 1160 637 retinerent.
1207 558 1295 652 quid
1309 555 1396 632 haec
1410 565 1743 659 quoqueChunradi
1762 575 1907 649 victoria
1921 586 2001 656 talis
2015 591 2095 679 luit,
2109 621 2199 690 qrtae

158 662 268 735 Tunc
303 660 444 746 Guelfi,
481 674 770 754 caeterorumque
803 663 982 734 nobilium
1018 687 1158 750 uxorea,
1206 655 1302 731 haud
1325 663 1433 735 dubie
1448 663 1525 738 Deo
1544 692 1681 743 summe
1703 675 1855 766 placuit,
1879 689 1987 759 etcni
2006 691 2101 766 livor
2123 700 2198 792 ipse

157 779 352 859 antequam
368 780 491 855 portae
508 762 752 854 aperirentur,
776 765 999 858 petiverunt,
1024 778 1066 836 ut
1087 765 1156 837 sibi
1205 757 1300 832 nihil
1317 760 1503 839 detrahere
1516 774 1652 863 potuit,
1678 801 1742 849 nec
1757 778 1833 850 eius
1847 784 1957 858 ullam
1973 807 2109 883 partem
2127 803 2196 874 sibi

157 867 269 941 salvis
297 866 397 937 abire
429 866 568 950 liceret,
598 865 824 957 portantibus
855 870 900 937 de
929 869 1003 938 suis
1035 869 1155 960 rebus,
1203 865 1345 935 fortuna
1364 870 1575 942 vendicare?
1607 871 1658 949 Et
1674 891 1791 952 tamen
1812 906 1886 954 non
1899 891 2046 967 deerant
2065 922 2106 969 ex
2130 928 2196 976 au.

156 983 333 1067 quantum
356 991 589 1063 unaquaeque
621 981 747 1059 posset·
805 967 912 1058 Quod
935 994 1015 1040 cnm
1039 993 1060 1040 a
1083 970 1155 1040 cle-
1202 965 1300 1051 licis,
1325 969 1389 1062 qui
1414 970 1449 1041 id
1472 975 1627 1062 graviter
1644 980 1860 1072 acciperent,
1885 993 2018 1087 quique
2037 997 2195 1093 impera·

153 1072 271 1144 menti
294 1070 427 1141 victore
449 1084 484 1141 et
506 1068 641 1160 optimo
664 1067 830 1164 Principe
855 1072 958 1141 facile
986 1071 1149 1164 impetra·
1202 1068 1273 1137 lori
1294 1074 1473 1142 saeviendi
1497 1089 1638 1149 autores
1663 1097 1794 1170 essem,
1819 1105 1857 1160 ut
1879 1110 1964 1166 snrn
1985 1095 2194 1200 Principum

152 1187 249 1260 rent,
273 1172 420 1266 capiunt
435 1171 598 1241 mulieres
613 1171 815 1259 consilium,
842 1174 939 1265 pium
957 1198 997 1243 ac
1013 1198 1152 1244 memo·
1200 1173 1329 1280 domnos
1363 1174 1535 1247 secundae
1576 1183 1778 1256 crudelibus
1822 1198 2094 1281 consultoribus.
2144 1207 2194 1286 Et

152 1276 287 1349 rabile:
321 1298 403 1344 nam
427 1298 508 1345 cum
530 1268 666 1354 hostes,
699 1298 758 1345 eas
781 1299 907 1345 aurum
932 1289 967 1346 et
989 1298 1152 1365 gemmas,
1200 1275 1365 1364 saepefit
1389 1277 1602 1372 utPrincipe
1617 1281 1707 1355 nihil
1726 1290 1851 1361 melius
1866 1296 1965 1368 sitin
1982 1305 2075 1382 aula.
2110 1312 2192 1385 cte.

150 1380 404 1471 mundumque
424 1375 653 1460 muliebrem,
676 1387 736 1446 aut
752 1377 923 1468 pecuniae
944 1377 1079 1471 aliquid
1096 1402 1151 1447 se-
1199 1378 1455 1449 tumsonuhunt
1472 1379 1542 1449 iam
1560 1407 1662 1456 aures
1680 1389 1756 1460 eius
1770 1392 1888 1486 impiis
1902 1413 2007 1494 atque
2023 1405 2192 1489 inhuma-

149 1505 236 1553 cnm
261 1480 414 1550 elaturas
443 1491 629 1570 putarent,
660 1476 742 1547 illae
769 1479 936 1550 omnibus
968 1475 1023 1549 his
1046 1481 1151 1551 rebus
1199 1475 1433 1565 nisvoclbtss,
1462 1481 1660 1557 iubentium
1680 1513 1761 1575 eum
1776 1516 1841 1566 suo
1856 1498 1933 1571 iure
1951 1504 1988 1573 in
2003 1509 2113 1585 victos
2125 1522 2191 1607 uti,

149 1582 312 1653 militum
337 1581 487 1673 praedae
513 1578 664 1661 relictis,
691 1580 836 1651 rataritos
856 1604 939 1650 suos
960 1582 998 1650 in
1024 1575 1151 1651 lrumc-
1198 1590 1232 1648 et
1266 1579 1358 1649 collo
1393 1584 1583 1655 mulierum
1611 1587 1795 1681 detrahere
1821 1603 1985 1692 maritos,
2023 1619 2190 1709 amplexu

149 1709 213 1757 ros
235 1682 414 1768 sublatos,
439 1694 474 1752 et
498 1704 628 1774 parvos
650 1680 783 1751 liberos
799 1683 837 1751 in
858 1683 1149 1777 sinuatqueam-
1196 1694 1351 1753 matrum
1374 1683 1506 1757 libems
1526 1691 1699 1773 avellere,
1730 1719 1803 1766 nou
1825 1701 1919 1772 enim
1945 1732 2093 1804 corpora
2116 1721 2189 1795 illis

148 1788 260 1883 plexu
275 1797 443 1868 tenentes,
467 1784 814 1873 urbeexportabant.
848 1783 1007 1855 l'idisses
1023 1808 1149 1874 agmen
1197 1781 1356 1851 virorum
1371 1796 1405 1856 el
1421 1787 1615 1861 liberorum
1632 1795 1782 1879 donula,
1807 1805 1867 1871 sed
1882 1823 2055 1898 quantum
2071 1821 2190 1894 deor·

149 1888 357 1970 muliemm,
380 1886 481 1956 cuius
493 1884 643 1975 agminis
658 1880 740 1953 Dux
754 1902 828 1956 erat
842 1884 1148 1978 PrincipisGuelli
1196 1897 1283 1952 natu
1298 1898 1360 1955 aut
1373 1890 1479 1958 rebus
1494 1892 1573 1960 aliis
1590 1898 1770 1986 quaelibet
1784 1905 1922 1977 aulerre
1938 1932 2071 2005 posset,
2096 1922 2190 2016 leges

148 2014 264 2074 uxor,
288 2011 352 2081 per
373 1987 488 2056 media
513 1983 669 2056 hostium
693 2000 805 2058 castra
827 2001 862 2058 et
881 1988 950 2059 tela
974 1987 1148 2076 incedere,
1194 1985 1291 2076 pacis
1304 2009 1369 2077 per
1385 1988 1546 2061 iraeadem
1561 1995 1698 2070 violari.
1735 1998 1785 2072 Ar
1802 2016 1877 2092 tua,
1905 2008 2091 2108 inquiunt,
2114 2024 2167 2098 lm

148 2090 365 2186 gestantium
386 2089 590 2159 dulcissima
616 2087 764 2179 pignora
786 2111 868 2176 sua,
897 2104 932 2161 et
954 2086 1148 2184 lachrymis
1194 2100 1335 2178 perator
1357 2091 1589 2181 existimatio,
1623 2113 1657 2171 et
1681 2101 1821 2195 imperii
1838 2109 1994 2201 dignitas
2014 2144 2056 2192 ac
2078 2129 2187 2201 maie.

149 2192 432 2289 profluentibus,
458 2204 564 2285 atque
582 2185 650 2260 hoc
666 2190 744 2282 ipso
759 2191 966 2262 iactnsuam
982 2192 1146 2284 pietatem
1192 2201 1262 2258 stas
1282 2189 1418 2279 agitur,
1454 2218 1500 2264 ne
1528 2193 1584 2267 his
1611 2200 1757 2293 impune
1786 2207 1848 2293 sit,
1879 2236 1977 2287 arma
2004 2240 2128 2301 contra
2153 2246 2188 2306 te

151 2294 367 2371 testantium.
419 2291 543 2364 Flebat
560 2315 751 2362 concursus
767 2317 807 2363 ex
830 2294 913 2365 totis
934 2294 1075 2379 castris,
1101 2295 1145 2362 ad
1192 2289 1361 2361 movisse:
1388 2321 1478 2389 qtros
1499 2299 1532 2368 si
1553 2301 1599 2391 ita
1616 2319 1736 2395 aperte
1757 2307 1821 2379 tibi
1840 2311 2008 2402 illudere,
2035 2340 2069 2398 et
2085 2329 2186 2403 inco.

148 2392 220 2469 boc
234 2397 366 2467 mirum
388 2419 591 2489 novumque
609 2394 846 2486 spectaculum
870 2395 1147 2466 effundebantur
1191 2393 1304 2462 lennes
1321 2389 1405 2466 hinc
1427 2400 1526 2468 abire
1551 2404 1713 2493 patieris,
1740 2435 1813 2480 uon
1828 2415 1976 2490 dubium

1997 2439 2067 2514 est,
2095 2435 2184 2527 quin

145 2499 310 2573 certatim
326 2521 469 2578 omnes,
495 2496 585 2567 varii
611 2495 755 2566 interim
778 2519 958 2568 sermones
977 2499 1144 2568 sereban-
1191 2494 1394 2586 importuna
1419 2493 1505 2572 haec
1525 2504 1710 2578 clementia
1736 2512 1856 2602 plnres
1878 2521 1923 2590 ad
1951 2525 2184 2609 rebellionem

144 2617 227 2689 tur,
252 2601 301 2671 ita
315 2614 354 2671 ut
368 2600 440 2669 lieri
457 2601 562 2683 solet,
587 2598 667 2667 aliis
688 2592 881 2668 humanam
899 2612 1051 2684 sortem,
1076 2598 1143 2669 tri·
1190 2596 1235 2667 sit
1255 2596 1458 2675 invitatura.
1510 2601 1698 2696 Magnifice
1722 2607 1826 2701 haec,
1851 2642 1916 2691 nec
1933 2649 2079 2714 prorsus
2094 2638 2183 2711 [alm

143 2720 310 2797 stentque
344 2726 463 2772 casum
498 2699 767 2785 miserantibus,
795 2701 876 2771 aliis
908 2702 1074 2793 pietatem
1110 2715 1144 2771 et
1190 2697 1432 2786 metabantur,
1457 2718 1958 2796 etpoterantmentemetiam
1975 2753 2087 2817 perse
2106 2741 2183 2829 pla-

140 2806 354 2899 neutiquam
370 2803 544 2874 muliebre
567 2803 747 2895 inceptum
769 2814 1012 2874 matronarum
1036 2804 1142 2896 pleno
1188 2800 1338 2869 nabilem
1360 2802 1518 2890 irritare,
1549 2814 1753 2900 praesertim
1775 2843 1855 2889 cum
1884 2826 2013 2901 callida
2038 2829 2123 2910 haec
2148 2859 2183 2917 et

139 2932 209 2983 ore
221 2906 521 3001 praedicantibus,
544 2904 730 2974 nonnullis
745 2916 778 2973 et
796 2905 1076 2995 indignantibus,
1102 2929 1142 2975 ac
1188 2902 1342 2990 speciosa
1359 2907 1607 2980 conditionum
1625 2940 1664 2985 ac
1687 2916 1774 2987 iuris
1794 2919 2039 3017 interpretatio
2056 2943 2182 3016 crude·

138 3016 239 3103 leges
252 3008 445 3081 deditionis
461 3009 526 3077 isto
542 3008 627 3076 dolo
643 3006 768 3075 violari
783 3008 1032 3078 frementibus:
1057 3031 1142 3099 pru·
1186 3002 1278 3073 lilall
1303 3022 1571 3095 praetexerelssr·
1631 3016 1701 3087 Sed
1730 3035 1806 3093 em
1833 3020 2031 3106 Chunrado
2061 3057 2180 3131 pectus

139 3116 261 3186 (neem
286 3126 320 3182 et
338 3110 544 3202 lmperator,
570 3108 725 3178 militnm
746 3132 807 3199 per
829 3123 900 3178 tota
923 3124 1034 3178 castra
1054 3135 1141 3177 ron-
1186 3128 1262 3173 non
1276 3112 1492 3196 penetrabile
1513 3115 1582 3185 telo
1603 3118 1818 3208 calumniae,
1842 3152 1946 3202 aures
1960 3159 2035 3206 non
2051 3145 2180 3219 admit-

140 3213 348 3289 tumfione
365 3226 491 3282 motus,
536 3209 628 3299 Qui,
657 3223 695 3279 nt
712 3210 928 3299 ingeniosam
946 3204 1139 3303 plrilostor.
1185 3218 1316 3287 tentes,
1344 3234 1408 3279 nec
1424 3213 1467 3279 ad
1484 3216 1643 3286 :numum
1660 3225 1872 3310 perferentes
1887 3231 1973 3306 istos
1987 3263 2180 3331 sermones,

143 3319 241 3409 giam
260 3313 452 3386 mulierum
476 3313 586 3397 vidit,
608 3313 727 3382 subito
747 3312 792 3381 ad
816 3306 882 3381 hoc
901 3312 1139 3404 spectaculum
1185 3321 1220 3378 et
1233 3315 1531 3402 quemadmodum
1549 3320 1594 3386 de
1607 3318 1739 3403 Latino
1758 3322 1928 3417 Virgilius
1944 3337 2010 3409 ait:

148 3420 225 3503 in,
246 3416 383 3489 elinntsi
399 3440 471 3485 non
488 3414 638 3497 iniusta,
661 3412 786 3507 optimi
802 3412 980 3506 Principis
996 3412 1138 3498 resedit,
1234 3411 1292 3477 llle
1308 3422 1392 3481 velut
1405 3425 1505 3504 pelagi
1520 3447 1609 3507 rupes
1623 3432 1749 3493 immota
1763 3441 1885 3517 resistit,

146 3518 369 3613 amplectitur
391 3532 467 3590 toto
489 3517 610 3589 animo
633 3514 731 3586 illam
749 3513 932 3609 pietatem,
953 3514 1139 3586 miseretur
1234 3516 1276 3581 Ut
1290 3524 1390 3601 pelagi
1405 3546 1492 3606 rupes
1508 3548 1620 3610 magno
1637 3536 1776 3597 sarriente
1789 3540 1916 3621 fragore,

142 3621 380 3706 afflictorum,
419 3619 590 3691 memoria
621 3642 704 3690 suae
737 3642 880 3711 qnoque
910 3616 1139 3705 conditionis,
1235 3618 1323 3700 Quae
1338 3646 1402 3686 sesa
1416 3632 1520 3691 multis
1536 3636 1825 3704 circumlatrantibus
1838 3646 1928 3708 undis

141 3718 213 3795 hoc
244 3736 315 3807 est,
348 3722 573 3794 mortalitatis
604 3733 638 3790 et
672 3719 870 3810 fragilitatis
898 3715 1137 3791 humanarum
1233 3721 1318 3787 Mota
1333 3741 1433 3809 tenet,
1458 3738 1578 3817 scopuli
1591 3742 1795 3824 nequicquam
1812 3758 1842 3807 et
1857 3770 1981 3830 spumea
1996 3759 2110 3821 stratam

140 3850 265 3897 mum
280 3825 399 3895 aniano
414 3824 489 3895 eius
504 3824 610 3903 subit,
634 3848 708 3893 non
724 3837 838 3916 potest
853 3824 1004 3914 amplius
1020 3822 1137 3914 irasci,
1233 3824 1315 3891 sm
1329 3831 1481 3912 tument,
1506 3841 1653 3923 laterique
1665 3846 1745 3905 illisa
1760 3850 1930 3913 retundunt
1941 3858 2020 3936 elge.

138 3954 218 4000 non
238 3940 351 4020 potest
374 3926 489 3997 odisse
507 3950 567 3996 eos
591 3925 745 4004 diutius,
771 3948 861 4018 qnos
885 3938 982 3996 tanta
1005 3925 1136 3995 virtute
1184 3919 1302 4017 thue
1316 3926 1461 4016 sagittae
1478 3956 1498 3999 a
1514 3937 1605 4003 duro
1622 3935 1794 4034 ficumque
1806 3961 1906 4017 scuto
1920 3951 2100 4041 resiliunt,
2125 3960 2175 4032 ita

138 4056 181 4102 ae
199 4029 327 4123 pietate
341 4030 519 4122 praeditos
533 4028 691 4097 videbat:
718 4027 860 4098 foelices
876 4027 1033 4119 quidem,
1053 4026 1136 4119 qni·-
1182 4025 1241 4095 isti
1255 4049 1433 4101 sermones
1450 4031 1488 4100 in
1503 4051 1642 4126 pectore
1658 4041 1787 4112 virtute
1809 4048 1977 4121 roborato
1994 4077 2068 4127 non
2092 4055 2176 4132 hae-

138 4136 209 4205 bus
224 4157 244 4202 a
261 4131 462 4202 talivietori
486 4130 581 4200 vinci
599 4128 764 4217 contigit,
790 4143 826 4199 at
846 4131 959 4199 multo
974 4128 1136 4200 foelicior
1182 4128 1326 4215 rebant,
1346 4133 1409 4201 sed
1428 4132 1570 4206 annuus
1594 4150 1732 4211 tantum
1755 4142 1793 4214 in
1817 4140 1924 4221 huius
1946 4155 2087 4245 pictatis
2110 4167 2175 4233 ad·

138 4236 235 4329 39⁸2,
261 4232 323 4327 qut
339 4246 441 4303 ,ntea
457 4228 614 4313 hostem,
640 4254 736 4299 nurrc
750 4230 922 4322 seipsum,
947 4235 1044 4325 quod
1061 4254 1134 4299 nou
1181 4229 1371 4301 miratione
1386 4235 1519 4307 defixus
1534 4253 1621 4321 erat,
1647 4255 1681 4313 et
1696 4257 1735 4315 ut
1748 4249 1871 4320 oculos
1884 4257 2039 4330 suaviter
2056 4262 2175 4336 virens

138 4338 249 4433 paulo
266 4336 447 4406 difficilius
467 4349 563 4416 erat,
588 4332 701 4403 multo
730 4332 954 4423 generosiore
977 4358 1016 4403 ac
1034 4356 1136 4424 prae.
1182 4331 1298 4418 color,
1323 4348 1385 4404 ant
1398 4360 1500 4408 aures
1519 4341 1634 4412 dulcis
1648 4363 1851 4432 concentus,
1876 4353 1924 4426 ita
1937 4361 2099 4433 animum
2113 4388 2175 4455 ge-

138 4438 292 4513 clariore
314 4437 463 4509 victoria
485 4435 675 4528 superavit.
727 4432 900 4527 Optabile
923 4447 993 4519 est,
1018 4435 1135 4529 inquit
1182 4457 1349 4503 necessum
1375 4449 1488 4508 totum
1511 4459 1670 4535 ceperat,
1701 4470 2002 4552 occupaveratque
2023 4486 2174 4555 eonspe-

137 4538 353 4631 Eueipitles,
386 4538 426 4609 in
453 4535 591 4610 hostem
622 4536 835 4628 sapientem,
870 4559 934 4607 nec
964 4539 1134 4608 stolidum
1181 4549 1258 4607 ctus
1282 4535 1440 4609 virtutis:
1461 4538 1587 4633 Egone
1606 4547 1734 4636 igitur,
1761 4567 1879 4626 tantae
1896 4558 2020 4633 virtuti
2034 4588 2076 4633 ac
2093 4568 2174 4656 pie·

137 4644 318 4727 incidere,
342 4666 423 4712 cum
446 4636 505 4713 hic
522 4639 684 4731 superior
704 4638 814 4709 lactan
837 4652 975 4709 tautum
998 4638 1135 4709 saevire
1181 4637 1245 4708 tati
1266 4637 1357 4707 iram
1379 4666 1490 4711 uresrn
1517 4670 1591 4716 nnn
1617 4651 1835 4744 condonem,
1860 4659 1922 4750 qui
1944 4685 2047 4754 saepe
2060 4669 2173 4743 multo

136 4747 268 4821 soleat:
294 4744 389 4838 apud
405 4742 507 4814 illum
523 4740 768 4827 verecundiae,
793 4740 966 4826 iustitiae,
991 4739 1134 4810 veniae-
1181 4739 1376 4810 levioribus
1408 4745 1521 4815 causis
1558 4753 1862 4837 condonaverim?
1901 4761 2050 4857 plusque
2076 4774 2174 4861 apud

136 4872 212 4947 que
228 4848 328 4918 locus
344 4844 400 4921 sit.
451 4843 552 4929 linc,
577 4844 669 4916 utin
691 4843 797 4913 rebus
813 4843 990 4931 adversis,
1016 4841 1134 4913 neuti-
1182 4865 1239 4910 me
1272 4842 1401 4913 valebit
1434 4844 1584 4919 offensio
1615 4853 1715 4944 prior
1741 4859 1786 4926 ad
1814 4861 2008 4949 perniciem
2031 4861 2173 4959 horum,

137 4974 249 5049 quam
269 4952 456 5021 adversum
481 4945 631 5036 contigit
646 4943 797 5029 Guetn,
822 4943 868 5014 ab
891 4968 933 5014 eo
947 4945 1042 5014 enim
1067 4938 1135 5015 ho·
1181 4967 1288 5036 quam
1303 4966 1468 5035 praesens
1478 4950 1667 5023 admiratio
1682 4956 1823 5029 virtutis
1837 4963 1881 5031 ad
1894 4963 2068 5039 salutem?
2089 4972 2172 5045 Seio

137 5052 408 5136 wimar,
433 5074 542 5143 aquo
560 5048 734 5117 illietiam
758 5046 917 5140 optabile
937 5060 1012 5116 emt
1028 5045 1134 5120 vinci.
1181 5068 1289 5138 quam
1318 5047 1420 5117 dulce
1447 5047 1494 5119 sit
1516 5051 1636 5123 ulcisci
1658 5055 1839 5145 inimicos,
1873 5071 2078 5155 praesertim
2103 5099 2173 5160 eos,

136 5155 290 5237 hugei,
317 5176 400 5224 cum
420 5176 457 5225 se
479 5152 575 5221 ultro
599 5151 770 5219 dederent
792 5147 940 5221 Senatui
956 5145 1135 5234 Romano,
1181 5147 1313 5240 quibus
1334 5146 1425 5220 iuste
1445 5150 1624 5239 irascaris,
1645 5158 1706 5227 sed
1729 5153 1798 5230 hoc
1814 5186 1956 5259 quoqne
1974 5171 2049 5243 scio
2071 5198 2172 5265 prae-

137 5283 216 5331 non
233 5257 377 5351 quidem
394 5254 504 5325 armis
518 5276 659 5331 eorum,
687 5253 748 5319 sed
764 5250 902 5322 iusticia
918 5264 952 5320 et
968 5246 1134 5322 humani·
1181 5249 1316 5319 clarum
1331 5264 1366 5320 et
1385 5250 1565 5326 laudabile
1579 5279 1673 5344 esse,
1698 5258 1802 5330 illum
1819 5263 1989 5359 impetum
2006 5269 2172 5351 cohibere

138 5355 363 5433 memini
379 5355 552 5449 superati:
580 5351 676 5424 Victi
691 5375 826 5438 sumus,
845 5352 1025 5451 inquiunt,
1042 5350 1134 5424 tte
1181 5372 1221 5421 ac
1253 5351 1446 5425 refrenare.
1502 5352 1586 5429 Scio
1618 5360 1742 5433 decere
1771 5360 1908 5457 Regem
1942 5374 2174 5466 severitatem,

138 5489 158 5534 a
183 5461 287 5533 vobis
317 5474 506 5552 vestroque
536 5454 755 5548 Imperatore
775 5455 943 5543 victoris,
980 5454 1038 5526 cui
1069 5478 1134 5526 uec
1181 5452 1365 5525 sedidem
1387 5478 1462 5528 non
1476 5454 1633 5629 {gooprm
1657 5486 1764 5559 quam
1784 5490 1861 5539 non
1878 5472 1999 5546 daem
2020 5480 2174 5553 eundem
