4664 6022
139 284 216 361 689
729 278 890 359 DECL.
934 277 1008 354 DE
1041 274 1184 355 lURE
1218 277 1591 370 POSSlDENDl.
1935 303 1937 307 ’
2112 288 2179 368 tto

142 472 224 531 vata
244 456 456 553 aequalitate
478 481 585 553 quam
608 457 721 528 sancit
740 454 856 544 Deus,
881 481 963 527 eum
985 456 1052 526 ait:
1075 452 1141 526 Di·
1192 458 1340 551 imperia
1356 461 1477 531 lutura
1490 462 1602 553 magis
1615 462 1820 534 turbulenta
1835 477 1871 535 et
1883 461 2070 541 deformia.
2119 461 2179 535 Sed

143 563 232 653 ligas
245 561 448 655 proximum
466 564 556 633 sicut
570 574 605 631 te
619 561 748 655 ipsum.
802 561 909 632 ltem:
935 560 1017 631 Non
1030 553 1143 629 habe·
1192 577 1312 634 tamen
1334 561 1451 650 Deus,
1478 588 1544 635 nec
1566 561 1761 636 Ecclesiam
1786 590 1933 658 prorsus
1953 566 2069 639 deleri
2091 564 2182 653 sinet,

142 666 201 738 bis
230 665 369 735 diversa
402 669 561 756 pondera
591 665 631 733 in
662 666 782 751 lance,
817 665 931 734 maius
954 679 988 735 et
1011 662 1142 735 minus.
1192 691 1259 736 nec
1288 667 1475 758 politicum
1507 669 1670 739 ordinem
1695 670 1838 760 penitus
1854 671 2001 743 aboleri
2025 667 2182 763 patietur.

143 763 367 843 Deum-25.
417 767 613 842 Aves-satur
640 769 735 839 enim
763 766 861 839 Deus
890 763 977 837 haec
1007 767 1143 836 lacien-
1192 769 1343 842 Curabit
1362 771 1467 842 etiam
1485 771 1603 864 aliqua
1620 770 1801 843 Ecclesiae
1817 768 1993 867 hospitia,
2018 786 2062 844 ut
2077 772 2182 843 studit

145 887 230 944 tem·
282 869 353 941 Sed
378 863 528 946 humani
550 870 640 942 iuris
663 887 733 957 est,
759 895 804 940 ne
818 884 979 962 regentes
994 869 1143 961 provin·
1194 875 1377 944 doctrinae
1399 890 1594 948 serventur.
1625 874 1737 948 ¹Nam
1762 866 1848 948 baec
1872 878 1913 947 in
1933 873 2096 948 Ecclesia
2117 898 2181 945 ma·

147 976 256 1060 dam,
281 989 314 1046 et
332 972 394 1066 qui
412 979 504 1047 cirea
523 998 582 1045 eos
600 989 701 1057 sunt,
727 975 965 1064 negotientur.
1016 971 1143 1044 Divini
1195 1001 1280 1047 nere
1302 1000 1442 1046 necesse
1464 992 1531 1048 est:
1558 995 1593 1050 et
1610 1002 1776 1050 mansura
1792 1003 1884 1066 esse,
1908 976 2077 1051 Christus
2091 976 2180 1049 toties

146 1078 237 1150 iuris
253 1092 304 1148 est
319 1074 542 1172 coniugium:
568 1073 717 1148 humani
735 1079 823 1148 iuris
838 1092 906 1163 est,
931 1102 977 1146 ne
991 1076 1143 1147 fratrum
1197 1080 1390 1172 promittit,
1424 1080 1560 1150 etiamsi
1582 1082 1682 1151 locus
1705 1096 1822 1153 certus
1843 1080 2024 1154 Ecclesiae
2045 1104 2122 1153 non
2141 1094 2181 1151 est

146 1182 214 1252 filii
244 1195 279 1251 et
308 1179 402 1249 filiae
433 1181 614 1254 connubia
646 1176 869 1255 contrabant.
920 1177 969 1250 Et
996 1192 1143 1259 constat,
1196 1184 1407 1269 attributus,
1433 1197 1474 1253 ut
1494 1186 1539 1253 ad
1561 1199 1700 1274 tempus
1716 1198 1790 1256 erat
1807 1187 1846 1255 in
1862 1187 1992 1257 ludaea
2009 1183 2181 1271 certuslo·

146 1285 244 1358 uude
266 1296 392 1353 notum
412 1287 458 1357 sit
474 1281 613 1357 homini
631 1285 687 1354 ius
703 1285 886 1365 divinum,
912 1297 948 1354 et
964 1283 1143 1378 quomodo
1196 1309 1268 1357 cus.
1319 1283 1369 1356 Et
1390 1286 1533 1380 quidem
1555 1288 1594 1357 in
1617 1288 1661 1357 iis
1683 1289 1919 1360 locisdiutius
1932 1282 2181 1360 manetEctle·

146 1386 218 1460 Dei
238 1384 413 1461 sententia
434 1404 576 1460 aeterna
598 1403 632 1459 et
653 1387 887 1459 immutabilis
906 1387 1082 1458 transfusa
1099 1384 1145 1454 sit
1197 1391 1268 1474 sia,
1294 1391 1358 1460 ubi
1379 1390 1558 1483 principes
1581 1405 1665 1461 sunt
1683 1391 1934 1477 modestiores,
1960 1408 1996 1464 et
2013 1392 2053 1462 in
2069 1391 2181 1461 foven-

147 1493 193 1562 ad
217 1489 393 1570 homines,
444 1492 614 1564 Fatemur
636 1516 759 1561 omnes
776 1486 873 1561 bunc
888 1491 1049 1560 ordinem
1067 1513 1146 1557 mo·
1198 1493 1252 1562 dis
1272 1493 1342 1585 piis
1363 1495 1490 1563 studiis
1505 1494 1766 1585 diligentiores,
1790 1509 1824 1567 et
1841 1496 1906 1566 ubi
1920 1497 2048 1566 lumen
2064 1492 2181 1575 doctri·

147 1609 251 1667 tuum
267 1594 493 1681 coelestium,
520 1608 553 1665 et
570 1610 768 1688 temporum
784 1594 895 1679 vices,
920 1593 1146 1686 tempestivas
1198 1621 1265 1665 nae
1283 1595 1413 1665 maiori
1430 1620 1513 1666 cura
1531 1599 1721 1685 retinetur,
1748 1612 1782 1669 et
1797 1598 1952 1690 populos
1967 1596 2180 1690 disciplima

86 1756 106 1781 ,
148 1696 396 1791 irrigationes,
419 1701 646 1792 tempestivos
666 1712 798 1782 aestus,
825 1695 893 1766 Dei
910 1721 1015 1788 opera
1033 1696 1145 1766 etbe-
1198 1724 1273 1769 non
1294 1712 1512 1787 aspernatur.
1563 1698 1646 1789 Quo
1664 1700 1801 1772 maiora
1818 1702 1912 1771 dona
1931 1690 2181 1772 suntsslutaris

147 1801 374 1874 neficiacsse.
427 1805 520 1876 Sunt
535 1802 631 1871 enim
646 1801 684 1868 in
702 1799 890 1893 conspectu
907 1813 940 1868 et
957 1800 1069 1869 oculis
1087 1822 1146 1867 ex·
1197 1815 1307 1874 status
1330 1797 1529 1887 Ecclesiae,
1558 1817 1593 1874 et
1620 1804 1950 1893 politici-ordines,
1985 1828 2030 1874 eo
2063 1804 2182 1873 maiore

39 1936 42 1941 ·
149 1909 276 2001 posita.
347 1902 417 1978 Sed
454 1930 530 1977 non
566 1904 676 1994 magis
715 1927 844 1973 ornare
881 1903 1018 1972 coelum
1050 1898 1147 1970 Deus
1199 1929 1282 1976 cura
1312 1906 1441 1975 tuenda
1468 1917 1563 1981 sunt.
1622 1905 1662 1978 Si
1684 1907 1894 1979 confusione
1917 1930 2129 1992 movemur,
2155 1916 2183 1974 ut

148 2009 285 2092 voluit,
320 2030 425 2099 quam
456 2006 660 2092 hominem,
693 2025 797 2098 quem
826 2005 941 2075 voluit
962 2028 1036 2074 esse
1057 2004 1148 2072 ima·
1199 2008 1403 2078 dubitemus
1432 2009 1528 2078 unde
1555 2006 1625 2079 sint
1646 2010 1739 2099 leges
1762 2024 1796 2081 et
1820 2009 1988 2103 imperia,
2026 2008 2181 2079 diseamus

149 2113 268 2204 ginem
298 2134 409 2184 suam.
475 2109 657 2203 Impressit
687 2109 797 2201 igitur
828 2103 968 2177 homini
997 2107 1147 2178 noticias
1200 2111 1446 2181 confusionem
1463 2135 1538 2181 non
1553 2110 1771 2199 esseaDeo,
1796 2115 1855 2183 sed
1870 2111 2182 2183 oririacontuma-

151 2228 281 2301 certas,
307 2239 427 2299 veras,
452 2214 703 2301 immutabiles,
729 2225 885 2303 sumptas
898 2236 938 2280 ex
953 2235 1013 2281 sua
1029 2223 1147 2279 mente
1200 2215 1252 2285 cia
1269 2208 1510 2284 humanorum
1526 2215 1764 2305 ingeniorum,
1793 2230 1860 2287 eta
1875 2214 2040 2286 diabolo.
2084 2210 2183 2287 Esou·

151 2333 305 2390 aeterna.
355 2320 434 2392 Hae
455 2344 537 2390 eum
559 2319 631 2388 sint
650 2318 768 2408 legum
785 2316 918 2400 sontes,
946 2308 1081 2384 certum
1096 2324 1149 2382 est
1200 2331 1254 2386 tra
1277 2340 1362 2386 vero
1385 2331 1558 2410 quantum
1584 2319 1672 2387 boni
1694 2319 1833 2390 ordinis
1854 2319 2043 2412 reliquum
2070 2328 2182 2403 est,et

150 2423 230 2493 iura
261 2446 343 2495 cum
374 2422 431 2493 his
460 2423 620 2493 fontibus
648 2419 879 2509 congruentia
910 2418 1032 2487 divina
1061 2439 1146 2486 esse.
1201 2419 1461 2490 restitutionem
1484 2421 1601 2510 legum
1625 2434 1659 2491 et
1682 2421 1769 2494 boni
1791 2435 1918 2508 status,
1943 2420 2019 2491 Dei
2035 2418 2210 2503 beneficia,¹

150 2523 225 2596 Nec
255 2519 363 2599 habet
390 2522 548 2596 humana
575 2537 701 2593 natura
731 2524 866 2592 bonum
895 2521 991 2590 aliud
1022 2520 1148 2603 maius,
1201 2546 1286 2593 esse.
1345 2520 1442 2592 llaec
1464 2524 1839 2611 si-considerabimns,
1871 2549 1948 2595 non
1971 2524 2097 2595 solum
2113 2522 2183 2593 illud

152 2653 259 2722 quam
282 2628 347 2704 has
370 2630 538 2710 noticias,
564 2650 653 2720 quae
677 2640 711 2696 et
732 2639 931 2695 monstrant
947 2624 1088 2705 Deum,
1115 2633 1148 2690 et
1201 2621 1393 2715 Augustini
1416 2626 1570 2712 dictum,
1603 2629 1739 2721 dequo
1762 2628 1934 2713 disserui,
1959 2628 2073 2699 facile
2096 2626 2183 2719 expli-

151 2734 281 2803 docent
305 2736 421 2830 qualis
446 2733 491 2802 sit
514 2730 629 2815 Deus,
662 2753 742 2798 cum
770 2728 979 2797 discernunt
1001 2720 1148 2795 honesta
1202 2729 1377 2798 cabimus:
1405 2729 1593 2799 sedetiam
1617 2731 1710 2822 ipsas
1730 2731 1823 2821 leges
1846 2743 1878 2801 et
1895 2730 2094 2822 politicum
2108 2729 2183 2802 ordi·

47 2893 51 2903 .
154 2832 188 2905 et
215 2840 348 2930 turpia:
385 2835 497 2906 lnsita
525 2847 576 2903 est
607 2831 738 2900 noticia
768 2830 931 2900 omnium
958 2828 1149 2912 mentibus,
1202 2855 1283 2901 nem
1318 2832 1429 2921 magis
1464 2833 1733 2915 venerabimur,
1776 2848 1811 2919 et
1844 2834 1937 2903 tueri
1968 2835 2177 2907 studebimu

153 2961 227 3008 esse
241 2937 360 3011 Deum
384 2951 538 3008 mentem
562 2949 740 3018 aeternam
764 2933 996 3003 conditricem
1016 2955 1150 3015 rerum,
1202 2934 1303 3004 Plato
1319 2932 1449 3028 inquit,
1467 2928 1562 3005 hunc
1578 2959 1650 3005 esse
1666 2937 1841 3029 optimum
1857 2937 1988 3024 civem,
2010 2940 2080 3032 qui
2095 2936 2181 3009 nulla

153 3043 363 3128 arbonam,
390 3054 426 3111 et
448 3038 561 3134 qualis
579 3037 643 3122 sit,
670 3050 705 3106 et
728 3037 907 3129 quomodo
932 3034 1150 3105 eiobedien-
1204 3039 1389 3119 victorias,
1422 3038 1542 3107 nullos
1571 3035 1789 3131 triumphos,
1821 3038 1941 3109 nullos
1974 3036 2174 3112 honorata

153 3145 241 3214 dum
254 3146 312 3232 sit,
334 3144 468 3214 indicat
483 3140 673 3211 discrimen
687 3135 918 3210 honestorum
933 3152 967 3209 et
979 3139 1150 3229 turpium.
1203 3139 1401 3231 Republica
1425 3140 1539 3230 pluris
1563 3142 1648 3211 lacit
1670 3168 1776 3235 quam
1799 3141 1870 3211 dici
1887 3141 2007 3212 civem
2026 3134 2186 3234 obtemp.

152 3246 338 3321 Beneficus
363 3261 432 3333 est,
458 3258 491 3315 ct
514 3245 645 3328 iustus,
672 3266 711 3311 ac
734 3242 891 3334 aequalis
913 3265 994 3331 erga
1015 3263 1153 3325 omnes,
1204 3244 1506 3333 rantemlegibus.
1545 3239 1986 3334 EtAgesilaumlaudant,
2013 3248 2186 3342 quodem

149 3374 279 3439 -verax,
305 3373 428 3422 amans
444 3346 632 3431 castitatis,
657 3345 744 3416 tales
760 3346 855 3415 enim
871 3367 936 3413 nos
951 3367 1023 3414 esse
1040 3344 1151 3424 iubet,
1204 3347 1395 3416 instructus
1411 3346 1575 3432 exercitu,
1598 3347 1668 3415 iam
1685 3348 1721 3415 in
1737 3371 1842 3417 cursu
1857 3346 2100 3419 victoriarum
2112 3357 2188 3430 esse,

154 3469 188 3528 et
208 3450 295 3526 haec
318 3455 387 3538 sibi
409 3452 524 3523 officia
549 3449 720 3541 praestari
742 3449 851 3519 iubet.
902 3445 978 3517 llas
1002 3445 1152 3517 noticias
1204 3464 1238 3519 et
1261 3449 1521 3520 existimaretur
1540 3474 1633 3520 unus
1655 3474 1727 3520 esse
1751 3451 1806 3521 vir
1821 3463 1854 3520 et
1870 3450 1959 3520 Dux
1976 3449 2190 3543 praestantis·

155 3559 280 3650 aspicit
309 3557 550 3648 magistratus,
589 3577 670 3621 eum
700 3551 875 3620 divinitus
905 3550 1076 3622 excitatur
1107 3547 1149 3616 ad
1205 3554 1315 3621 simus
1348 3552 1508 3621 omniurn
1543 3548 1729 3622 hominum
1762 3570 1848 3626 suae
1874 3555 2028 3638 aetatis,
2071 3566 2191 3645 accepta

155 3662 365 3753 disciplinae
386 3658 665 3728 restitutionem:
691 3667 732 3724 ut
757 3677 859 3745 saepo
883 3650 981 3721 Deus
1003 3649 1152 3742 imperia
1205 3655 1413 3724 brevissima
1439 3655 1584 3746 epistola
1609 3657 1713 3724 missa
1737 3681 1778 3725 ex
1794 3654 1921 3749 Sparta
1946 3682 1966 3725 a
1991 3673 2125 3730 senatu
2144 3676 2193 3749 pt-

155 3766 361 3859 perturbata
380 3775 415 3830 et
431 3760 595 3842 confusa,
621 3757 777 3827 restituit
792 3754 949 3826 excitatis
965 3755 1102 3845 anagnis
1120 3766 1154 3822 et
1205 3758 1311 3843 triae,
1344 3782 1413 3850 qua
1448 3760 1699 3844 revocabatur,
1734 3783 1817 3831 mox
1844 3760 2009 3849 paruerit
2048 3784 2093 3831 ae
2115 3740 2193 3830 ium

155 3864 311 3940 heroicis
340 3864 449 3947 viris,
481 3861 545 3955 qui
567 3860 683 3949 legum
707 3858 860 3928 vinculis
882 3858 1014 3928 iterum
1038 3879 1153 3926 mores
1206 3862 1298 3950 leges
1313 3861 1476 3946 redierit,
1499 3885 1577 3930 cum
1595 3883 1673 3952 spes
1687 3886 1761 3932 non
1776 3860 1885 3934 dubia
1902 3875 1994 3933 esset
2013 3862 2196 3956 potiundae

155 3969 347 4043 bominum
377 3977 549 4056 regerent.
616 3960 716 4031 Talis
744 3962 813 4032 fuit
842 3961 1047 4051 Augustus,
1091 3959 1154 4052 qui
1207 3962 1324 4036 Asiae.
1385 3961 1455 4056 Sed
1487 3963 1677 4051 gloriosius
1702 3988 1776 4034 esse
1799 3964 1918 4047 duxit,
1952 3965 2056 4056 leges
2080 3964 2198 4061 patriae

156 4088 237 4169 post
252 4073 345 4145 bella
359 4070 475 4140 civilia
494 4065 718 4155 disciplinam
736 4078 770 4134 et
784 4063 915 4135 iudicia
933 4063 1155 4134 instauravit.
1207 4068 1375 4136 omnibus
1403 4065 1483 4135 aliis
1509 4066 1617 4135 rebus
1645 4069 1831 4141 anteferre.
1897 4064 2010 4139 Nunc
2037 4066 2199 4164 sapientis

157 4178 259 4250 Talis
279 4176 349 4246 fuit
366 4187 401 4244 et
416 4168 695 4252 Constantinus}
718 4168 780 4261 qui
799 4191 879 4238 cum
897 4191 1010 4237 annos
1024 4189 1153 4236 novem
1206 4183 1352 4262 putatur
1376 4191 1466 4253 esse,
1492 4169 1654 4238 deridere
1676 4184 1711 4239 et
1732 4171 1890 4239 cavillari
1913 4170 2039 4261 leges,
2068 4190 2105 4247 a
2123 4172 2201 4243 viae

157 4279 303 4375 grassati
327 4291 440 4346 essent
463 4276 501 4343 in
524 4286 599 4345 toto
624 4272 710 4341 orbe
727 4271 885 4367 tyranni,
909 4268 1155 4341 Diocletianus
1207 4274 1332 4343 fraude
1365 4295 1494 4360 augere
1525 4272 1719 4362 potentiam
1747 4287 1781 4342 et
1807 4272 2048 4363 dignitatern,
2083 4291 2125 4349 ut
2149 4298 2202 4357 vo-

158 4398 193 4455 et
213 4381 473 4462 Maximianus,
505 4375 641 4460 etalii,
674 4374 799 4445 deletis
821 4375 1000 4468 tyrannis,
1025 4373 1155 4442 deinde
1208 4388 1300 4448 cant.
1359 4372 1429 4445 Sed
1454 4368 1547 4444 hane
1570 4398 1770 4465 perversam
1796 4376 2012 4468 sapientiam
2032 4381 2204 4450 comitan-

156 4489 252 4577 leges
265 4507 393 4576 aequas
410 4495 444 4552 et
460 4480 563 4550 utiles
581 4474 757 4548 Ecclesiae
774 4490 808 4547 et
824 4478 902 4568 paci
916 4477 1011 4549 tulit.
1063 4473 1155 4546 Cum
1208 4492 1267 4550 tur
1283 4477 1365 4546 satis
1381 4476 1495 4547 tristes
1512 4501 1663 4568 poenae,
1690 4503 1777 4572 quas
1791 4479 1929 4548 utinam
1945 4476 2054 4553 Deus
2070 4482 2229 4577 mitiga,

158 4604 276 4662 autem
299 4609 447 4677 magnae
471 4582 653 4653 extiterint
674 4580 759 4650 inde
776 4602 888 4673 usque
905 4581 950 4651 ab
966 4579 1070 4649 initio
1087 4579 1155 4646 im·
1209 4579 1424 4673 Quanquam
1455 4593 1571 4648 autem
1603 4604 1730 4671 magna
1762 4595 1796 4651 et
1824 4575 2020 4655 horribilis
2048 4582 2229 4678 Rumpe·

159 4693 341 4787 periurum
362 4704 397 4762 et
422 4685 559 4778 politici
582 4683 720 4753 ordinis
735 4683 979 4773 confusiones,
1007 4703 1156 4751 moven-
1208 4683 1430 4777 perturbatio
1452 4695 1521 4767 est,
1547 4698 1665 4754 tamen
1688 4685 1770 4778 quia
1789 4706 1869 4775 spes
1883 4698 1938 4754 est
1953 4708 2205 4775 mausus-aem

159 4810 219 4867 tur
248 4790 314 4863 hac
339 4789 563 4863 deformitate
586 4786 697 4854 animi
724 4784 939 4866 multorum,
971 4797 1012 4854 ut
1036 4783 1157 4853 existi·
1209 4788 1328 4879 aliqua
1342 4780 1520 4855 Ecclesiae
1541 4786 1740 4869 domicilia,
1767 4810 1852 4871 nos,
1879 4812 1972 4881 quos
1992 4786 2229 4887 Respublin!

161 4911 259 4966 ment
279 4897 373 4986 leges
395 4916 479 4964 casu
494 4904 529 4961 et
545 4890 621 4959 sine
639 4888 762 4957 divino
778 4902 869 4958 nutu
886 4903 986 4959 natas
1003 4910 1095 4971 esse,
1122 4899 1157 4956 et
1208 4891 1247 4959 in
1263 4884 1356 4957 banc
1375 4889 1561 4959 stationem
1579 4890 1786 4975 collocavit,
1807 4903 1847 4959 ut
1862 4890 1988 4963 literas
2004 4909 2044 4967 et
2059 4890 2205 4987 discipli·
2226 4884 2229 4959 Ι

162 4990 310 5089 imperia
329 4996 461 5087 negligi
482 5019 501 5062 a
520 4990 609 5064 Deo.
661 4991 832 5059 Videmus
855 4992 893 5060 in
913 4991 1064 5082 imperio
1080 4986 1157 5061 Ro·
1209 5016 1273 5061 nas
1295 4991 1402 5061 utiles
1423 4992 1516 5061 vitae
1539 5015 1807 5078 conservemus,
1841 5005 1877 5061 et
1899 4995 1947 5062 ad
1968 4998 2203 5087 pomerium

156 5105 268 5173 mano
291 5121 421 5190 paucos
441 5097 549 5165 fuisse
564 5094 717 5184 Augusti
734 5093 890 5179 similes,
916 5096 1031 5164 bonos
1049 5106 1083 5187 et
1100 5115 1156 5161 sa·
1208 5092 1508 5180 transmittamus,
1534 5118 1610 5164 non
1625 5096 1833 5166 abiiciamus
1848 5097 1970 5167 studia
1984 5116 2135 5189 nostra,
2155 5098 2204 5173 sel

158 5209 291 5277 lutares
320 5199 509 5293 principes.
578 5194 706 5284 Qualis
728 5219 824 5264 nunc
848 5209 900 5266 est
922 5196 1157 5287 imperiorum
1208 5197 1408 5266 doctrinam
1431 5197 1523 5266 vitae
1547 5199 1796 5279 necessariam,
1821 5211 2005 5290 quantum
2020 5222 2220 5297 possumu-

159 5303 388 5381 deformitas?
439 5298 552 5370 Turci
574 5321 740 5387 magnam
763 5310 899 5389 partem
925 5299 1064 5389 generis
1087 5293 1157 5366 hu·
1207 5322 1453 5392 propagemus.
1505 5298 1588 5369 Non
1613 5300 1776 5386 Servius,
1799 5324 1873 5395 npn
1897 5300 2119 5396 Trebatius,
2141 5328 2200 5380 noa

159 5412 257 5484 mani
273 5406 474 5480 tristissima
490 5403 659 5472 servitute
677 5416 939 5492 oppresserunt.
973 5397 1156 5491 Agnosca—
1207 5401 1303 5482 Piso,
1330 5426 1404 5470 non
1420 5400 1558 5494 Capito,
1582 5429 1663 5473 cum
1679 5403 1841 5472 viderent
1856 5406 2130 5484 ardere'orhem
2142 5424 2197 5481 ter-

158 5539 237 5586 mus
260 5515 372 5583 latum
393 5507 541 5579 ultimae
563 5517 723 5576 senectae
745 5505 890 5592 mundi,
925 5518 960 5574 et
981 5505 1156 5575 fateamur
1207 5529 1328 5575 rarum
1346 5505 1450 5575 bellis
1466 5506 1648 5592 civilibus,
1675 5505 1796 5577 literas
1810 5507 2043 5597 deserebant,
2065 5516 2194 5587 aedme-
