4664 6022
139 324 214 397 799
461 330 463 334 '
499 314 697 393 ·DECL.
734 309 812 391 DE
844 311 1044 393 utero:
1088 307 1268 394 POSUI
1303 308 1498 388 VERBA
1535 307 1663 408 Mna
1695 330 1780 393 etc.
2107 315 2177 389 800

146 494 324 623 Q
962 518 1012 563 sn.
1030 491 1124 559 1548.
1289 484 1588 582 Quandocnnque
1609 484 1707 560 Deus
1732 486 1842 560 tradit
1862 501 1924 561 aut
1945 501 2098 561 renovat
2122 488 2182 560 do-

957 582 1132 619 m
1189 589 1363 675 ctrinam,
1388 590 1505 660 statim
1529 589 1681 661 obruere
1703 615 1779 661 eam
1794 588 1990 679 Diabolus,
2015 589 2184 663 ntDenm

226 699 302 784 De
332 697 479 783 dieto:
510 693 655 781 Poeni
675 693 813 780 uerba
842 704 1055 780 menete.
1189 693 1405 763 contumelia
1420 692 1568 778 afficiat,
1594 705 1757 766 conatur.
1809 690 2003 766 Utoffudtc
2017 694 2183 765 nebulam

211 856 245 914 [η
259 859 355 914 ,Μ
369 853 451 913 nael.
467 853 500 915 T·
516 854 562 909 m·
578 871 606 925 p.
620 853 700 922 609„
723 851 856 910 Richard.
871 853 920 908 m·
934 873 963 928 p.
977 853 1063 934 mn·
1072 853 1141 910 ser·
1189 793 1322 879 Herae,
1344 794 1954 916 uteamavocendivinaabduceret.
1997 793 2052 867 lta
2069 809 2184 888 postea

247 939 312 985 mc
325 925 362 980 ΙΙΙ
393 940 420 994 p.
434 925 496 977 att.
514 933 542 979 et
565 923 594 978 in
613 922 726 995 Georgii
747 922 883 995 Principia
898 923 1009 979 anhalt.
1025 926 1141 980 concio·
1190 921 1294 989 saepe
1319 896 1486 966 omnebus
1517 899 1688 968 aetatibus
1720 900 1886 969 inductae
1911 913 1997 971 sunt
2019 900 2185 970 tenebrae

246 997 381 1078 utana
408 993 518 1076 scripsi·
545 1012 572 1066 P·
595 991 683 1077 5¹⁵⁵·
725 992 797 1077 Μ
823 1001 864 1047 0⁸¹
889 993 1142 1076 91⁸¹}⁰‚³l¹¹⁰li⁰⁹·
1191 999 1333 1069 coelesti
1361 998 1553 1070 doctrinae.
1610 997 1664 1069 Ac
1684 999 1823 1071 vidistis
1845 995 1912 1071 hac
1932 1014 2056 1072 nostra
2079 1013 2185 1072 aetate

247 1065 368 1137 Geocgco
386 1064 536 1116 Anbaltmo
556 1073 672 1134 scripta,
699 1080 745 1135 qur
765 1080 826 1116 carn
845 1072 969 1116 rentant
986 1080 1014 1114 in
1033 1064 1141 1132 synodo

247 1134 396 1189 necabar
415 1132 421 1145 ·
437 1130 604 1186 Memfi
622 1130 698 1186 ω
736 1128 899 1191 vineatam
919 1128 1142 1205 Epp.-Vot.v1,
1190 1101 1361 1172 fanaticos
1375 1101 1569 1172 multorom
1584 1101 1735 1177 furores.
1786 1101 1889 1172 Talia
1901 1102 2064 1194 pericula
2074 1103 2114 1172 in
2128 1098 2186 1173 bac

172 1260 176 1265 .
244 1223 272 1277 p.
287 1203 340 1256 906
354 1211 381 1256 et
413 1201 456 1255 ¹⁶·
1193 1199 1382 1274 hominum
1399 1202 1642 1273 imbecillitate
1665 1227 1804 1297 semper
1819 1206 2008 1275 metuenda
2026 1219 2135 1290 suut,
2157 1216 2187 1276 et

448 1366 456 1380 .
662 1362 671 1381 .
838 1365 847 1381 .
1193 1308 1361 1375 adversus
1378 1329 1416 1375 ea
1434 1330 1507 1374 non
1525 1305 1640 1374 solum
1665 1307 1866 1377 eruditione
1911 1308 2170 1379 etnostravi'

145 1369 273 1441 ‘’wll‘'
302 1354 525 1459 mmm]
554 1357 603 1432 de
618 1358 731 1483 ,dm
754 1363 895 1443 ΜΨ
918 1359 1003 1437 5¹⁸³
1029 1366 1145 1435 PM
1193 1408 1323 1491 lautia,
1350 1423 1385 1477 et
1401 1410 1598 1477 constantia
1614 1421 1750 1479 mentes
1766 1357 1982 1479 muniendae
1998 1422 2110 1494 sunt,
2134 1330 2187 1480 ξεῖ

360 1462 473 1535 ”elba
500 1485 586 1535 mea
613 1487 655 1535 m
680 1486 744 1536 Μ
771 1473 836 1536 ωο
860 1474 931 1537 etc'
1194 1509 1300 1581 etiam
1324 1506 1420 1579 Deus
1449 1509 1606 1579 orandus
1632 1525 1702 1596 est,
1735 1524 1775 1582 ut
1797 1510 1872 1603 ipse
1900 1511 2076 1592 insidias,
2108 1535 2186 1607 quac

147 1601 329 1690 Condidit
344 1609 441 1681 Deus
456 1633 566 1700 genus
584 1605 780 1680 humanum
798 1611 842 1679 ad
863 1610 1084 1693 societatem,
1109 1619 1145 1678 et
1194 1636 1297 1705 saepe
1321 1623 1510 1682 struuntur
1534 1611 1706 1701 singulari
1721 1612 1867 1693 astutia,
1899 1613 2076 1706 depellat.
2125 1613 2181 1687 tc·

148 1715 393 1810 generatione,
425 1713 653 1797 educatione,
686 1712 927 1797 institutione,
952 1710 1145 1781 contracti·
1194 1716 1317 1784 cedere
1347 1729 1465 1785 tamen
1496 1711 1535 1784 in
1568 1714 1674 1785 nobis
1704 1715 1866 1785 discendi
1894 1739 2020 1787 curam
2048 1728 2184 1809 oportet,

146 1825 233 1904 bus,
259 1816 437 1907 imperiis,
463 1827 498 1883 et
521 1815 644 1884 multis
665 1815 802 1904 magnis
822 1829 858 1886 et
874 1814 1047 1883 mirandis
1062 1811 1146 1881 vin·
1194 1841 1301 1911 quam
1324 1815 1526 1906 saepissime
1548 1816 1720 1908 praecipit
1740 1818 1955 1890 voxdivin'a.
2010 1815 2088 1889 Sed
2100 1844 2187 1890 snm-

149 1919 452 1994 culissocietatem
477 1916 647 1985 devinxit.
701 1914 791 1987 Vult
813 1918 908 1986 enim
926 1916 1145 1986 consociatos
1194 1943 1251 1988 ma
1273 1932 1325 1988 est
1346 1917 1472 1989 talium
1495 1932 1761 2011 praeceptorum
1786 1920 1825 1986 in
1853 1912 1910 1989 bis
1934 1919 2077 1991 verbis:
2111 1921 2187 1992 Pre-

149 2047 223 2095 esse
241 2018 421 2099 homines,
446 2031 488 2087 ut
507 2018 613 2086 simul
629 2042 737 2088 unam
756 2043 878 2089 vocem
902 2018 1084 2088 doctrinae
1100 2017 1145 2086 de
1196 2015 1340 2089 hendite
1364 2020 1525 2114 clypeum
1548 2020 1649 2100 fidei,
1673 2033 1714 2090 ut
1737 2021 1879 2113 possitis
1901 2021 2028 2092 omnia
2049 2024 2187 2096 telene-

149 2127 226 2200 Deo
242 2133 388 2204 sonent,
413 2135 448 2190 et
463 2119 525 2188 alii
539 2119 818 2197 alioserudiant.
872 2119 957 2190 ldeo
973 2134 1008 2190 et
1023 2133 1145 2189 coetus
1195 2122 1356 2216 quissimi
1370 2121 1515 2212 spiritus
1531 2121 1642 2212 ignita
1659 2123 1875 2213 extinguere.

30 2291 32 2295 ,
149 2250 223 2298 esse
238 2222 435 2296 Ecclesiam
453 2221 584 2301 voluit,
610 2223 707 2292 etita
723 2223 880 2294 instituit
894 2222 1145 2300 ministerium,
1297 2221 1346 2295 Ut
1361 2238 1477 2293 autem
1493 2222 1591 2309 alias,
1613 2248 1654 2294 er
1668 2224 1748 2295 aliis
1761 2226 1864 2295 dictis
1878 2229 2185 2300 commonefactio-

149 2345 190 2400 ut
206 2326 339 2420 publici
357 2338 392 2394 et
413 2318 655 2393 honestissimi
678 2348 884 2414 congressus
904 2326 1001 2395 liant.
1058 2321 1146 2391 Vult
1194 2349 1275 2397 nem
1300 2325 1534 2417 sumpsimus,
1569 2326 1618 2396 ita
1641 2350 1739 2396 nunc
1769 2328 1871 2396 vobis
1896 2352 2099 2420 proponam
2120 2327 2181 2400 hoc

150 2433 248 2503 enim
272 2427 414 2517 agnosci
436 2426 551 2495 filium
573 2449 594 2495 a
620 2440 693 2497 toto
713 2449 840 2516 genere
858 2420 1034 2506 humano,
1066 2423 1144 2494 vult
1195 2429 1342 2508 dictum,
1368 2429 1463 2522 quod
1482 2429 1574 2519 apud
1584 2424 1727 2498 Esaiam
1741 2428 1881 2518 legitur,
1900 2431 1966 2500 ubi
1975 2426 2182 2504 Deusacter·

149 2534 285 2626 ubique
312 2530 472 2600 exaudiri
496 2553 618 2599 vocem
643 2551 761 2614 suam,
790 2529 882 2599 sicut
907 2525 1069 2599 Psalmus
1087 2528 1146 2594 in·
1194 2554 1263 2599 nus
1286 2527 1391 2599 Pater
1413 2528 1563 2600 Domini
1593 2531 1706 2601 nostri
1735 2528 1813 2601 lesu
1837 2528 1976 2603 Christi
1999 2534 2118 2629 inquit
2143 2537 2182 2605 ad

149 2637 243 2730 quit:
271 2632 313 2702 ln
330 2656 472 2702 omnem
489 2645 618 2701 terram
633 2631 742 2702 exivit
756 2653 864 2701 sonus
878 2653 1013 2703 eorum.
1062 2627 1146 2699 Non
1194 2628 1382 2722 Evangelii
1403 2630 1611 2702 Ductorem:
1645 2629 1872 2703 Ponoverba
1893 2635 2181 2719 meainoretuo,

149 2738 229 2805 vult
244 2733 478 2823 Evangelium
505 2756 577 2802 esse
601 2756 728 2802 arcana
748 2729 952 2812 Eleusinia,
977 2755 1051 2800 non
1069 2731 1146 2800 vult
1195 2748 1230 2804 et
1259 2735 1387 2804 umbra
1415 2757 1542 2804 manus
1572 2757 1670 2805 meaa
1692 2749 1873 2827 protegam
1902 2753 1958 2819 te,
1993 2751 2039 2811 ut
2064 2740 2181 2834 plantes

152 2833 317 2907 homines
335 2837 529 2928 seiunctos,
555 2848 590 2907 et
604 2833 744 2904 abditos
759 2835 797 2902 in
811 2834 983 2917 latebras,
1004 2833 1145 2922 gignere
1197 2837 1325 2908 coelos.

113 2950 117 2971 ¹
151 2963 232 3010 suas
261 2939 430 3031 quasdam
462 2934 667 3025 opiniones,
698 2937 757 3004 sed
782 2935 1088 3026 congregationem
1112 2945 1147 3002 et
1298 2931 1489 3007 Odulcem
1514 2934 1722 3005 concionem
1742 2936 1908 3010 universo
1926 2943 2060 3030 generi
2076 2939 2177 3016 huns

152 3040 328 3122 instituit,
354 3052 388 3107 et
405 3035 593 3128 praecipit,
617 3052 658 3106 ut
672 3034 805 3107 Psalmi
818 3060 922 3129 saepe
935 3037 1078 3107 dicunt:
1104 3033 1146 3104 ln
1195 3064 1262 3123 no,
1289 3062 1379 3132 quae
1392 3038 1548 3130 primum
1565 3038 1790 3125 docentibus,
1815 3041 2095 3117 familiarissime
2107 3060 2176 3117 nou

152 3143 271 3215 medio
287 3138 464 3211 Ecclesiae
481 3139 636 3210 laudabo
653 3151 700 3212 te'.
750 3137 815 3211 Et:
842 3138 885 3209 ln
901 3138 1147 3209 conveniendo
1196 3165 1270 3212 esse
1292 3140 1417 3224 debet,
1442 3140 1574 3210 deinde
1596 3154 1630 3210 et
1648 3143 1780 3233 populo
1803 3166 1905 3234 saepe
1920 3146 2112 3219 recitanda
2127 3160 2178 3221 cst.

152 3244 305 3341 populos
325 3255 360 3313 ct
384 3264 482 3332 reges
505 3241 543 3309 in
567 3265 703 3328 unum,
735 3255 774 3313 ut
794 3241 952 3313 serviant
974 3239 1148 3311 Domino.
1196 3240 1363 3314 Alfirmat
1376 3240 1471 3312 enim
1495 3240 1614 3332 colligi
1629 3237 1822 3314 Ecclesiam
1838 3246 2007 3319 doctrina
2026 3251 2186 3322 divinitus

152 3346 307 3419 Addidit
326 3345 429 3414 etiam
459 3344 729 3435 promissionem
753 3343 1015 3433 congressibus:
1058 3339 1150 3414 Ubi·
1197 3345 1346 3429 tradita,
1372 3359 1408 3415 et
1422 3344 1568 3416 delendi
1583 3344 1705 3415 dextra
1722 3344 1790 3416 Dei
1808 3347 2056 3423 ministerium
2068 3367 2187 3426 eteoc-

153 3473 294 3541 cunque
313 3449 383 3516 duo
407 3464 468 3514 aut
494 3459 564 3515 tres
588 3445 876 3517 convenerintin
894 3446 1039 3515 nomine
1056 3466 1149 3529 meo,
1196 3462 1253 3519 tus
1275 3446 1507 3531 discentium,
1541 3446 1676 3539 etquis
1703 3448 1750 3520 sit
1780 3449 1974 3522 ministerii
2002 3455 2187 3548 evangelici

153 3552 204 3622 ibi
221 3576 299 3620 sum
317 3550 354 3616 in
371 3547 489 3615 medio
508 3571 642 3620 eorum.
1197 3563 1302 3621 autor
1322 3573 1362 3618 ac
1386 3548 1568 3632 defensor,
1602 3562 1636 3618 et
1663 3574 1754 3644 quae
1780 3552 1825 3620 sit
1848 3552 1988 3623 utilitas
2013 3572 2188 3631 monstret.

256 3649 501 3720 Haeccumita
520 3649 609 3729 sint,
630 3649 729 3718 decet
744 3668 810 3716 nos
828 3669 907 3717 curn
922 3647 1011 3718 alios
1026 3647 1149 3740 publi·
1196 3650 1294 3722 Haec
1312 3650 1472 3745 quotidie
1492 3647 1659 3719 omnibus
1674 3652 1761 3744 piis,
1786 3653 1939 3725 maxime
1960 3680 2051 3731 vero
2066 3662 2189 3733 docen-

154 3779 214 3826 cos
237 3750 415 3823 Ecclesiae
435 3773 640 3840 congressus
664 3749 721 3838 pie
745 3771 882 3835 amare,
907 3763 983 3821 tum
1002 3774 1085 3820 vero
1099 3749 1148 3819 li·
1197 3753 1294 3826 tibus
1308 3753 1494 3843 cogitanda
1508 3763 1602 3821 sunt.

155 3861 285 3927 benter
303 3849 360 3923 his
380 3852 511 3921 nostris
540 3851 775 3921 conventibus
796 3850 982 3938 interesse,
1016 3853 1079 3946 qui
1104 3852 1149 3920 ad
1297 3851 1476 3924 Exordiar
1497 3866 1614 3922 autem
1636 3852 1965 3944 interpretationem
1983 3863 2189 3939 dietiabnc

155 3959 378 4030 retinendam
411 3955 593 4023 doctrinae
632 3953 820 4044 puritatem
854 3967 888 4025 et
921 3955 1148 4025 concordiam
1198 3981 1260 4028 seu
1280 3956 1406 4026 effectu
1427 3954 1639 4040 ministerii,
1671 3956 1803 4050 dequo
1820 3959 2076 4051 concionatur,
2099 3969 2190 4040 vide·

155 4063 262 4131 utiles
284 4071 378 4130 sunt.
438 4052 491 4125 Ae
511 4057 668 4147 prolecto
690 4051 783 4124 nihil
808 4054 847 4124 in
871 4057 944 4128 vita
961 4051 1148 4127 hominum
1199 4060 1280 4128 licet
1302 4059 1348 4126 ab
1367 4053 1432 4125 hac
1448 4054 1634 4148 particula:
1661 4055 1710 4129 Ut
1733 4058 1869 4150 plantes
1886 4062 2016 4134 coelos.
2053 4065 2191 4141 Nomi.

115 4170 116 4174 ’
156 4157 341 4255 pulchrius
366 4171 401 4227 et
420 4158 559 4226 dulcius
583 4174 653 4242 est,
688 4181 794 4252 quam
821 4161 952 4229 multos
978 4160 1092 4228 bonos
1116 4170 1151 4226 et
1199 4174 1262 4230 nat
1285 4155 1382 4228 Deus
1404 4154 1616 4240 Ecclesiam,
1650 4158 2192 4264 coelestemhortum,q1fiaad

157 4267 280 4336 doctos
311 4261 405 4328 viros
436 4262 645 4341 convenire,
679 4273 714 4330 et
745 4259 789 4329 de
818 4261 978 4332 doctrina
1008 4259 1151 4330 coelesti
1199 4262 1492 4333 consuetudinem
1523 4262 1703 4331 aeternam
1738 4287 1818 4332 cum
1848 4262 1924 4334 Deo
1951 4280 1989 4338 et
2011 4270 2090 4341 lilio
2122 4276 2190 4347 cius

159 4380 319 4436 amanter
333 4362 507 4454 colloqui,
533 4365 693 4433 conferre
708 4363 918 4448 sententias,
942 4374 978 4433 et
992 4362 1151 4432 illustra·
1199 4363 1388 4453 colligitur.
1445 4357 1497 4431 Ea
1522 4364 1742 4433 consuetudo
1762 4364 1872 4436 vineit
1889 4371 2110 4446 amoenitate
2123 4400 2192 4448 non

157 4484 192 4540 ta
218 4465 383 4544 veritate,
418 4486 491 4533 sese
512 4478 547 4534 et
570 4466 659 4534 alios
675 4465 718 4533 ad
736 4464 859 4549 tidem,
890 4466 1053 4534 timorem
1070 4461 1151 4547 Dei,
1200 4466 1314 4537 solum
1339 4476 1493 4534 caeteros
1514 4456 1638 4536 honos
1657 4487 1796 4547 omnes,
1829 4481 1864 4537 et
1882 4468 2027 4560 politiae
2052 4494 2190 4551 cuncta

159 4585 193 4641 et
218 4571 261 4638 ad
287 4566 547 4636 invocationem
569 4566 784 4650 ,exsuscitem
814 4579 850 4635 et
873 4566 921 4638 ita
943 4566 1153 4636 confirmare
1199 4590 1430 4663 quaecunque
1441 4566 1599 4650 scierunt,
1621 4567 1803 4636 sedetiam
1819 4570 2098 4661 primumillum
2114 4576 2190 4653 bor·

158 4687 310 4753 mentes,
337 4664 507 4738 neaDeo
520 4669 704 4751 aberrent,
729 4690 819 4736 neve
834 4668 873 4736 in
886 4667 1054 4746 Ecclesiis
1069 4669 1153 4737 lim-
1199 4684 1294 4750 tum,
1321 4669 1359 4737 in
1382 4692 1454 4762 quo
1474 4690 1586 4757 genus
1607 4661 1804 4740 humanum
1822 4672 2008 4744 conditum
2027 4693 2095 4754 est.
2144 4671 2191 4755 Ae

159 4775 263 4866 pidos
278 4773 392 4840 fontes
406 4772 588 4840 doctrinae
601 4769 739 4840 turbari
752 4769 887 4856 sinant,
911 4770 1071 4841 admistis
1084 4770 1152 4840 fal·
1199 4794 1337 4863 semper
1353 4769 1520 4840 omnibus
1534 4770 1573 4839 in
1594 4785 1783 4861 conspectu
1797 4773 1842 4843 sit
1859 4768 1917 4844 hic
1932 4774 2035 4866 linis,
2057 4797 2097 4855 et
2113 4781 2190 4857 baec

159 4877 207 4945 sis
220 4873 463 4966 opinionibus.
1201 4887 1305 4944 meta.
1364 4871 1513 4965 Semper
1535 4872 1750 4961 cogitemus,
1782 4887 1818 4945 et
1845 4876 2009 4948 conditos
2030 4905 2110 4957 esse
2131 4883 2188 4961 bo-

264 4974 411 5044 Necesse
427 4988 479 5043 est
494 4987 610 5043 autern
627 4995 707 5057 eos,
733 4972 795 5065 qui
811 4985 981 5064 praesunt
995 4996 1154 5051 convene
1201 4976 1333 5058 mines,
1358 4986 1394 5044 ct
1415 4997 1478 5064 per
1498 4973 1609 5042 lilium
1624 4972 1691 5045 Dei
1714 4999 1755 5043 ex
1783 4987 1927 5047 aeterno
1949 4982 2061 5055 exitio
2088 5004 2189 5063 reu..

159 5081 272 5160 tibus,
308 5077 609 5145 commonefacere
633 5074 721 5143 alios
747 5076 791 5143 de
812 5087 933 5145 nostro
949 5076 1086 5159 allicio,
1112 5099 1152 5144 ac
1200 5091 1293 5159 ctos,
1320 5089 1353 5145 et
1369 5074 1588 5144 vocedivina
1603 5075 1722 5145 vocari
1737 5079 1780 5147 ad
1796 5071 1893 5150 hunc
1907 5097 2077 5176 portum,
2103 5107 2143 5166 ut
2155 5093 2187 5165 in

159 5181 346 5275 praecipue
367 5179 411 5243 de
427 5201 510 5245 cura
535 5176 713 5260 discendi,
739 5187 772 5243 et
790 5176 997 5246 retinendae
1015 5175 1153 5269 purita-
1200 5177 1300 5248 omni
1320 5177 1546 5260 aeternitate,
1572 5192 1761 5270 conspectu
1783 5179 1874 5267 Dei,
1903 5195 1938 5253 et
1959 5189 2188 5268 societateca-

160 5285 206 5353 tis
221 5281 414 5351 doctrinae.
468 5275 521 5347 De
536 5274 604 5348 boc
618 5290 843 5367 argumento,
867 5278 933 5348 etsi
950 5301 1052 5370 saepe
1066 5279 1152 5346 alias
1202 5281 1356 5372 pientiae
1373 5290 1407 5347 et
1423 5278 1583 5348 iusticiae
1599 5279 1675 5349 eius
1692 5280 1864 5353 fruamur.

160 5408 178 5451 a
203 5407 259 5450 me
284 5382 418 5449 dictum
445 5393 515 5464 est,
548 5393 664 5448 tamen
685 5394 718 5448 et
735 5403 851 5463 nunc,
876 5393 918 5449 ut
935 5380 1028 5449 idem
1047 5402 1151 5469 argu·
1304 5379 1411 5450 Hunc
1429 5380 1535 5449 linem
1560 5380 1759 5472 prospicere
1784 5396 1818 5454 et
1838 5399 2019 5478 expetere,
2046 5409 2083 5468 et
2098 5414 2185 5470 ame-

80 5531 85 5545 .
159 5499 320 5553 mentum
335 5493 510 5570 repetam,
536 5495 735 5574 temporum
751 5481 917 5573 periculis
933 5504 1088 5554 moveor.
1201 5483 1292 5554 ferre
1309 5482 1477 5555 omnibus
1492 5481 1572 5552 aliis
1586 5482 1692 5553 rebus
1706 5500 1864 5577 oportet,
1890 5514 1960 5584 qua
1977 5492 2017 5563 in
2034 5504 2185 5575 conside·
