4664 6022
147 330 223 401 Μ
704 285 867 369 DECL.
906 282 983 364 DE
1014 282 1319 368 nocsutttt
1351 282 1619 367 ΑΝΑΤΟιι
1759 332 1760 337 ¹
2107 296 2180 372 944

146 498 186 571 in
216 487 391 581 θυμικῷ,
438 467 628 546 horrendis
659 465 788 559 poenis
818 462 941 538 delens
974 476 1136 537 naturam
1288 461 1379 539 Cum
1401 479 1520 539 autem
1543 444 1766 559 agnoscimus
1785 463 1881 539 hanc
1908 467 2115 539 mirandam
2138 469 2182 538 st.

147 606 292 691 propter
307 585 458 665 scelera,
483 587 517 644 et
531 594 736 666 quanquam
756 569 912 641 nuncin
934 564 1000 641 hac
1022 568 1138 663 pravi·
1188 569 1429 640 militudinem
1447 569 1660 643 noticiarum
1686 572 1726 640 in
1751 572 1932 642 mentibus
1960 566 2135 642 humanis
2154 588 2183 644 et

148 709 218 769 tate
242 702 408 770 naturae,
434 677 496 750 alii
522 675 627 745 etiam
650 673 772 745 vitiosi
796 673 949 763 impetus
970 673 1009 743 in
1034 673 1139 742 corde
1190 673 1228 741 in
1244 672 1673 763 divina„cogitemusnos
1689 673 1976 745 vereDeocurae
1991 697 2081 754 esse,
2108 698 2183 745 cum

146 795 407 869 accenduntur,
433 795 553 852 tamen
569 778 674 850 etiam
689 802 770 849 cnm
787 778 825 847 id
842 775 897 861 fit,
923 798 1059 867 semper
1077 797 1138 842 ex·
1189 798 1244 845 res
1268 773 1307 844 in
1331 775 1408 867 ipso
1432 776 1602 868 optimas,
1641 777 1776 847 scilicet
1802 776 1999 870 sapientiae
2026 799 2113 846 suae
2133 801 2185 846 ra·

146 914 283 970 tremus
300 910 334 964 et
349 882 611 960 valentissimus
627 905 744 952 comes
763 892 815 951 est
830 873 889 950 hie
904 880 1052 960 vindex,
1076 873 1137 969 qui
1190 877 1286 962 dios,
1313 878 1351 946 in
1368 903 1434 949 nos
1450 879 1690 949 transfuderit.
1743 878 1837 950 Sunt
1852 895 1886 951 et
1903 876 1971 949 hae
1986 879 2184 953 divinitatis

147 1014 201 1072 est
215 996 333 1069 divini
348 988 473 1064 iudicii
489 998 607 1058 custos
623 998 656 1057 et
672 998 846 1057 executor.
896 980 989 1052 Hasec
998 977 1065 1048 Dei
1078 1000 1138 1045 ve·
1190 982 1336 1051 umbrae
1351 980 1527 1061 innobis,
1551 986 1648 1075 quod
1666 997 1810 1053 nostrae
1823 997 1960 1052 mentes
1973 981 2184 1072 cogitatione

45 1092 49 1099 ¹
146 1098 305 1191 stigiain
323 1094 429 1167 nobis
447 1092 535 1164 adeo
550 1111 711 1183 expressa
727 1102 762 1160 et
775 1086 960 1178 conspicua
972 1094 1074 1165 sunt,
1099 1092 1139 1148 ut
1190 1083 1555 1173 formant'imagines,
1580 1099 1615 1155 et
1633 1088 1730 1178 quod
1752 1085 1897 1176 spiritus
1921 1086 1998 1156 nati
2022 1086 2062 1153 in
2086 1087 2185 1154 corde

116 1275 119 1279 ,
148 1206 338 1299 plusquam
365 1194 567 1295 cyclopicus
583 1194 684 1265 furor
698 1193 760 1277 sit,
782 1189 877 1260 nolle
890 1209 930 1257 es
943 1205 1138 1273 agnoscere,
1191 1187 1393 1257 adfectuum
1426 1187 1587 1258 flammas
1622 1201 1804 1279 spargunt.
1873 1185 1952 1256 Hae
1987 1187 2184 1278 propositae

149 1322 185 1379 et
209 1306 272 1400 qui
297 1328 372 1376 sese
395 1296 593 1395 aspiciunt,
620 1296 722 1367 fateri
744 1304 920 1383 cogeantur
942 1283 1026 1357 baec
1051 1306 1139 1378 quae
1192 1301 1293 1372 sunt,
1313 1302 1355 1359 ut
1375 1312 1455 1358 cum
1478 1278 1642 1361 audimus
1658 1291 1772 1365 filium
1787 1290 1859 1360 Dei
1878 1288 2065 1358 nominari
2084 1291 2185 1380 patris

149 1410 306 1484 dicimus
324 1402 507 1479 verissima
526 1424 611 1473 esse.
1193 1392 1326 1461 aeterni
1350 1391 1559 1482 imaginem,
1585 1388 1647 1464 καὶ
1666 1387 1799 1491 λόγον,
1825 1392 1924 1484 gigni
1950 1416 2034 1462 eum
2058 1391 2185 1480 cogita·

254 1508 320 1585 Est
351 1525 469 1583 autern
499 1508 537 1576 in
556 1502 632 1576 Deo
661 1515 695 1572 et
722 1495 790 1569 hoc
811 1496 934 1576 tieem,
967 1490 1061 1583 (11¹0d
1089 1498 1139 1557 est
1192 1493 1289 1563 tione
1313 1494 1511 1580 discamus,
1537 1495 1702 1586 spiritum
1725 1518 1810 1564 vero
1831 1494 2014 1564 flammam
2040 1517 2114 1564 esse
2134 1495 2185 1563 di-

148 1641 260 1714 egens
276 1617 444 1695 liberum,
467 1612 542 1682 eius
558 1605 642 1677 boni
658 1601 846 1691 imaginem
862 1595 899 1663 in
916 1595 1020 1663 nobis
1033 1592 1139 1661 etiam
1194 1595 1269 1665 vini
1286 1597 1428 1670 amoris.
1480 1599 1522 1664 In
1537 1592 1665 1667 harum
1680 1599 1913 1667 maximarum
1931 1620 2060 1665 rerum
2075 1598 2181 1666 consi·

149 1722 313 1818 conspici
335 1717 471 1801 voluit,
502 1712 598 1808 quod
625 1720 661 1777 et
684 1707 728 1775 sd
750 1696 1040 1791 gubernationem
1063 1716 1141 1761 mo·
1194 1699 1378 1768 deratione
1394 1721 1460 1768 nos
1476 1698 1640 1769 adiuvari
1654 1701 1879 1791 adspectione
1897 1713 2053 1770 naturae
2075 1694 2178 1768 homi-

150 1852 234 1903 rum
254 1827 344 1899 utile
360 1835 433 1907 est,
457 1819 702 1905 obtemperant
725 1808 779 1898 spi
799 1796 1006 1900 ἡγεμονικῷ
1028 1795 1142 1875 nervi,
1194 1801 1251 1870 nis
1280 1801 1463 1872 fatendum
1495 1816 1562 1871 est:
1592 1801 1674 1871 ideo
1696 1802 1793 1872 enim
1820 1802 1968 1891 vestigia
1992 1801 2181 1873 divinitatis

151 1949 188 2008 et
218 1943 339 2002 motus
371 1917 565 1996 voluntarii
599 1912 848 1985 instrumenta,
897 1901 946 1970 ita
982 1911 1022 1968 ut
1050 1898 1142 1967 ciere
1194 1904 1307 1974 multa
1329 1903 1433 1974 nobis
1452 1904 1621 1995 impressa
1638 1920 1742 1985 susat,
1766 1917 1806 1973 ut
1821 1926 2059 1994 agnoscamus
2076 1899 2183 1974 archi-

150 2036 314 2112 membra
342 2043 488 2101 externa
517 2040 582 2088 suo
609 2008 757 2084 arbitrio
789 2003 910 2097 possit.
978 1996 1142 2071 Retrahit
1194 2018 1348 2090 tectum,
1379 2019 1413 2076 et
1443 2019 1517 2077 tota
1548 2020 1668 2076 nostra
1691 2008 1763 2078 vita
1788 2009 1833 2076 ad
1858 2030 2026 2077 normam
2052 2008 2183 2077 divinae

151 2136 334 2216 Achillem
355 2127 399 2204 τὸ
422 2108 661 2226 ἡγεμονικὸν,
695 2123 875 2181 ermanus
898 2099 1057 2188 cohibet,
1096 2126 1142 2172 ne
1196 2108 1324 2180 mentis
1344 2122 1532 2198 congruat,
1565 2110 1666 2180 cuius
1691 2110 1730 2178 in
1752 2132 1818 2178 nos
1841 2109 2047 2180 similitudo
2078 2124 2182 2181 trans-

152 2239 370 2318 interficiant
394 2230 715 2320 Agamemnonem,
746 2210 805 2280 sed
833 2207 990 2297 gladium
1019 2228 1143 2276 rursus
1193 2212 1270 2281 fusa
1284 2224 1345 2282 est.
1372 2208 1573 2331 ‘Additum
1591 2226 1708 2281 autem
1732 2224 1784 2281 est
1799 2208 2008 2306 θρεπτικὸν
2032 2213 2180 2305 superin-

151 2350 195 2420 in
210 2344 375 2436 vaginam
394 2330 560 2405 condant.
612 2310 863 2389 Rtttlibtrtts
880 2310 919 2378 511
935 2308 1041 2378 nobis
1059 2309 1144 2378 reli·
1194 2314 1296 2385 ribus
1317 2314 1472 2400 viribus,
1507 2338 1579 2407 quo
1600 2337 1706 2406 opere
1733 2326 1881 2384 testatur
1911 2310 2127 2387 architectus
2150 2338 2180 2384 se

150 2474 225 2549 qua
239 2460 307 2528 est,
330 2456 366 2512 et
379 2448 420 2508 ut
435 2432 482 2504 sit
496 2418 664 2499 frenatritt
681 2412 875 2485 errantium
898 2412 1143 2504 cupiditatum,
1196 2416 1301 2488 etiam
1327 2417 1420 2488 vitae
1443 2440 1631 2508 corporum
1656 2416 1857 2501 consulere,
1885 2440 1922 2486 se
1941 2418 2038 2487 velle
2061 2419 2178 2488 nutrire

154 2569 190 2627 et
206 2534 523 2622 commonefaciant
537 2546 620 2603 nos.
647 2518 764 2591 Deum
783 2538 864 2584 Vere
880 2537 954 2584 0⁵⁸0
976 2536 1082 2604 egens
1095 2514 1143 2583 li·
1194 2535 1230 2591 et
1243 2520 1364 2589 fovere
1380 2515 1578 2589 humanum
1594 2539 1717 2606 genus.
1757 2516 1808 2587 lta
1825 2520 2060 2611 providentia
2074 2522 2176 2590 divina

152 2660 300 2736 berum,
326 2664 402 2716 nean
426 2632 520 2708 euim
542 2650 561 2697 a
585 2643 685 2695 servu
711 2630 859 2700 natura,
885 2617 989 2710 quale
1009 2638 1142 2687 numen
1195 2637 1230 2694 et
1259 2644 1361 2691 amor
1389 2642 1471 2713 erga
1500 2643 1566 2690 nos
1595 2620 1635 2689 in
1667 2619 1836 2692 omnibus
1857 2622 2017 2693 aedificii
2039 2623 2174 2717 partibus

151 2762 293 2849 lingunt
311 2740 440 2826 Stoici,
466 2732 616 2804 liberum
633 2742 737 2811 agens
753 2719 860 2788 condi
879 2720 1060 2810 potuisset.
1195 2723 1423 2817 conspicitur.

257 2852 440 2924 Praeterea
457 2840 537 2908 stent
556 2836 589 2899 at
606 2823 695 2897 aliae
709 2822 747 2890 in
763 2822 867 2891 nobis
886 2823 1058 2912 imagines
1072 2821 1144 2892 Dei
1298 2824 1514 2899 Confirmata
1530 2837 1647 2895 antem
1665 2826 1867 2897 assensione
1884 2829 1930 2896 de
1956 2828 2167 2918 providentia,

152 2964 344 3052 impressae
366 2938 491 3019 notata.
522 2942 560 3003 ut
586 2925 658 2997 ⁸1⁰1
674 2938 709 2995 et
730 2925 1079 2994 commonefartrices
1100 2926 1145 2993 de
1196 2941 1316 3021 postea
1338 2940 1537 3020 sequuntur
1561 2942 1715 3000 caeterae
1739 2929 1908 3013 virtutes,
1938 2954 2078 3022 quamn
2092 2951 2161 2997 nor-

154 3064 252 3157 lpsu,
279 3064 312 3125 et
328 3046 397 3119 sint
416 3038 586 3111 virtutum
604 3027 738 3099 semina
753 3041 788 3096 et
804 3025 958 3110 stimuli,
980 3027 1145 3096 videlicet
1196 3053 1274 3100 mae
1289 3029 1411 3102 lucent
1422 3031 1461 3098 in
1477 3030 1668 3104 mentibus.
1721 3029 1832 3100 Tueri
1852 3028 1921 3101 hoc
1936 3028 2013 3102 Dei
2025 3031 2164 3123 tenplum

154 3148 309 3259 σιοιιγιιῖ
322 3200 330 3231 .
358 3158 458 3220 amatr
473 3129 607 3211 tubulis
625 3127 663 3199 in
684 3129 910 3220 parentibus,
937 3140 973 3199 et
989 3130 1145 3199 benevo·
1197 3134 1419 3216 studeamus,
1444 3154 1518 3201 non
1534 3132 1699 3217 cedibus,
1726 3156 1799 3202 non
1824 3134 2098 3225 intemperantia
2110 3133 2170 3199 vio·

153 3262 263 3341 letttls
289 3258 325 3327 lu
350 3238 471 3321 atalanta
494 3254 575 3323 arga
597 3244 778 3325 parentes,
802 3230 1046 3300 misericordia
1064 3252 1143 3321 erga
1198 3235 1329 3318 lemos,
1363 3256 1438 3305 non
1461 3234 1663 3324 polluamus
1690 3234 1884 3306 libidinum
1911 3235 2173 3309 confusionibus.

154 3360 387 3445 caletultnaos,
413 3335 571 3414 tlst'ansio
586 3332 799 3425 supplicum,
825 3333 1001 3403 amicitiae
1016 3357 1145 3427 aequa·
1200 3335 1371 3407 Videmus
1396 3336 1552 3426 singulas
1570 3351 1688 3428 partes
1707 3339 1751 3407 ad
1776 3339 1961 3425 ordinem,
1992 3354 2028 3412 et
2050 3339 2173 3410 modum

153 3470 243 3545 llum
269 3468 300 3527 et
328 3440 483 3523 htuwstls
505 3434 929 3507 atttcttsconiunesomm.
982 3431 1060 3505 Etsi
1081 3460 1145 3505 au·
1199 3452 1334 3510 certum
1350 3438 1459 3509 factas
1473 3461 1557 3508 esse.
1609 3436 1684 3508 Has
1700 3439 1747 3510 ita
1765 3463 1902 3531 regere,
1928 3455 1972 3513 ut
1985 3462 2176 3532 garumna·

153 3586 224 3649 ῑριιι
236 3552 363 3635 Stsslcls
379 3539 568 3621 stillantem
582 3534 806 3607 videturDeo
822 3538 977 3608 tribuere
992 3538 1146 3622 affectus,
1198 3555 1277 3611 tura
1298 3541 1471 3633 postulat,
1511 3540 1688 3612 iusticiam
1713 3565 1786 3612 esse
1808 3544 2069 3633 intelligamus.
2121 3540 2177 3612 Hir

154 3688 272 3749 „mm
300 3648 439 3753 epstsstlss
462 3642 502 3713 fn
525 3639 724 3711 calamitate
750 3641 882 3710 sobolis
905 3654 1069 3733 parentes
1091 3640 1146 3710 sui
1198 3644 1228 3713 si
1251 3645 1295 3713 de
1318 3642 1467 3734 singulis
1489 3644 1649 3735 partibus
1672 3645 1863 3716 dicendum
1885 3660 1998 3733 esset,
2016 3671 2114 3742 ¹qnae
2132 3645 2178 3714 di-

153 3766 284 3851 muttrls
301 3768 331 3825 st
352 3744 487 3823 alitteris
507 3742 655 3813 vulnere
672 3741 850 3827 sentiunt,
875 3743 1028 3834 cogitent
1047 3742 1146 3812 simi·
1198 3769 1381 3815 versatum
1410 3747 1580 3816 virtutum
1603 3746 1727 3816 officiis
1751 3749 1927 3834 serviunt,
1954 3751 2068 3820 nimis
2089 3750 2178 3835 longa

152 3876 224 3953 pm,
246 3874 403 3939 ppmram
422 3868 497 3923 etss
517 3845 556 3914 in
568 3842 645 3917 Deo
666 3866 748 3933 erga
770 3844 884 3915 filium
911 3860 946 3917 et
966 3869 1047 3937 erga
1069 3868 1147 3931 nos,
1198 3848 1317 3919 futura
1334 3861 1424 3918 esset
1440 3848 1587 3919 oratio,
1617 3846 1687 3919 Sed
1705 3862 1823 3919 tamen
1847 3874 1911 3921 vos
1933 3848 2127 3938 adher-tur,
2147 3863 2181 3920 ut

154 3994 237 4055 mm
255 3966 300 4039 als
314 3956 387 4037 tttta
402 3970 562 4045 expresse
576 3946 679 4019 elicit:
706 3943 777 4019 Hic
793 3960 844 4018 est
864 3948 959 4020 lilius
974 3972 1073 4019 meus
1089 3948 1147 4016 di·
1199 3952 1269 4023 iarn
1283 3964 1420 4020 mentes
1432 3964 1567 4021 vestrae
1581 3949 1698 4043 ipsum
1712 3945 1892 4023 hominem
1907 3953 2132 4040 intuentur,
2154 3964 2182 4022 et

154 4078 282 4153 fluam,
309 4082 381 4159 epto
396 4052 571 4135 delector,
593 4044 837 4125 huncaudite.
883 4049 974 4122 Vera
991 4075 1065 4121 non
1082 4052 1147 4121 sri—
1199 4054 1237 4123 in
1263 4053 1417 4145 partium
1444 4054 1651 4124 substantiis
1676 4054 2008 4127 dissimilitudinem
2033 4072 2182 4127 contem·

177 4174 255 4255 tte,
281 4184 353 4237 ssuss
371 4154 537 4229 sfsssulsts
555 4152 697 4224 dilectio
719 4165 770 4222 est
793 4153 832 4222 in
848 4151 923 4224 Deo
949 4177 1030 4245 erga
1054 4168 1147 4224 recte
1199 4157 1359 4249 plamini.
1420 4153 1498 4225 Stat
1522 4155 1658 4224 cerebri
1684 4157 1882 4246 fastigium,
1919 4171 1956 4228 et
1980 4181 2065 4230 suas
2086 4155 2183 4229 hahet
2224 4196 2227 4207 ·

171 4278 361 4355 ,possessum
377 4260 506 4353 ipsum,
528 4268 565 4327 et
579 4278 681 4337 vera,
707 4268 742 4326 et
755 4255 880 4347 ingens
893 4258 963 4342 ira,
988 4280 1079 4351 quae
1095 4270 1147 4326 est
1199 4259 1366 4329 cavitates
1383 4257 1571 4350 spirituum
1585 4259 1724 4350 plenas,
1750 4260 1897 4350 perinde
1913 4273 1955 4332 ut
1970 4256 2042 4333 hoc
2054 4263 2183 4334 coelun

153 4370 314 4457 ‚penales
337 4359 469 4433 studes
487 4368 523 4429 et
543 4372 671 4433 custos.
723 4356 817 4431 Sunt
833 4361 872 4428 in
888 4360 1086 4454 aliquibus,
1113 4373 1147 4430 et
1199 4361 1359 4432 ambiens
1376 4361 1505 4430 molem
1522 4361 1697 4454 reliquam
1716 4358 1930 4433 universam.

154 4462 508 4565 lissuiessspusedsm
529 4460 709 4545 flammae,
734 4463 790 4531 vel
813 4462 1023 4555 sapientiae,
1047 4462 1146 4532 utin
1301 4462 1435 4534 Natura
1458 4463 1564 4533 etiam
1588 4462 1725 4533 cerebri
1738 4461 1863 4533 similis
1879 4477 1930 4535 est
1945 4467 2103 4539 coelesti.
2144 4461 2184 4536 Et

155 4564 432 4655 uaticinantibus
459 4576 493 4635 et
526 4563 779 4636 excellentibus
806 4565 1021 4650 artificibus,
1056 4588 1147 4659 quo·
1197 4568 1289 4636 fiunt
1321 4566 1358 4637 in
1386 4589 1428 4634 eo
1453 4565 1611 4635 actiones
1635 4567 1835 4650 mirandae,
1867 4567 2050 4658 cognitio,
2082 4571 2183 4641 ratio-

152 4702 234 4761 ’.μη
252 4668 384 4745 fruticis
403 4664 533 4737 similia
556 4679 639 4737 sunt
661 4666 857 4755 vaticiniis,
883 4670 940 4741 vel
962 4666 1146 4740 fortitudi-
1199 4669 1352 4752 cinatio,
1383 4667 1606 4738 conservatio
1630 4667 1825 4758 imaginum
1848 4667 1887 4737 in
1908 4672 2107 4757 memoria,
2135 4695 2184 4741 re·

152 4782 229 4861 ests,
255 4786 294 4847 stt
311 4772 349 4843 tu
368 4765 584 4846 Alexandro,
633 4766 682 4840 tlt
698 4772 934 4845 motusetiam
952 4771 1146 4843 ostendunt
1198 4771 1368 4844 cordatio.
1423 4768 1522 4860 Quas
1537 4771 1692 4841 actiones
1715 4764 1791 4839 fieri
1811 4771 2006 4860 spirituum
2029 4797 2098 4865 ope
2119 4796 2183 4844 non

150 4874 429 4963 sustentatorem
453 4866 521 4943 net
543 4894 623 4942 essm
645 4866 864 4945 hominibus.
920 4873 1011 4947 Tam
1032 4873 1145 4945 multa
1197 4875 1349 4946 dubium
1374 4886 1443 4958 est,
1478 4886 1513 4943 et
1536 4894 1611 4942 esse
1634 4872 1734 4966 quasi
1755 4872 1976 4965 pulsationes
2000 4877 2182 4966 spirituum

149 4974 354 5059 sualmis
370 4972 532 5062 dellso,
555 4998 637 5047 cnm
653 4974 691 5047 in
712 4976 817 5047 nobis
838 4979 1037 5061 cernimus,
1057 4998 1145 5045 con·
1198 4979 1241 5047 ad
1266 4977 1402 5047 cerebri
1425 4999 1565 5067 corpus.
1633 4973 1797 5045 Nascitur
1823 4989 1943 5046 autern
1972 4978 2125 5070 spiritns
2151 4978 2181 5046 in

148 5078 284 5165 asweri
306 5075 546 5151 walensem
571 5078 617 5149 de
636 5079 860 5173 providentia
879 5074 973 5151 nihil
992 5077 1143 5150 dubium
1197 5082 1322 5164 corde,
1349 5094 1384 5150 et
1399 5093 1519 5171 postea
1543 5099 1653 5147 novas
1670 5076 1780 5160 vires,
1802 5100 1934 5147 novam
1957 5078 2076 5151 lucem
2101 5081 2183 5153 acci·

147 5197 214 5267 set,
264 5178 363 5257 llaec
375 5194 494 5253 sutem
509 5182 663 5255 assensio
680 5181 762 5255 fons
778 5197 830 5255 est
843 5185 1037 5255 multarum
1055 5181 1144 5251 alia·
1197 5182 1308 5276 pitin
1332 5184 1487 5252 cerebro.
1539 5177 1635 5251 llaec
1650 5177 1713 5249 etsi
1729 5179 1892 5251 nondum
1910 5183 2182 5277 introspicimus

146 5308 230 5373 rw
249 5284 431 5357 simenem
482 5280 530 5359 Ut
545 5298 661 5360 sutem
680 5278 765 5357 haec
781 5286 982 5359 testimonia
1002 5297 1145 5356 utcum-
1196 5299 1315 5356 tamen
1331 5286 1458 5358 existat
1474 5284 1514 5354 in
1531 5281 1637 5353 nobis
1657 5292 1839 5353 tantorum
1861 5305 2015 5373 operum
2037 5288 2181 5358 admira·

142 5386 330 5501 quaerut
352 5400 384 5451 ct
410 5386 562 5483 fratelligi
583 5388 739 5485 possint,
759 5387 960 5463 aedificium
984 5384 1143 5466 hominis
1196 5388 1268 5472 tio,
1292 5401 1326 5460 et
1342 5387 1450 5458 simul
1468 5382 1601 5478 opificii
1615 5396 1650 5456 et
1662 5378 1860 5455 conditoris
1874 5389 2081 5461 reverentia
2102 5388 2180 5460 exci-

144 5488 256 5601 uplst
272 5502 424 5589 ομνια,
1069 5496 1072 5501 ’
1195 5505 1302 5566 tetur.
1354 5489 1437 5569 Non
1457 5487 1547 5560 coeli
1570 5485 1722 5583 puritas,
1755 5508 1830 5562 nen
1853 5476 2043 5561 stellarum
2065 5493 2179 5584 fulgor,
2224 5484 2227 5529 ⁴
