4664 6022
32 291 115 376 765
202 298 208 308 '
576 282 737 375 DECD.
769 290 846 372 DE
877 281 1216 371 DOROTHEA
1247 274 1549 366 PRINCIPE.
2009 292 2086 368 766

33 469 119 545 luit.
171 465 243 539 Hic
270 466 301 537 si
324 465 433 539 velim
455 462 635 542 rhetorico
657 494 758 542 more
779 471 824 541 de
844 468 1034 564 splendore
1083 463 1201 538 ninam
1223 479 1259 539 et
1283 459 1428 535 Annam
1448 455 1639 554 Sophiam,
1665 486 1756 558 qnae
1776 466 1883 539 unice
1905 481 2080 561 superstes

31 570 211 645 natalium
240 569 379 653 dicere,
412 585 446 642 et
475 573 520 642 de
546 568 809 645 Cimbricorum
832 571 972 665 Regum
999 586 1034 643 et
1083 582 1148 640 est.
1207 566 1344 640 Lucere
1374 580 1491 637 antem
1515 564 1629 636 virtus
1651 565 1827 640 Dominae
1850 569 1888 639 in
1911 572 2079 663 coniugio

30 678 81 746 de
125 668 398 743 Marchionurn‘
423 671 799 768 Brandebnrgensium
851 676 1032 762 laudibus,
1081 669 1272 764 praecipue
1298 670 1408 764 cepit,
1441 670 1479 736 in
1507 691 1580 761 qno
1603 692 1684 739 cum
1708 675 1752 741 ad
1777 696 1941 742 normam
1964 674 2080 744 coele-

30 800 144 872 quarn
159 777 265 864 longa
281 775 437 847 narratio
451 777 571 847 lutura
586 779 699 850 esset?
731 777 800 851 Sed
815 792 924 850 totam
939 771 1031 849 hanc
1080 786 1189 859 stem,
1215 786 1329 844 totum
1347 772 1441 842 vitae
1457 771 1673 842 curriculum
1693 774 1871 865 dirigeret,
1899 770 1991 845 hanc
2009 777 2078 846 sibi

29 893 171 974 partem
189 890 390 970 praetereo,
417 879 500 972 quia
519 879 584 950 etsi
600 895 652 952 est
663 904 833 972 magnum
851 882 956 952 decus
971 904 1029 970 ge·
1080 872 1182 945 Pauli
1210 875 1368 966 regulam
1397 875 1602 967 proposuit,
1636 879 1928 969 complectentem
1953 900 2078 948 omnes

29 982 132 1053 neris
153 980 339 1064 nobilitas,
365 1004 472 1073 quarn
495 981 608 1051 fateor
629 983 734 1054 etiam
756 984 935 1078 quandam
956 1005 1029 1052 esse
1077 977 1157 1069 piae
1178 991 1364 1048 matronae
1383 977 1547 1049 virtutes:
1574 990 1736 1047 servatur
1756 981 1967 1071 mulierper
1982 980 2076 1051 fitio-

28 1084 177 1154 virtutis
207 1076 492 1162 inchoationem,
528 1096 645 1153 tamen
676 1085 745 1156 alia
775 1100 859 1157 sunt
889 1086 1028 1155 veriora
1077 1103 1158 1149 rum
1174 1081 1453 1171 generationem,
1479 1079 1509 1149 si
1523 1079 1692 1150 manserit
1706 1081 1745 1151 in
1759 1082 1845 1169 fide,
1869 1082 2075 1170 dilectione,

27 1196 254 1258 ornamenta.
308 1182 444 1257 Didicit
459 1184 578 1257 literas
593 1200 628 1258 et
641 1187 813 1258 sinceram
830 1187 1027 1258 doctrinam
1077 1183 1260 1254 sanctitate
1278 1195 1313 1252 et
1328 1182 1511 1256 modestia.
1814 1204 1819 1211 ·

28 1290 77 1363 de
92 1286 170 1357 Deo
191 1299 225 1356 et
247 1286 321 1354 filio
340 1286 435 1367 eius,
460 1284 619 1359 Domino
636 1302 759 1361 nostro
777 1288 857 1361 lesu
872 1284 1028 1374 Christo,
1181 1282 1342 1355 Primum
1353 1297 1447 1355 recte
1460 1284 1680 1377 intelligebat
1692 1286 1785 1358 vitae
1799 1310 1921 1378 genus,
1946 1287 2074 1382 inquo

27 1403 69 1463 et
92 1386 213 1458 omnia
237 1387 400 1459 exercitia
425 1388 584 1480 pietatis,
622 1404 656 1462 et
679 1392 830 1462 aliarum
853 1391 1026 1463 virtutum
1077 1399 1171 1457 erat:
1193 1387 1324 1458 sciebat
1338 1387 1564 1477 coniugium,
1586 1404 1622 1462 et
1635 1413 1840 1469 aerumnas,
1868 1413 1955 1485 quas
1970 1413 2072 1460 sexus

27 1491 167 1584 optima
181 1488 372 1581 disciplina
386 1492 577 1562 assuefacta
594 1505 656 1578 est,
676 1495 760 1564 inde
774 1518 887 1589 usque
903 1519 922 1564 a
938 1516 1028 1586 pue-
1076 1488 1262 1558 muliebris
1284 1488 1323 1558 in
1344 1502 1448 1580 partu
1470 1503 1504 1560 et
1529 1490 1738 1562 educatione
1760 1493 1894 1562 sobolis
1912 1493 2072 1577 sustinet,

26 1593 133 1677 titia,
168 1605 355 1682 parentum
379 1592 573 1683 diligentia.
625 1591 789 1690 Cumque
811 1621 885 1667 non
910 1596 1026 1666 solum
1075 1587 1153 1662 Deo
1174 1591 1333 1682 placere,
1355 1592 1416 1661 sed
1438 1593 1526 1663 adeo
1549 1593 1632 1663 addi
1657 1608 1821 1686 oportere
1838 1594 1986 1666 virtutes
2005 1618 2071 1664 ne·

25 1693 189 1769 studiose
213 1694 354 1764 audiret
375 1696 542 1767 docentes
563 1696 602 1765 in
626 1693 800 1783 Ecclesia,
834 1698 1026 1770 sedetiam
1076 1694 1261 1775 cessarias,
1294 1692 1450 1785 primum
1470 1695 1598 1780 fidem,
1629 1696 1759 1766 deinde
1782 1708 1945 1768 caeteras.
1999 1695 2070 1767 Ar-

26 1797 147 1869 libros
177 1795 350 1866 divinitus
379 1797 484 1867 nobis
514 1802 799 1885 commendatos,
829 1802 978 1893 scriptos
1006 1822 1025 1867 a
1075 1797 1182 1867 debat
1204 1809 1321 1867 autem
1344 1797 1383 1865 in
1398 1810 1541 1888 pectore
1561 1798 1636 1866 eius
1652 1798 1735 1869 fidei
1751 1798 1874 1869 lumen
1889 1801 1977 1869 adeo
1994 1822 2071 1868 non

26 1893 222 1990 Prophetis
236 1892 472 1991 etApostolis,
494 1913 528 1970 et
540 1902 763 1973 eruditorum
775 1904 1026 1995 explicationes
1075 1899 1285 1979 obscurum,
1324 1898 1428 1968 utin
1456 1900 1691 1991 professione,
1725 1901 1844 1972 studio
1875 1902 2070 1981 doctrinae,

26 2000 110 2094 ipsa
130 1999 262 2089 legeret
287 2000 507 2087 avidissime,
540 2024 714 2074 summam
738 2004 921 2075 doctrinae
945 2026 1027 2074 coe-
1076 1999 1114 2069 in
1130 2000 1270 2069 assidua
1286 1999 1606 2087 invocationeDei‚
1630 2003 1668 2071 in
1685 2003 1916 2073 moderandis
1929 2027 2071 2073 moero-

28 2101 127 2175 iestis
144 2102 191 2172 ita
206 2117 325 2174 mente
337 2103 518 2195 complexa
534 2118 586 2176 est
601 2105 796 2197 integram,
821 2122 861 2179 ut
876 2129 1025 2178 consen·
1074 2103 1177 2174 ribus
1197 2115 1233 2173 et
1257 2102 1443 2172 retinenda
1468 2103 1580 2173 animi
1603 2106 1801 2176 constantia
1819 2105 1913 2175 clare
1927 2105 2071 2197 conspi-

26 2225 110 2277 snm
136 2198 340 2276 Catholicae
362 2201 541 2276 Ecclesiae
564 2223 703 2290 nosset,
728 2222 763 2280 et
785 2234 869 2281 vero
891 2207 1024 2279 iudicio
1075 2216 1225 2278 seretur.
1282 2202 1356 2274 Nec
1381 2217 1520 2275 tantum
1551 2207 1761 2276 ceremoniis
1791 2230 1853 2277 seu
1877 2206 2100 2297 tragoediis·

27 2328 71 2379 sc
96 2318 173 2377 toto
203 2320 345 2398 pectore
371 2309 660 2400 amplecteretur,
693 2325 729 2381 et
748 2296 837 2382 'salsa
860 2314 1025 2402 dogmata
1075 2306 1214 2377 colebat
1227 2303 1364 2391 Deum,
1389 2307 1450 2377 sed
1471 2306 1564 2376 veris
1585 2307 1722 2383 officiis.
1774 2306 1956 2379 Audiebat
1979 2333 2070 2402 quo-

26 2431 108 2485 non
135 2408 250 2478 solum
282 2409 419 2480 erudite
450 2412 640 2498 refutaret,
671 2413 732 2484 sed
765 2414 872 2486 etiam
898 2413 1027 2483 acriter
1074 2408 1164 2479 tidie
1202 2408 1464 2478 enarrationem
1500 2409 1684 2479 doctrinae
1715 2410 1894 2492 coelestis,
1931 2410 2070 2500 legebat

26 2521 269 2583 aversaretur:
295 2510 433 2604 luitque
454 2515 548 2606 apud
572 2529 709 2607 patrem
732 2530 767 2588 et
789 2518 935 2588 fratrem
950 2513 1026 2586 Re·
1075 2511 1173 2602 ipsa,
1205 2510 1400 2582 disserebat
1424 2535 1505 2580 cum
1529 2510 1697 2602 Principe
1717 2513 1762 2581 de
1782 2512 1981 2604 praecipuis
2003 2512 2071 2581 do·

26 2633 92 2702 ges
113 2609 351 2680 sanctissimos
373 2614 563 2703 monitrix,
593 2630 635 2688 ut
656 2641 747 2700 una,
777 2643 861 2689 vera
887 2631 921 2688 et
937 2641 1026 2687 con·
1074 2613 1208 2683 ctrinae
1231 2613 1413 2683 membris.
1463 2611 1537 2683 Nec
1562 2637 1662 2684 more
1676 2614 1876 2684 academico
1893 2613 2071 2707 quaslibet

25 2709 189 2784 sentiens
213 2712 418 2785 docentium
442 2740 510 2788 vox
534 2733 622 2791 esset
643 2721 682 2790 in
705 2716 893 2806 Ecclesiis,
922 2733 956 2791 et
980 2742 1026 2789 ne
1074 2712 1262 2808 opiniones
1283 2714 1341 2783 vel
1360 2715 1587 2800 admittebat,
1611 2715 1668 2784 vel
1689 2715 1904 2797 mirabatur,
1931 2729 1970 2786 ul
1992 2737 2071 2784 ”¹0⁸

27 2813 133 2883 locus
153 2814 349 2902 erroribus,
374 2815 437 2912 qui
452 2830 536 2891 tunc
551 2823 681 2913 passim
696 2823 866 2896 fanaticas
881 2820 1026 2915 opinio-

25 2936 96 2987 nes
114 2915 339 3004 spargebant,
359 2922 624 2997 concederetur.

132 3012 235 3085 Sicut
265 3017 351 3085 olim
375 3015 572 3090 Theodosii
600 3024 824 3112 imperatoris
846 3023 919 3091 lilia
941 3021 1025 3091 Pla-

25 3116 125 3193 cidia
148 3115 250 3184 fratri
267 3111 423 3187 Arcadio
444 3122 616 3191 monitrix
637 3122 707 3192 tuit
726 3124 771 3192 de
789 3123 943 3214 puritate
960 3124 1026 3191 do-

27 3218 166 3293 etrinae
188 3217 392 3303 retinenda,
416 3233 451 3290 et
471 3233 592 3311 postea
612 3220 794 3295 Martiano
818 3222 1025 3315 imperatori

24 3312 225 3403 brueris,
248 3319 294 3388 de
317 3321 453 3415 synodo
476 3317 761 3395 Chalcedonensi
784 3325 1025 3400 convocanda.

29 3416 108 3493 Nee
133 3421 352 3492 voluntatem
382 3417 473 3493 banc
492 3437 528 3495 et
550 3449 672 3496 curam
693 3427 901 3500 retinendae
924 3425 1025 3518 puri-

29 3517 118 3595 tetis
142 3522 325 3592 doctrinae
351 3548 508 3617 unquam
541 3528 723 3619 deposuit,
759 3532 821 3599 sed
850 3528 1025 3600 iudicium

27 3620 129 3694 idem
150 3616 246 3693 haud
270 3625 380 3695 dubie
395 3628 440 3696 ad
463 3629 704 3700 dulcissimam
721 3628 790 3702 Dei
806 3645 839 3703 et
857 3631 923 3701 lilii
938 3629 1025 3712 eins,

25 3719 292 3815 Prophetarum
315 3750 355 3796 ac
371 3721 646 3819 Apostolorum,
673 3731 830 3820 Mariae,
855 3729 972 3820 Evae,
991 3745 1027 3802 et

24 3839 154 3899 metus
187 3828 347 3899 coelestis
381 3830 539 3901 universi
570 3837 865 3907 consuetudinem
894 3833 1025 3907 attulit.

24 3924 126 4003 cum
149 3927 258 4018 igitur
278 3929 434 4024 inclytus
448 3929 620 4026 Princeps
635 3951 774 4023 noster,
800 3938 1026 4030 comperisset

24 4029 192 4103 indolem
221 4054 295 4101 esse
324 4032 362 4102 in
395 4057 435 4103 es
460 4037 695 4125 praeclaram,
727 4063 842 4110 mores
862 4040 1026 4132 optimos,

10 4132 253 4225 Jognitionem
281 4147 316 4204 et
341 4133 607 4208 invocationem
627 4137 697 4212 Dei
726 4165 868 4227 veram,
898 4141 1025 4212 coniu-

22 4234 130 4329 gium
151 4234 229 4305 eius
250 4249 285 4304 et
306 4234 367 4327 pio
392 4239 542 4309 consiliu
565 4242 755 4332 expetivit,
780 4256 813 4313 et
831 4244 1025 4312 assentien-

22 4336 128 4411 tibus
158 4350 256 4426 patre
285 4333 384 4426 Rege
412 4335 569 4425 Danico,
614 4355 649 4413 et
678 4343 895 4432 gravissimis
926 4344 1026 4431 regni

22 4438 273 4535 principibus,
298 4440 473 4512 obtinuit:
505 4440 610 4514 Venit
626 4444 734 4533 igitur
748 4445 840 4535 regis
855 4446 927 4515 lilia
946 4447 1025 4516 Do-

23 4533 177 4622 mthea,
201 4542 245 4609 ad
261 4535 450 4612 eilbertum
464 4541 711 4615 Merchionem
727 4544 1027 4638 Brandehurgen·

22 4666 126 4726 scm,
149 4639 387 4713 Borussorum
407 4641 565 4729 Ducem,
593 4671 667 4716 non
688 4662 729 4719 ut
745 4643 870 4719 Thetis
894 4651 938 4718 ad
958 4647 1025 4719 Pe-

21 4744 129 4817 lenm
153 4738 335 4834 Delphino
359 4760 477 4832 vecta,
510 4746 706 4820 Nereidum
732 4751 936 4820 comitatum
962 4753 1024 4820 ad-

21 4848 184 4930 ducens,
209 4847 270 4916 sed
294 4847 444 4918 afferens
465 4850 539 4918 veri
555 4847 623 4920 Dei
637 4850 855 4940 agnitionem
871 4866 906 4923 et
922 4851 1026 4921 invo-

20 4946 227 5032 utionem,
253 4959 289 5018 et
312 4951 473 5019 omnium
494 4951 644 5021 aliarum
670 4954 842 5023 virtutum
864 4949 1026 5038 chorum,

10 5072 239 5142 mmmaque
258 5052 448 5120 concordia
471 5066 505 5123 et
523 5068 646 5122 mutuo
663 5078 784 5124 amore
798 5080 879 5125 curn
895 5056 1024 5125 marito

10 5173 145 5251 *usque
168 5153 211 5221 ad
235 5165 431 5223 extremum
449 5156 613 5245 spiritum
630 5156 716 5226 vixit
732 5181 846 5227 annos
859 5179 974 5227 unum
992 5171 1026 5228 et

25 5252 172 5345 viginti.
231 5252 304 5324 Nec
329 5254 398 5325 fuit
422 5257 655 5337 infoecunda,
688 5260 749 5326 sed
774 5258 911 5348 peperit
932 5260 1025 5330 lilios

24 5354 141 5441 duos,
165 5379 293 5446 nempe
317 5354 505 5429 Albertnm
530 5371 563 5428 et
581 5356 802 5429 Fridericnm
819 5359 1025 5430 Albertum:

23 5457 121 5530 Elias
141 5456 226 5529 item
242 5472 416 5554 quatuor,
439 5458 607 5545 Luciam,
632 5457 869 5546 Dorotheam,
894 5458 1026 5532 Catha-

1075 2831 1125 2889 est
1147 2816 1281 2887 levium
1301 2816 1545 2906 ingeniorum,
1570 2829 1632 2887 aut
1647 2818 1884 2889 curiosorum:
1908 2819 1969 2886 sed
1985 2816 2069 2888 uni-

1075 2944 1151 2990 cam
1172 2941 1246 2989 esse
1269 2941 1411 3005 veram,
1435 2931 1642 3011 perpetuam
1665 2934 1699 2991 et
1719 2919 1904 2990 immotam
1927 2920 1971 2988 de
1986 2916 2064 2989 Deo

1075 3019 1285 3089 sententiam
1306 3019 1555 3103 adseverabat,
1579 3044 1670 3113 qnae
1688 3021 1889 3093 illustribus
1905 3021 2070 3092 testimo·

1074 3118 1146 3189 niis
1168 3119 1206 3187 in
1220 3113 1379 3188 Ecclesia
1400 3120 1572 3210 patefacte
1593 3133 1657 3192 est.
1708 3118 1813 3191 Hanc
1827 3136 1977 3215 utraque
1992 3146 2068 3192 rna-

1074 3245 1146 3305 nu,
1172 3220 1243 3290 imo
1257 3231 1332 3289 toto
1349 3232 1509 3310 pectore,
1536 3220 1825 3310 amplectebatur.
1876 3219 1980 3292 Hane
1994 3224 2068 3291 dis-

1075 3322 1241 3422 cernebat
1272 3321 1319 3391 ab
1345 3315 1496 3391 ethnicis
1520 3332 1555 3392 et
1575 3321 1656 3391 aliis
1680 3323 1927 3415 opinionibus:
1962 3317 2069 3394 huius

1075 3422 1288 3512 cogitatione
1308 3445 1345 3491 se
1365 3424 1409 3492 ad
1431 3423 1692 3493 invocationem
1713 3426 1808 3494 etad
1825 3423 1976 3494 alierum
1993 3425 2069 3494 vir·

1074 3537 1191 3597 tutum
1215 3523 1330 3595 officis
1350 3523 1576 3598 exuscitabat.
1627 3522 1792 3619 Denique
1808 3521 1901 3596 hanc
1918 3526 2069 3596 ducebat

1074 3651 1158 3698 vere
1176 3648 1311 3696 secram
1333 3649 1499 3696 ancoram
1521 3649 1596 3697 esse
1617 3627 1787 3699 omnibus
1808 3626 2009 3700 actionibus
2033 3643 2068 3700 et

1075 3728 1251 3823 periculis
2010 3736 2013 3741 ’

1177 3829 2069 3923 Eniteuteminterceeteratestimoniafideiipsius,

1076 3929 1145 4003 hoc
1165 3955 1327 4029 quoque,
1352 3934 1449 4025 quod
1474 3932 1604 4003 eximio
1627 3934 1747 4003 studio
1767 3929 1980 4004 Academiae
2001 3956 2069 4003 no-

1076 4050 1169 4105 strae
1198 4034 1490 4105 constitutionem
1522 4049 1558 4108 et
1586 4035 1891 4105 conservationem
1919 4035 2069 4110 adiuvit.

1075 4135 1124 4208 Et
1155 4138 1200 4206 ad
1230 4136 1298 4206 alia
1324 4137 1436 4208 multa
1462 4136 1632 4207 beneficia
1656 4133 1723 4207 hoc
1745 4139 1901 4208 addidit:
1936 4135 2066 4208 Decem

1076 4238 1378 4322 adolescentibus,
1418 4238 1481 4330 qni
1513 4238 1551 4307 in
1581 4239 1727 4307 familiis
1755 4239 1938 4309 nobilibus
1968 4250 2069 4308 erant

1077 4342 1172 4427 nati,
1197 4340 1415 4410 discentibus
1436 4339 1554 4410 literas
1575 4342 1737 4431 praebuit
1754 4354 1915 4430 sumptus
1932 4342 1977 4409 de
1992 4360 2071 4423 sno,

1077 4442 1129 4512 eis
1156 4454 1417 4534 praeceptorem
1447 4464 1509 4512 sua
1532 4442 1680 4533 pecunia
1703 4443 1887 4534 praeierit:
1919 4463 2007 4533 quos
2028 4455 2069 4510 ut

1077 4546 1122 4614 ad
1150 4544 1358 4613 discendum
1390 4542 1577 4628 invitaret,
1609 4558 1643 4615 et
1670 4543 1787 4613 studia
1817 4565 1920 4633 saepe
1939 4541 2068 4630 inspici

1077 4646 1234 4728 curavit,
1259 4657 1294 4715 et
1308 4666 1411 4737 saepe
1426 4645 1541 4713 missis
1557 4669 1597 4715 ex
1613 4647 1801 4716 venatione
1817 4668 1857 4713 ac
1874 4644 2070 4733 piscatione

1077 4746 1286 4818 muneribus
1312 4746 1573 4815 commoneheri
1600 4749 1645 4817 de
1669 4744 1786 4815 olficio
1808 4746 1921 4815 iussit.
1970 4742 2069 4815 Con-

1076 4848 1224 4920 stantini
1256 4860 1431 4918 meteret
1459 4847 1549 4916 aliae
1579 4849 1712 4917 multae
1742 4841 1905 4917 heroides
1934 4847 2067 4939 templa

1077 4951 1334 5032 condiderunt,
1369 4962 1403 5019 et
1433 4963 1553 5020 coetus
1584 4951 1823 5020 adiunxerunt
1852 4948 2070 5031 canentium,

1077 5053 1139 5146 qui
1164 5065 1199 5122 et
1222 5050 1291 5141 ipsi
1316 5045 1378 5144 (ut
1399 5073 1463 5139 ego
1484 5048 1658 5147 arbitror)
1684 5050 1788 5119 initio
1804 5043 2005 5119 scholarum
2020 5051 2070 5116 si-

1076 5154 1180 5223 miles
1208 5152 1368 5222 luerunt:
1401 5165 1539 5242 postea,
1572 5167 1613 5224 ut
1640 5152 1751 5220 multa
1782 5151 1875 5220 bona
1897 5150 2072 5235 institute,

1076 5254 1245 5347 paulatim
1268 5252 1409 5343 ignavia
1430 5248 1618 5323 hominum
1635 5264 1934 5359 corrumpuntur,
1954 5252 2069 5321 studia

1076 5358 1258 5427 literarum
1282 5357 1418 5425 deserta
1441 5367 1544 5439 sunt,
1566 5369 1600 5425 et
1619 5355 1746 5424 umbra
1768 5355 1916 5439 mansit,
1943 5352 2071 5420 videli-

1074 5473 1129 5530 cet
1150 5458 1284 5528 rituum
1306 5457 1518 5528 observatio.
1570 5454 1624 5526 Ac
1645 5456 1823 5528 recentior
1846 5466 1942 5525 aetas
1957 5454 2069 5525 multa
