4664 6022
69 300 115 379 dd
810 297 972 380 nect.
1004 299 1080 376 DE
1108 302 1375 380 LEGIBUS.
2060 314 2109 388 stt

65 479 212 575 quidem
241 476 456 571 contagione
484 475 854 570 pestilentissimarum
880 475 1064 546 literarum
1114 479 1319 553 clesiastica.
1369 474 1465 548 Huic
1487 479 1647 570 proxima
1670 494 1742 568 est,
1768 483 1824 554 ius
1843 486 1978 573 dicere,
2002 513 2109 580 quam

66 606 137 653 uon
156 581 273 654 inlici.
1114 581 1261 652 sirecte
1285 581 1450 672 gesseris,
1484 605 1589 652 nemo
1613 580 1833 671 Monachus,
1867 612 1971 658 nemo
1997 588 2109 662 Here.

164 682 330 755 Proinde
351 707 432 754 cum
453 682 553 753 nulla
574 682 723 751 meliore
744 678 934 770 disciplina
951 680 1064 749 animi
1115 684 1200 753 mita
1224 683 1407 775 superiore
1427 697 1478 753 est
1493 687 1585 774 apud
1602 682 1717 755 Deum
1734 684 1825 762 loco.
1874 686 2109 784 Prophanur'n

64 791 104 860 ad
116 787 297 858 virtutem
311 786 496 859 assuefacti
512 785 600 862 sint,
628 778 721 852 nibil
737 784 846 874 pudet
861 783 900 850 iu
916 796 1063 875 quaestu
1113 808 1245 857 munus
1268 798 1338 866 est,
1362 787 1422 854 sed
1445 789 1541 879 quod
1563 811 1637 857 non
1656 789 1774 860 minus
1787 791 1951 883 religiose
1966 797 2109 865 tractari

63 893 113 961 ios
141 884 302 975 habere,
336 888 462 960 vitiare
492 889 604 977 leges,
638 889 849 977 detorquere
877 885 1064 959 malitiosis
1113 900 1270 978 oportet,
1303 911 1409 980 quam
1438 890 1483 957 ad
1512 913 1608 958 aram
1637 894 1874 964 accedendum
1895 909 1946 965 est
1970 920 2108 972 sacrum
2205 950 2212 964 .

63 991 436 1086 interpretationibus,
460 991 500 1060 in
521 1014 628 1084 quam
654 988 780 1057 volunt
796 999 943 1078 partem.
996 985 1063 1057 So·
1113 989 1277 1059 facturis:
1305 988 1381 1059 lmo
1408 985 1467 1059 bic
1489 1015 1572 1061 vere
1594 1014 1733 1063 sacrum
1754 995 1859 1082 lacis,
1885 1022 1965 1067 cum
1990 1000 2110 1089 publi.

65 1098 182 1167 lonem
196 1094 311 1165 refert
320 1089 588 1176 Demosthenes,
608 1115 689 1160 cum
701 1113 802 1159 reum
819 1102 936 1179 ageret
951 1113 1062 1182 quen·
1114 1117 1174 1161 cae
1189 1092 1441 1184 tranquillitati
1456 1117 1495 1161 ac
1509 1093 1586 1184 paci
1602 1119 1744 1187 operam
1759 1121 1879 1168 navas.
1928 1098 2012 1188 Quo
2029 1101 2110 1192 plu.

69 1201 143 1269 dam
163 1196 393 1290 perniciosae
415 1194 503 1287 legis
520 1206 698 1277 autorem,
723 1191 868 1261 dixisse:
895 1189 988 1262 Cum
1004 1215 1064 1260 ca-
1112 1195 1162 1263 ris
1183 1207 1300 1264 autem
1325 1189 1393 1263 hoc
1418 1195 1525 1263 officii
1547 1193 1644 1267 Deus
1666 1199 1769 1283 lacit,
1798 1224 1838 1269 eo
1863 1217 1946 1272 sunt
1969 1227 2110 1272 execra-

71 1300 168 1392 pitale
191 1300 243 1370 sit
265 1299 440 1368 nomisma
464 1297 680 1378 adulterare,
707 1307 821 1363 morte
839 1294 1064 1362 mulctandos
1113 1296 1271 1381 bilioras,
1298 1297 1359 1389 qui
1376 1297 1553 1386 publicam
1568 1300 1606 1366 in
1620 1298 2110 1395 lorosycophanticamexer-

65 1425 133 1473 esse
156 1402 272 1472 etiam
296 1424 374 1487 eos,
400 1400 464 1494 qui
478 1401 571 1488 leges
586 1397 731 1466 vitiant:
759 1394 950 1488 Propterea
966 1398 1063 1489 quod
1114 1413 1211 1483 cent,
1234 1401 1434 1469 'bonorum
1467 1414 1680 1486 extortores,
1727 1405 1844 1492 legum
1878 1419 2110 1492 contortores,

63 1519 97 1577 ut
123 1506 168 1574 iu
193 1503 345 1597 privatis
370 1501 592 1572 commerciis
611 1524 651 1568 ac
674 1499 913 1568 contractibus
927 1499 1063 1567 nomis-
1113 1502 1176 1595 qui
1197 1502 1254 1570 vel
1275 1502 1322 1571 ob
1343 1494 1437 1571 hanc
1459 1525 1600 1572 causam
1623 1505 1762 1573 serendi
1778 1531 1851 1575 non
1868 1522 1986 1593 erant,
2012 1512 2108 1600 quod

62 1621 156 1678 mate
178 1605 340 1692 utimur,
366 1605 416 1675 ita
437 1603 592 1696 publicis
613 1600 835 1670 commerciis
857 1614 891 1670 et
908 1600 1063 1689 negociis
1114 1603 1359 1672 acivitatibus
1392 1597 1523 1674 horum
1544 1605 1677 1695 flagitia
1701 1605 1816 1677 Deum
1842 1632 1916 1676 non
1941 1633 2021 1678 raro
2045 1612 2108 1679 ab·

62 1707 589 1802 lebe³²⁸⁸⁰¹¹⁰ml⁵ffl³ll⁸vl⁰ffl
643 1702 752 1775 Recte
769 1701 892 1773 Solon.
944 1703 1062 1796 Atque
1113 1705 1286 1784 alienent,
1313 1706 1466 1794 graviter
1481 1722 1742 1778 succensentem
1759 1712 1995 1802 constupratis
2014 1713 2108 1781 iudi-

62 1812 479 1892 utinameoredeatres,
504 1805 1063 1894 utetinnostrisiudiciispctu-
1113 1807 1187 1878 ciis.
1238 1804 1353 1877 Porro
1370 1832 1449 1876 cum
1467 1833 1542 1878 non
1556 1809 1749 1880 dissideant
1763 1837 1842 1881 cum
1859 1814 1987 1904 pictate
2008 1816 2109 1903 leges,

62 1914 198 2000 lautia,
252 1912 545 2003 impudentiaque
582 1908 787 1977 tabularum
825 1903 1064 1991 coherceatur,
1113 1922 1147 1979 et
1169 1932 1236 1978 usu
1259 1922 1418 2000 receptae
1442 1911 1531 1994 sint,
1558 1907 1652 1980 nihil
1676 1938 1857 1983 moremur
1880 1940 1960 1999 eos,
1987 1918 2048 2009 qui
2072 1940 2109 1985 se

61 2018 260 2088 fflsslclfllm'
281 2016 397 2085 ⁶⁰¹⁰&
454 2013 494 2082 ld
518 2014 605 2081 ade0
628 2011 707 2090 fiel>
733 2009 798 2077 Ubi
818 2011 862 2077 ad
884 2006 1063 2101 Rempub.
1114 2012 1329 2080 insectandis
1351 2012 1517 2082 civilibus
1534 2015 1693 2083 moribus
1709 2018 1752 2083 ad
1770 2018 1896 2106 vulgus
1912 2019 2107 2090 venditant.

63 2121 152 2191 b⁰¹¹l
174 2118 247 2188 Vlfl
269 2118 461 2196 adtedfflls
488 2114 600 2185 literis
622 2126 655 2182 el
677 2111 879 2199 cognitione
899 2110 989 2180 iuris
1005 2112 1062 2179 iu·
1112 2112 1201 2182 Nam
1226 2114 1302 2182 sinc
1324 2114 1466 2205 publica
1484 2116 1681 2188 calamitate
1698 2133 1854 2207 receptas
1870 2120 1962 2209 leges
1978 2121 2107 2190 mutari

63 2222 211 2307 structi,
237 2219 370 2315 quibus
385 2218 444 2288 isti
459 2219 643 2308 imponere
659 2237 722 2282 nec
739 2213 876 2297 ausint,
901 2237 966 2281 nec
982 2236 1063 2305 pos-
1114 2239 1191 2283 uon
1210 2237 1330 2305 posse,
1363 2230 1399 2285 et
1420 2241 1475 2285 res
1498 2220 1617 2301 docet,
1645 2233 1680 2289 et
1701 2221 1953 2311 sapientissimi
1977 2223 2108 2315 quique

63 2327 174 2419 siut..
200 2320 327 2416 ltaque
347 2319 502 2412 Reipub.
526 2319 691 2396 interest,
716 2329 756 2384 ut
779 2315 905 2406 optimi
928 2316 1061 2407 quique
1114 2329 1341 2390 monuerunt.
1393 2314 1544 2387 Extabat
1571 2322 1664 2409 apud
1687 2318 1821 2390 Locros
1847 2324 1885 2389 in
1910 2323 1999 2392 bene
2021 2347 2108 2392 con-

62 2441 96 2498 et
118 2426 267 2497 vincatis
281 2421 513 2494 amantissimi
529 2421 585 2489 ius
601 2419 820 2511 perdiscant,
846 2431 886 2486 ut
902 2418 931 2484 si
949 2441 1062 2510 qnan—
1113 2419 1232 2489 stituta
1249 2419 1410 2504 civitate,
1436 2442 1475 2487 ea
1493 2422 1589 2489 dere
1607 2422 1682 2506 lex,
1706 2437 1746 2491 ut
1764 2424 1926 2516 quisquis
1940 2427 2108 2495 adversus

64 2534 109 2601 do
132 2529 322 2621 publicum
346 2547 477 2596 munus
493 2522 715 2594 tractandum
734 2532 804 2599 est,
831 2535 922 2589 recte
937 2541 1061 2606 geren·
1113 2535 1268 2610 receptas
1295 2521 1388 2610 leges
1410 2523 1631 2610 rogationem
1654 2525 1780 2608 ferret,
1817 2527 1846 2593 is
1871 2549 1947 2594 eam
1973 2527 2106 2597 inserto

64 2634 128 2703 dae
144 2629 352 2726 provinciae
365 2644 456 2699 artes
469 2638 623 2696 teneant.
672 2619 847 2691 Videmus
861 2622 958 2690 enirn
973 2645 1062 2714 quos
1112 2624 1149 2691 in
1166 2623 1332 2715 laqueum
1347 2625 1439 2692 collo
1457 2626 1632 2693 suaderet:
1654 2649 1744 2718 quae
1760 2627 1790 2694 si
1807 2627 1996 2697 videbatur
2008 2626 2109 2700 cRe·

64 2737 170 2807 ludos
190 2731 403 2824 Rebuspub.
433 2729 568 2820 ubique
591 2723 822 2814 Magistratus
847 2723 1003 2815 imperiti
1029 2737 1063 2794 et
1113 2727 1199 2816 pub.
1222 2748 1314 2808 esse,
1347 2726 1465 2815 salvus
1488 2728 1655 2796 evadebat
1677 2740 1795 2797 autor:
1822 2732 2109 2818 strangulabatur

65 2836 203 2909 indocti
230 2835 402 2917 reddant,
427 2854 536 2924 quos,
561 2827 710 2898 utboni
734 2827 825 2911 sint,
848 2849 988 2895 necesse
1011 2841 1062 2896 est
1114 2840 1230 2896 autem
1252 2828 1442 2896 constricto
1466 2829 1610 2921 laqueo,
1642 2831 1703 2898 ubi
1727 2833 1840 2899 oratio
1863 2832 2109 2922 displicuisset.

66 2942 178 3013 multa
210 2939 374 3007 incautos
395 2956 557 3027 peccare,
583 2944 617 3000 et
642 2944 760 2999 tamen
780 2929 854 2999 fere
877 2929 923 2998 ita
941 2928 998 3013 fit,
1022 2942 1063 2998 ut
1112 2927 1235 3021 Neque
1265 2929 1416 2999 dubium
1447 2943 1517 3011 est,
1551 2929 1639 3023 quin
1666 2933 1702 3000 id
1727 2932 1776 3000 ita
1799 2934 2030 3005 constitutum
2054 2935 2109 3020 sit,

69 3043 261 3114 d⁰l²fi⁰f0⁸
276 3040 368 3122 sint,
394 3060 465 3130 quo
481 3047 563 3105 sont
577 3031 804 3102 indoctiores.
1113 3055 1158 3099 ne
1184 3045 1315 3101 temere
1337 3032 1594 3102 inducerentur
1613 3056 1680 3101 usu
1703 3034 1945 3119 confirmatae,
1977 3037 2108 3127 proba-

167 3142 255 3217 Dixi
279 3144 324 3212 de
346 3140 502 3230 legibus,
528 3135 670 3225 longius
691 3133 857 3217 fortasse,
885 3156 990 3224 quam
1009 3132 1061 3200 le·
1112 3148 1237 3226 taequo
1258 3135 1435 3202 maiorum
1454 3128 1587 3203 iudicio
1603 3135 1706 3225 leges.
1760 3131 1808 3205 Et
1824 3133 1976 3207 Athenis
1993 3162 2109 3230 νομο-

65 3253 165 3324 rebat
192 3260 351 3338 tempus,
377 3244 438 3312 sed
461 3239 610 3310 omnino
634 3236 792 3326 parcius,
818 3258 924 3328 quam
950 3250 984 3305 et
1006 3255 1062 3302 res
1113 3228 1277 3330 φύλακες
1303 3250 1424 3318 erant,
1457 3235 1520 3328 qui
1544 3238 1637 3327 apud
1661 3239 1854 3326 praefectos
1878 3239 1917 3306 in
1941 3239 2109 3310 omnibu,

65 3351 200 3448 poscit,
231 3361 265 3418 et
290 3368 352 3436 ego
376 3344 552 3415 volebam.
618 3337 814 3430 Reliquum
837 3349 905 3419 est,
938 3348 978 3405 ut
1003 3357 1062 3402 eos
1114 3337 1265 3425 publicis
1293 3337 1471 3419 conciliis,
1505 3339 1664 3406 candidis
1692 3339 1808 3407 fasciis
1832 3342 1990 3409 coronati
2014 3342 2109 3410 adsi·

65 3456 126 3551 qni
156 3453 198 3521 in
225 3448 365 3539 legibus
394 3456 600 3525 versantur,
632 3435 818 3522 adhorter,
849 3451 890 3506 ut
919 3450 1062 3505 strenue
1113 3439 1261 3520 debant,
1286 3452 1326 3506 ut
1348 3433 1598 3528 prohiberent,
1624 3463 1670 3506 ne
1694 3439 1779 3530 quid
1805 3453 1926 3508 contro
1953 3456 2109 3532 receptas

64 3566 236 3653 pergant,
261 3574 327 3621 nec
350 3573 369 3617 e
393 3547 510 3616 medio
534 3567 639 3615 cursu
663 3542 819 3610 revocari
844 3563 881 3608 se
899 3541 1061 3607 indocto·
1112 3541 1205 3627 leges
1235 3541 1499 3609 decerneretur:
1541 3536 1704 3631 Denique
1734 3554 1774 3609 ut
1804 3565 1963 3634 quaeque
1985 3544 2108 3613 civitas

64 3683 147 3732 rum
163 3656 314 3726 vocibus
329 3652 522 3744 patiantur.
573 3644 664 3715 Nam
682 3667 761 3712 cum
783 3641 914 3712 iudicia
932 3643 1063 3731 adpro·
1113 3641 1246 3731 optime
1268 3640 1457 3709 constituta
1480 3640 1565 3720 fuit,
1591 3642 1639 3710 ita
1665 3641 1811 3711 minime
1833 3647 2109 3735 passacstlcges

66 3767 128 3834 bet
147 3758 294 3850 religio,
321 3779 395 3824 non
412 3753 519 3821 modo
536 3773 609 3819 non
626 3746 797 3835 impium,
825 3746 883 3812 sed
903 3757 1061 3812 sanctum
1112 3743 1303 3836 antiquari.
1356 3743 1512 3811 Proinde
1537 3767 1602 3811 nos
1625 3768 1768 3837 quoque
1783 3746 1964 3835 publicum
1982 3747 2036 3816 ius
2053 3749 2108 3816 di-

66 3866 173 3937 etiam
197 3859 354 3931 officium
378 3854 533 3939 faciunt,
567 3850 628 3944 qui
652 3849 718 3916 rite
743 3847 787 3915 de
813 3847 891 3916 iure
916 3869 1063 3934 respon·
1113 3847 1262 3935 ligenter
1286 3858 1466 3929 tueamur,
1492 3845 1801 3936 praesertimcnm
1826 3844 1962 3917 Romae
1985 3863 2108 3918 uatum

66 3973 164 4051 dent,
191 3976 254 4034 aut
267 3982 325 4031 res
338 3958 508 4028 iudicant.
550 3951 716 4042 Plerique
729 3962 956 4041 posteaquam
971 3940 1063 4015 hanc
1113 3949 1175 4032 sit,
1201 3949 1239 4015 in
1257 3948 1416 4038 principe
1434 3948 1532 4016 orbis
1548 3959 1723 4017 terrarum
1739 3945 1880 4039 Repub.
1895 3949 1932 4015 iu
1952 3953 2109 4040 pruden.

67 4071 218 4141 induere
240 4060 522 4157 persuasionem,
546 4054 681 4125 versari
703 4075 739 4121 se
757 4051 796 4119 iu
812 4075 849 4119 re
867 4045 1064 4140 prophana,
1113 4049 1329 4118 tissimorum
1356 4063 1391 4119 ct
1415 4048 1700 4119 doctissimorum
1727 4045 1913 4119 hominum
1938 4053 2109 4138 conciliis,

68 4189 99 4244 et
114 4193 226 4265 qoam
241 4164 338 4238 Deus
354 4158 448 4232 nihil
465 4172 643 4240 moretur,
667 4154 806 4222 minore
824 4154 892 4220 tide
909 4175 1062 4243 curaque
1114 4175 1265 4245 quornm
1286 4175 1362 4219 non
1386 4153 1495 4219 modo
1510 4150 1633 4221 literae
1650 4173 1716 4220 nos
1732 4153 1834 4244 aequi
1852 4165 1886 4222 et
1903 4152 2017 4245 iniqui
2036 4155 2109 4224 dis·

69 4294 199 4346 munus
214 4290 319 4341 suum
331 4268 478 4338 obeunt.
522 4258 601 4330 Hos
614 4255 815 4326 meminisse
829 4255 924 4338 volo,
946 4253 1062 4323 Deum
1113 4255 1248 4323 crimen
1281 4256 1426 4332 docent,
1460 4254 1520 4322 sed
1549 4253 1706 4346 exempla
1734 4254 1840 4323 etiarn
1865 4267 1898 4322 et
1922 4279 1978 4323 res
2009 4279 2135 4346 prae.

70 4392 100 4449 et
115 4375 207 4447 iuris
223 4385 381 4442 autorem
397 4388 481 4450 esse,
499 4378 534 4433 et
549 4360 727 4429 vindicem
740 4359 912 4427 stllttrum·
953 4355 1061 4425 Libra
1113 4357 1205 4425 clare
1242 4369 1376 4445 gestae,
1422 4357 1466 4424 ad
1500 4354 1643 4428 virtutis
1672 4356 1831 4426 studium
1860 4353 2107 4427 animemur,

71 4493 102 4551 et
127 4477 293 4572 pondus,
332 4468 451 4563 inquit
479 4464 670 4540 Salomon,
706 4459 838 4529 indicia
868 4455 934 4527 Dei
970 4471 1063 4529 sunt.
1113 4456 1208 4532 Dixi.

72 4581 189 4673 Quare
211 4576 243 4647 si
265 4573 353 4668 quid
378 4570 543 4663 iniquum
567 4562 748 4641 statueris,
776 4586 849 4630 non
875 4557 1062 4628 hominnm

71 4698 207 4755 nutum
232 4697 350 4748 mores
373 4671 500 4741 violari
524 4670 662 4743 credas,
695 4666 754 4733 scd
779 4663 915 4742 Deum,
948 4685 966 4729 a
992 4685 1062 4753 qno
1128 4709 1857 4721 -—--—-.-.-.--.-..:.„„-.-,...
1877 4708 1931 4715 „..

10 4766 17 4851 l
72 4785 200 4859 iudicia
224 4777 414 4852 constituta
430 4785 530 4856 sunt,
557 4766 689 4838 offendi
707 4767 847 4838 sentias.
900 4762 980 4831 Non
998 4759 1062 4831 ho-

71 4889 195 4972 minis,
225 4883 276 4954 ait
303 4879 459 4972 optimus
489 4874 657 4960 Princeps
682 4864 866 4961 losaplrat,
898 4866 1063 4934 exercetis
1112 4881 1174 4953 Ns·
1192 4880 1225 4948 g,
1936 4907 1984 4945 m
2003 4886 2097 4949 1595·

73 4991 263 5071 iudicium,
288 4979 440 5052 sedDei:
467 4978 565 5046 adest
585 4984 760 5065 spectator
782 4984 815 5039 et
830 4969 963 5037 arbiter
977 4992 1062 5036 con·
1112 4979 1235 5002 Μ’
1931 4975 2102 5003 Μ

75 5093 231 5164 tiliorum
257 5097 454 5155 vestrorum
479 5076 591 5149 Deus:
623 5074 678 5144 Sit
702 5074 810 5142 timor
831 5070 1062 5188 Dumipinvo-
1258 5094 1436 5213 praef
1449 5100 1498 5182 in
1524 5093 1696 5215 Officia
1723 5097 1965 5188 Ciceronis·

74 5195 223 5277 hiscum,
253 5198 414 5257 accurate
438 5206 512 5251 rem
537 5178 657 5268 gerite.
711 5174 790 5244 Hoc
814 5199 896 5244 vero
919 5175 1063 5241 divinus

15 5286 19 5293 Ι
77 5298 214 5387 spiritus
245 5288 429 5360 oraculum
460 5306 534 5352 non
565 5281 617 5347 llll
648 5291 786 5348 lanium
817 5276 953 5359 seculo,
1001 5276 1062 5342 Sed
1182 5294 1264 5362 Apud
1281 5294 1354 5347 Crat.
1375 5289 1444 5363 Mql.
1467 5310 1495 5360 p.
1509 5291 1560 5343 tlt
1580 5311 1654 5361 sqq,
1685 5292 1981 5351 inDcclamal.'l'.ll,
2000 5314 2025 5365 p.
2045 5297 2110 5352 161..

78 5399 239 5468 omnbus
261 5390 323 5486 qui
344 5386 547 5480 ubiueius
565 5383 708 5464 dicum,
735 5378 904 5471 ..aaran
955 5375 1062 5444 qua
1213 5359 2113 5506 astrata·:fil-..aatrabeatis..lala

81 5500 227 5574 sanctior
242 5495 285 5565 in
297 5491 402 5564 terris
414 5487 553 5560 iunctio
565 5499 633 5570 est,
659 5506 765 5576 quam
782 5473 976 5572 οἰκονομία
993 5473 1063 5547 Ec·
1220 5502 1253 5555 ,d
1267 5520 1332 5554 ann.
1347 5499 1423 5555 toas.
1449 5572 1471 5608 a
1490 5570 1509 5608 e
