4664 6022
51 296 125 377 us
791 292 959 373 nucu·
983 293 1059 371 ou
1093 292 1365 372 vusrtru
2029 247 2111 376 no⁸

44 473 158 545 modo
173 471 355 543 &norum
371 467 533 539 virorum
555 466 707 555 iudicia,
723 463 793 540 ¹sed
813 492 938 541 omnes
955 468 1049 561 leges
1099 493 1166 562 pro
1181 467 1357 561 Spartana
1375 467 1651 555 consuetudine,
1679 469 1859 543 iusserunt
1877 474 2018 547 civitate
2036 500 2097 544 ex-

44 586 294 647 sontetnnant.
331 566 381 642 Et
396 571 428 639 is
442 569 507 663 qui
523 595 622 641 nunc
634 573 778 645 videtur
793 573 935 658 ludere,
962 574 1048 643 dum
1101 572 1224 641 cedere
1238 596 1279 641 ac
1296 571 1395 641 domi
1410 569 1552 642 Milesia
1573 595 1743 647 exercere.
1795 572 1891 645 Haec
1905 576 1957 644 illi
1974 578 2013 645 in
2027 575 2094 648 ho-

43 673 112 749 has
136 674 293 768 ineptias
319 673 358 743 in
371 674 501 743 vestitu
521 687 634 758 amat,
659 675 864 766 paulopost
881 675 1050 746 omnibus
1099 674 1224 767 spitem
1247 673 1524 766 constituerunt,
1556 689 1690 769 quanto
1712 678 1833 747 minus
1855 679 1992 749 civibus
2013 704 2095 771 per-

43 778 208 871 legibna,
229 776 400 855 omnibus
415 772 685 865 Magistratibus
701 777 848 848 audebit
861 780 1050 869 oppedere.
1098 777 1191 848 mitti
1215 778 1387 862 debehat,
1415 778 1575 869 exempla
1596 778 1702 849 bonis
1723 804 1763 851 ac
1781 782 1960 852 veteribus
1983 784 2095 852 mori-

41 880 206 955 tanum
229 878 372 949 ruinam
396 877 471 947 edit
500 901 574 964 res,
604 902 694 973 quae
722 880 867 973 quidem
899 881 939 949 in
969 903 1050 973 spe-
1099 881 1167 950 bus
1183 879 1372 963 offectura,
1397 879 1436 947 in
1451 880 1602 971 patriam
1623 876 1816 952 invehere?
1848 881 1973 977 Neque
1996 886 2093 955 enim

42 982 137 1059 ciem
151 1004 265 1077 parva
284 980 399 1050 videri
418 993 549 1072 potest:
576 1005 700 1052 verum
724 982 924 1073 exemplum
948 982 1049 1053 latis-
1098 983 1174 1053 abit
1187 975 1256 1052 hoc
1269 982 1345 1051 sine
1361 982 1587 1072 publicorum
1598 1008 1737 1054 morum
1752 988 1991 1074 corruptione,
2008 989 2094 1081 quia

44 1088 260 1179 simepatet.
297 1081 388 1154 Nam
406 1106 486 1151 cnm
504 1084 612 1153 semel
627 1084 744 1174 legum
760 1085 926 1176 repagula
943 1084 1049 1154 effre-
1097 1098 1139 1156 ut
1159 1097 1211 1155 est
1231 1084 1359 1173 vulgus
1382 1098 1509 1154 natura
1530 1078 1768 1180 φιλόκαινον,
1792 1090 1911 1158 statim
1937 1084 1999 1158 has
2023 1115 2094 1159 nu-

48 1189 189 1283 gerint,
236 1181 352 1256 nihilo
385 1184 552 1277 deinceps
589 1185 776 1257 firmiores·
791 1210 913 1257 omnes
945 1188 1048 1277 leges,
1097 1209 1157 1276 gas
1178 1187 1358 1271 imitatur,
1394 1200 1428 1257 et
1455 1188 1570 1277 legum
1594 1203 1693 1261 metu
1724 1190 1894 1281 paulatim
1920 1193 2094 1282 deposito,

53 1316 155 1387 mam
179 1312 392 1360 aranearum
411 1287 501 1357 telas
528 1311 601 1358 esse
625 1290 890 1363 existimabunt.
941 1285 990 1362 Et
1009 1303 1048 1360 ut
1097 1313 1252 1359 amorem
1278 1305 1506 1360 externorum
1522 1289 1692 1361 vitiorum
1717 1292 1846 1362 induit.
1896 1288 2030 1385 Estque
2054 1295 2094 1363 in

49 1395 145 1466 scitis
168 1387 267 1490 ἀρχὴ
288 1386 405 1484 ἥμισυ
427 1384 576 1471 παντὸς.
646 1389 753 1480 Quod
777 1417 982 1487 quanquam
1008 1392 1046 1461 in
1097 1392 1331 1462 maximarum
1347 1392 1531 1462 civitatum
1547 1392 1697 1465 interitu
1712 1396 1845 1480 videre,
1863 1397 1907 1465 ab
1923 1389 1979 1464 his
1992 1390 2093 1488 prin-

45 1496 198 1590 privatis
213 1494 375 1564 moribus
393 1492 515 1562 videre
532 1515 734 1584 possumne,
759 1508 877 1565 tamen
898 1495 937 1564 in
959 1494 1047 1564 civi·
1096 1495 1199 1586 cipiis
1216 1509 1350 1566 caetera
1369 1494 1456 1564 vitia
1475 1509 1551 1565 orta
1570 1519 1654 1569 esse.
1708 1493 1788 1566 lure
1802 1498 1911 1586 igitur
1929 1499 1966 1565 in
1989 1514 2093 1570 auto-

43 1613 163 1673 tatnm
187 1596 420 1667 inclinatione
441 1594 571 1665 clarius
594 1596 744 1688 perspici
769 1609 892 1687 potest.
944 1596 1046 1686 Quae
1096 1621 1151 1667 res
1167 1597 1293 1667 talium
1314 1598 1557 1688 exemplorum
1573 1611 1742 1692 tanquam
1759 1599 1798 1668 in
1816 1594 1935 1671 hostes
1958 1603 2093 1691 patriae

42 1703 144 1775 enirn
168 1700 294 1771 civitas
313 1722 389 1768 non
417 1697 467 1767 ita
490 1698 644 1789 collapsa
663 1699 740 1770 est?
766 1700 850 1792 quia
871 1724 951 1769 cum
971 1699 1047 1790 pri·
1097 1700 1337 1769 severissimae
1367 1723 1501 1791 poenae
1532 1702 1699 1772 constitui
1736 1703 1924 1780 debebant.
1988 1703 2094 1774 Tunc

43 1828 148 1877 ntum
166 1801 392 1894 disciplinam
409 1800 448 1869 in
466 1801 584 1891 parvis
598 1803 706 1872 rebus
720 1801 940 1890 neglexisset,
958 1802 1048 1873 aluit
1096 1802 1232 1872 bellum
1266 1802 1384 1892 parari
1415 1805 1585 1872 adversus
1619 1804 1790 1895 patriam,
1824 1819 1909 1875 tunc
1936 1807 2094 1876 obsideri

45 1906 286 2003 petulantiam
318 1902 435 1992 vulgi,
484 1904 573 1973 adeo
607 1916 649 1976 ut
672 1918 793 1995 postea
819 1905 858 1972 in
885 1905 1048 1975 maximis
1096 1930 1173 1975 eam
1189 1928 1263 1974 non
1280 1905 1384 1988 soris,
1409 1906 1469 1973 sed
1486 1906 1579 1975 intra
1597 1907 1738 1976 moenia
1756 1910 1905 1997 putetis,
1931 1933 2011 1977 cum
2030 1934 2095 2000 pa-

45 2011 157 2083 etiatn
172 2005 484 2098 rebusimperium
499 2007 713 2077 detrectarit.
765 2005 949 2077 Praeterea
965 2030 1046 2077 com
1096 2006 1347 2077 triusvestitus
1372 2008 1522 2077 exuitur.
1575 2005 1651 2080 Hos
1673 2034 1753 2078 cum
1776 2010 1971 2100 peregrinis
1994 2014 2094 2081 clan-

45 2112 155 2185 vestis
179 2110 341 2180 imitetur
361 2107 475 2177 animi
498 2109 676 2194 adfectus,
699 2122 740 2179 ut
758 2109 972 2199 supradixi,
995 2109 1048 2195 fit,
1096 2110 1233 2179 destina
1258 2109 1399 2179 foedera
1423 2110 1565 2195 fecisse,
1591 2126 1729 2182 etcum
1752 2112 1889 2201 legibus
1911 2113 1949 2181 in
1973 2114 2095 2204 pemi-

44 2215 179 2289 utillis
194 2213 281 2305 ipsis
293 2210 546 2302 cupiditatibus
570 2211 717 2281 inclusis
735 2212 772 2280 in
797 2212 936 2296 animo,
959 2233 1047 2307 quae
1097 2213 1187 2282 ciem
1211 2211 1344 2302 patriae
1366 2212 1572 2301 conspirare
1598 2213 1840 2299 arbitremini,
1866 2239 1955 2308 quos
1978 2232 2094 2287 exter-

46 2317 165 2412 premi
197 2331 234 2386 ct
265 2309 445 2384 coherceri
477 2315 681 2404 oportebat,
721 2315 863 2384 frenum
895 2314 1047 2384 laxetur.
1097 2339 1226 2386 norum
1240 2327 1358 2408 ‘atque
1381 2307 1537 2383 hostium
1563 2338 1679 2384 mores
1709 2317 1821 2403 magis
1846 2341 1953 2409 quam
1986 2319 2093 2408 patrii

47 2420 145 2495 Sunt
173 2418 238 2515 qni
266 2429 413 2509 propter
438 2415 614 2486 feritatem
635 2416 767 2497 animi,
802 2411 928 2487 habitu
950 2418 1047 2486 dele·
1097 2418 1284 2488 delectant.
1335 2413 1418 2485 Non
1434 2416 1529 2485 enim
1547 2411 1607 2486 hic
1627 2419 1743 2487 cultus
1760 2419 1831 2486 alio
1846 2433 1997 2510 spectat,
2023 2420 2094 2489 nisi

46 2537 212 2609 cuntur,
232 2522 482 2617 quiterrorem
498 2519 903 2591 intuentibusincuciat:
937 2519 977 2588 in
991 2513 1048 2587 his
1098 2543 1161 2605 eo,
1192 2532 1234 2590 ut
1248 2518 1446 2588 domestica
1470 2542 1510 2588 ac
1540 2519 1685 2610 publica
1710 2520 1897 2611 disciplina
1926 2537 2093 2614 corrupta

46 2626 223 2722 qnoniam
237 2623 306 2693 sibi
322 2621 525 2710 indulgent,
549 2621 674 2692 crescit
688 2622 821 2696 feritas.
873 2619 969 2693 Sunt
984 2621 1048 2714 qui
1098 2616 1215 2693 trahat
1229 2621 1392 2690 omnium
1408 2620 1540 2690 civium
1555 2621 1693 2691 animos
1708 2624 1752 2691 ad
1771 2636 1914 2694 externa
1934 2624 2094 2716 imperia,

47 2742 198 2822 propter
221 2724 413 2796 molliciem
437 2725 550 2793 animi
573 2738 703 2795 ornent
726 2747 764 2795 se
787 2726 1047 2816 propemodum
1098 2724 1301 2818 peregrinas
1340 2723 1529 2812 religiones
1554 2737 1588 2793 et
1617 2725 1737 2794 omnia
1767 2727 2000 2815 turpitudinis
2033 2751 2094 2817 ge-

46 2832 242 2904 mulierum
265 2851 380 2912 more,
405 2849 496 2920 quos
520 2827 816 2897 effoeminatiores
838 2828 944 2900 vestie
966 2828 1049 2897 red·
1099 2852 1183 2899 nera
1199 2827 1415 2919 recipienda.
1469 2825 1541 2896 Sed
1556 2851 1637 2896 cum
1662 2822 1749 2896 haec
1766 2828 1906 2898 novitas
1923 2830 2092 2900 omnibus

50 2935 119 3007 dit:
144 2946 189 3005 ut
209 2932 307 3003 enim
322 2929 431 2999 febris
446 2929 573 3008 alitur,
600 2930 630 2999 si
644 2930 724 3023 quis
738 2930 772 2999 ei
788 2954 924 2999 morem
940 2942 1049 3021 gerat,
1098 2927 1307 3002 hominibus
1334 2928 1539 3020 turpissima
1564 2930 1630 3014 sit,
1664 2943 1741 3000 tum
1763 2931 1802 3000 in
1827 2931 1952 3021 primis
1973 2928 2094 3002 abesse

54 3036 213 3121 ethibat,
231 3033 408 3129 quidquid
424 3031 546 3103 vitiata
563 3045 691 3103 natura
708 3033 847 3124 expetit,
868 3032 916 3103 ita
930 3031 1049 3103 morbi
1099 3029 1421 3105 aChristianorum
1443 3032 1604 3102 moribus
1619 3033 1787 3118 debebat,
1811 3034 1956 3127 quasin
1976 3038 2093 3104 omni-

48 3138 162 3211 anirni
177 3148 360 3221 crescunt,
385 3134 414 3203 si
439 3135 519 3227 quis
540 3135 591 3204 eis
614 3135 816 3225 indulgeat,
843 3158 909 3204 nec
933 3158 1049 3206 reme-
1099 3138 1167 3208 bus
1183 3136 1275 3206 vitae
1292 3135 1452 3227 partibus
1470 3135 1696 3226 praecipuam
1718 3137 1927 3223 gravitatem
1950 3162 2035 3230 prae
2057 3162 2094 3210 se

46 3243 109 3315 dia
140 3252 313 3333 opponat.
371 3237 441 3309 Sed
479 3237 638 3309 omnium
673 3239 824 3308 maxime
854 3252 985 3309 nocent
1010 3238 1049 3306 in
1099 3242 1192 3309 ierre
1226 3241 1335 3309 decet.
1394 3232 1443 3307 At
1466 3231 1534 3306 hoc
1557 3238 1768 3327 accipimus,
1806 3236 1941 3309 Turcas
1964 3254 1999 3310 et
2016 3242 2093 3332 ple-

48 3366 242 3416 commnne
268 3335 326 3426 hi,
357 3339 420 3434 qui
446 3340 562 3428 gentis
585 3339 736 3410 alicuius
760 3354 923 3410 externae
943 3340 1049 3411 vesti-
1101 3365 1229 3434 rosque
1254 3341 1425 3411 barbaros
1447 3338 1609 3426 religiose
1633 3340 1787 3431 patrium
1811 3363 1947 3408 morem
1969 3342 2008 3408 in
2033 3367 2094 3411 ve-

51 3462 135 3519 tntn
161 3456 294 3515 amant:
334 3455 377 3513 ut
400 3442 496 3510 enim
518 3457 692 3513 amatores
715 3443 929 3512 amasiorum
952 3442 1050 3512 colo·
1101 3445 1187 3513 stitu
1219 3442 1384 3513 retinere.
1434 3437 1527 3510 Cum
1561 3454 1680 3510 autem
1715 3435 1939 3511 Christianae
1969 3443 2094 3513 literae

50 3545 340 3631 semimitantnr,
359 3545 406 3614 ita
423 3544 482 3614 isti
496 3544 622 3614 secius
637 3544 752 3634 gentis
766 3565 894 3628 mores,
914 3545 1051 3629 luxum,
1101 3545 1316 3634 singularem
1334 3541 1439 3612 nohis
1455 3543 1686 3628 modestiam,
1706 3566 1747 3612 ac
1763 3545 2033 3636 verecundiam,
2059 3558 2094 3618 et

50 3665 114 3724 aut
129 3650 202 3721 alia
216 3648 304 3719 vitia
317 3669 453 3732 amare,
476 3660 512 3717 et
532 3647 666 3739 patrios
689 3648 778 3719 ritus
794 3671 833 3717 ac
850 3647 942 3737 leges
964 3670 1051 3717 con·
1101 3672 1242 3718 morum
1277 3646 1511 3717 constantiam
1544 3645 1778 3737 praecipiant,
1815 3659 1919 3737 turpe
1950 3661 2002 3718 est
2028 3644 2096 3719 hac

51 3768 234 3836 temnere,
253 3744 321 3819 hac
336 3749 481 3820 vestitus
497 3750 696 3821 imitatione
713 3750 924 3839 significant.
975 3748 1049 3838 Qui
1102 3765 1201 3844 parte
1231 3750 1383 3820 leviores
1416 3772 1482 3818 nos
1509 3744 1690 3839 perhiberi
1715 3749 1760 3818 iis
1786 3750 1971 3837 gentibus,
2003 3776 2095 3844 quae

51 3854 239 3946 Principes
258 3853 415 3945 primum
436 3849 590 3923 Romam
612 3855 830 3922 advexerunt
851 3853 1051 3923 diademata
1102 3849 1504 3943 Christianapraeccpta
1521 3851 1697 3940 ignorant.
1736 3849 1863 3920 Videte
1879 3876 2008 3944 quaeso
2021 3851 2096 3923 Da-

53 3958 290 4052 etplerasque
306 3954 510 4046 peregrinas
526 3955 662 4025 vestes?
691 3979 813 4024 nonne
835 3955 890 4023 illi
910 3955 973 4048 qui
989 3979 1051 4024 ve-
1103 3958 1243 4036 videm,
1275 3979 1382 4048 quam
1402 3953 1592 4043 diligenter
1618 3952 1796 4043 putaverit
1818 3953 1856 4021 in
1877 3948 2095 4041 huiusmodi,

55 4063 191 4133 teribus
212 4058 351 4149 legibus
374 4056 518 4140 deletis,
542 4057 582 4125 in
604 4058 731 4127 urbem
754 4059 930 4128 obscoena
953 4081 1051 4126 sacra
1104 4082 1306 4153 quanquam
1324 4056 1443 4147 parvis
1460 4057 1575 4140 rebus,
1599 4057 1769 4124 decorum
1783 4058 1997 4125 servandum
2012 4081 2096 4129 esse.

57 4177 269 4246 exterorum,
289 4173 331 4231 nt
342 4154 581 4244 bacchanalia,
607 4175 787 4250 praeterea
803 4161 961 4251 exempla
976 4161 1053 4229 foe-
1105 4161 1139 4232 ls
1162 4160 1258 4230 enim
1278 4182 1358 4228 cum
1382 4157 1504 4247 legatis
1527 4179 1610 4226 suae
1628 4157 1743 4247 gentis
1764 4182 1784 4226 a
1801 4158 1922 4227 vicino
1941 4162 2095 4252 quodam

60 4266 201 4339 dissima
218 4262 422 4355 peregrinae
438 4261 600 4332 luxuriae
613 4262 843 4333 adferebant?
878 4260 1051 4332 Videmus
1104 4263 1202 4350 Rege
1218 4274 1330 4331 vestes
1343 4282 1407 4350 per
1422 4258 1673 4329 contumeliam
1691 4261 1892 4330 decurtatae
1906 4279 2031 4348 essent,
2057 4289 2096 4335 ac

61 4361 124 4441 hoe
150 4382 313 4456 tempore
340 4365 512 4459 quosdam
536 4362 690 4434 'l'nrcico
716 4357 842 4434 habitu
872 4365 1051 4446 delectari,
1104 4366 1216 4435 barba
1230 4376 1353 4433 contra
1368 4385 1502 4432 morem
1518 4385 1596 4431 rasa
1609 4375 1718 4444 esset,
1745 4363 1846 4431 iussit
1866 4377 1906 4432 nt
1922 4363 1959 4432 in
1983 4380 2098 4435 extre·

66 4494 134 4541 tton
147 4472 255 4541 credo
268 4469 316 4537 ob
337 4467 442 4537 aliam
464 4489 624 4547 causam,
649 4467 720 4537 nisi
737 4467 820 4560 quia
838 4480 978 4537 nostrae
995 4491 1053 4536 re-
1104 4493 1164 4537 mo
1188 4465 1289 4556 regni
1312 4464 1443 4556 oppido
1473 4487 1509 4532 ee
1535 4476 1715 4544 tenerent,
1748 4487 1814 4533 nec
1841 4466 2027 4554 prodirent
2058 4469 2106 4536 in.

68 4570 204 4663 ligionis
235 4584 270 4641 et
299 4570 415 4659 legum
451 4581 653 4639 nostrarum
687 4569 826 4639 satietas
856 4592 916 4638 eos
949 4569 1053 4660 cepit,
1105 4570 1310 4662 publicum,
1344 4570 1458 4637 donec
1488 4567 1598 4636 barba
1629 4566 1804 4636 crevisset.
1867 4564 1965 4654 Quid
1999 4567 2101 4639 aliud

72 4697 148 4766 qnos
171 4672 344 4769 quoniam
368 4683 514 4741 externa
542 4671 691 4762 imperia
723 4684 904 4762 expetere,
935 4694 1054 4741 morea
1105 4672 1255 4742 sensisse
1279 4669 1539 4739 sanctissimum
1567 4666 1701 4759 Regem
1726 4668 1888 4747 creditis,
1924 4674 2100 4761 quemad

72 4778 318 4870 religionesque
336 4796 455 4845 amare
471 4785 633 4863 apparet,
659 4795 732 4841 non
750 4774 877 4843 dubito
902 4797 962 4843 eos
985 4769 1054 4844 ho-
1105 4774 1262 4845 oificium
1285 4771 1372 4842 boni
1387 4771 1455 4840 viri
1475 4771 1651 4861 pertinere
1672 4765 1764 4841 hanc
1779 4794 1922 4863 quoque
1945 4772 2102 4863 diligen-

74 4891 129 4951 ttes
142 4880 277 4973 patriae
291 4876 480 4969 appellare.
533 4872 617 4943 Non
632 4874 726 4943 enim
741 4887 879 4945 tantum
896 4876 964 4956 illi,
991 4876 1054 4970 qni
1107 4878 1191 4951 tiam
1210 4875 1497 4966 cautionemque,
1521 4896 1568 4941 ne
1583 4895 1711 4962 genere
1726 4873 1892 4958 vestitus,
1918 4888 1977 4945 aut
2000 4877 2101 4945 simi-

10 5012 13 5053 ι
74 4978 148 5055 ioris
168 5005 267 5055 arma
292 4990 421 5070 gerunt
442 4978 612 5046 adversus
640 4976 809 5068 patriam,
842 4972 962 5049 hostes
985 5003 1055 5070 pu·
1108 4981 1202 5048 libus
1218 4977 1342 5056 rebus,
1370 4975 1578 5067 cuiusquam
1591 4975 1714 5045 oculos
1729 4974 1912 5045 offendat?
1946 4973 1995 5050 At
2010 4974 2102 5050 hanc

75 5087 160 5157 anti
175 5097 277 5168 sunt,
301 5083 365 5152 sed
384 5079 625 5169 multomagis
648 5079 726 5164 isti,
751 5081 814 5172 qui
829 5080 1054 5172 disciplinam
1107 5078 1331 5170 diligentiam
1367 5076 1518 5147 maxime
1553 5100 1620 5147 nos
1657 5071 1884 5147 scholasticos
1925 5095 2102 5170 praestare

76 5184 219 5274 civilem,
244 5184 308 5280 qui
327 5182 503 5253 maiomm
527 5182 690 5252 instituta
711 5177 805 5251 nihil
823 5184 868 5253 ad
887 5206 923 5253 se
945 5183 1057 5275 perti·
1107 5183 1278 5276 oportuit.
1329 5177 1400 5250 Sed
1422 5204 1444 5248 o
1465 5175 1582 5250 Deum
1611 5179 1868 5261 immortalem,
1902 5181 1983 5273 quis
2004 5186 2104 5268 ordo,

10 5288 14 5301 '
77 5309 147 5361 nere
159 5289 391 5370 arbitrantur,
415 5285 504 5354 alios
519 5308 636 5354 mores
652 5285 737 5355 loris
752 5298 945 5355 accersunt.
983 5285 1057 5357 La-
1108 5285 1205 5380 quod
1228 5305 1339 5374 genus
1360 5293 1411 5351 est
1433 5275 1640 5360 hominum,
1666 5279 1728 5372 qui
1746 5276 1809 5352 has
1826 5282 1978 5373 ineptias
1992 5286 2102 5375 magis

78 5390 280 5465 tedaentonii
302 5385 478 5479 hospitem
501 5385 684 5457 Milesium
712 5411 793 5457 cum
816 5387 896 5458 aliis
919 5387 1057 5459 deliciis
1109 5402 1229 5459 ament
1244 5410 1350 5479 quam
1367 5379 1593 5453 scholastici?
1642 5379 1812 5453 Militaris
1836 5385 2023 5479 plerosque
2040 5380 2106 5456 ha-

79 5494 300 5578 tdlloentem,
325 5505 403 5562 tum
423 5490 463 5558 in
481 5490 610 5560 vestitu
633 5489 931 5583 sumptuosiorem
948 5514 1056 5583 mam
1109 5480 1206 5565 bitu's
1227 5489 1396 5573 delectat,
1429 5508 1536 5578 quem
1566 5506 1641 5555 non
1665 5507 1739 5555 uno
1764 5487 1873 5556 modo
1894 5487 2106 5577 deformant,

118 5601 295 5667 llrtasrn.
321 5597 426 5665 Orsa.
453 5584 537 5665 Vos.
566 5595 631 5664 xl.
1446 5588 1494 5659 10
