4664 6022
228 333 304 409 889
744 413 747 419 ,
816 325 987 404 DECL·
1021 324 1098 402 DE
1129 322 1286 404 CASP.
1317 325 1682 404 CRUCIGERO.
2203 325 2274 404 84⁰

228 507 395 580 lacticum
423 503 619 577 Ptolemaei
656 504 873 590 construxit,
906 503 1007 575 cuius
1038 504 1112 575 duo
1146 515 1230 575 sunt
1280 502 1541 574 nutrimentum
1575 501 1614 571 in
1644 494 1831 572 humorem
1859 496 2161 576 melancholicom
2200 528 2275 578 ver-

229 611 390 704 aequalia
423 609 535 680 latera
576 606 708 699 pedum
750 608 927 677 denorum
963 619 998 678 et
1033 620 1229 680 ternorum.
1282 607 1441 691 tebatur,
1474 629 1579 699 quem
1606 605 1748 696 copiose
1776 604 1968 677 reiiciebat
2028 603 2093 678 lta.
2106 607 2276 700 paulatim

231 711 341 793 ltem,
375 709 620 802 Quadrantem
652 709 797 800 circuli,
831 711 932 781 cuius
959 710 1231 794 semidiameter,
1282 709 1487 793 contabuit,
1511 732 1592 778 cum
1609 707 1752 801 quidem
1770 709 1905 779 cerebri
1920 709 2203 803 viresusquead
2221 735 2276 782 ex·

161 828 165 833 ’
231 839 308 887 non
329 814 450 885 minor
474 813 588 884 tribus
615 812 763 894 cubitis,
795 812 844 883 ita
867 826 908 882 ut
928 812 1071 905 utrique
1094 813 1230 883 instru-
1270 825 1434 881 tremum
1458 806 1610 882 halitum
1632 811 1879 900 integerrimae
1901 824 2028 888 essent.
2081 809 2154 884 His
2170 815 2277 885 trihus

232 932 353 990 mento
375 915 668 1010 perpendiculum
694 938 757 984 seu
777 911 984 1011 novatam,
1010 916 1155 985 cistulae
1173 902 1229 982 in·
1283 913 1464 984 mensibus
1494 914 1598 1006 quale
1629 909 1807 984 theatrum
1839 916 1984 985 suerunt
2010 914 2089 985 eius
2109 915 2280 988 virtutes?

233 1021 372 1092 clusum
396 1033 518 1090 contra
541 1017 646 1087 flatus
668 1030 856 1089 ventorum
874 1017 1060 1088 artificiose
1076 1019 1231 1088 adfixum
1282 1016 1384 1087 Nulli
1405 1015 1568 1085 fremitus
1590 1029 1707 1101 erant,
1740 1017 1839 1087 nulla
1861 1017 2080 1108 indignatio:
2113 1022 2180 1089 sed
2205 1020 2279 1114 quir

233 1123 300 1209 sit,
334 1123 535 1214 gubernans
561 1120 665 1190 istam
693 1121 974 1194 collocationem.
1039 1118 1232 1212 Coepimus
1283 1142 1385 1188 mens
1405 1118 1549 1188 obedire
1573 1115 1650 1189 Deo
1675 1120 1898 1205 decreverat,
1921 1134 1956 1189 et
1975 1121 2068 1192 laeta
2088 1136 2279 1194 consuetu·

234 1224 344 1316 igitur
364 1249 435 1296 una
459 1224 616 1317 primum
635 1223 757 1294 multis
779 1223 1088 1295 observationibus
1111 1222 1233 1314 explo-
1284 1223 1405 1292 dinem
1423 1221 1582 1292 coelestis
1595 1218 1775 1292 Ecclesiae
1796 1224 2018 1316 expectabat,
2044 1247 2172 1295 mores
2190 1240 2281 1298 erant

234 1352 315 1399 rare
334 1352 454 1398 veram
479 1325 706 1396 latitudinem
731 1321 838 1397 huius
861 1327 1004 1419 oppidi,
1038 1350 1146 1419 quam
1170 1326 1234 1394 de·
1285 1324 1435 1417 placidi,
1463 1324 1584 1417 quales
1599 1347 1673 1395 esse
1688 1324 1868 1413 solebant,
1892 1349 2074 1398 sermones
2090 1327 2205 1400 etiam
2214 1329 2281 1423 plo·

235 1425 491 1525 prehendimus
505 1452 579 1498 esse
594 1430 768 1518 graduum
783 1430 891 1500 unius
908 1443 943 1499 et
963 1428 1233 1524 quinquaginta,
1284 1428 1323 1496 ni
1340 1425 1481 1519 pietatis
1496 1438 1530 1496 et
1544 1427 1742 1499 suavitatis.

236 1548 272 1607 et
285 1533 533 1626 scrupulorum
551 1546 706 1625 quatuor
725 1546 760 1603 et
773 1532 1043 1627 quinquaginta.
1092 1529 1233 1601 Deinde
1388 1528 1461 1599 Nec
1476 1529 1593 1599 studia
1611 1553 1756 1621 prorsus
1772 1527 1906 1602 omisit.
1944 1531 2029 1602 Dies
2045 1532 2096 1604 ita
2115 1532 2154 1603 ei
2169 1532 2278 1605 distri·

135 1716 145 1730 ·
237 1649 271 1708 et
294 1649 432 1707 motum
455 1634 550 1706 Solis
576 1646 609 1705 et
631 1648 789 1725 tempora
815 1634 1145 1727 aequinoctiorum,
1169 1631 1234 1703 ubi
1284 1632 1370 1702 buta
1389 1643 1480 1716 erat,
1506 1645 1680 1725 quantum
1704 1633 1743 1701 in
1765 1631 1827 1700 illa
1852 1634 1968 1705 morbi
1984 1635 2114 1706 sevitia
2132 1636 2273 1731 lieripo·

237 1734 538 1831 deprehendimus
551 1759 700 1806 vernum
720 1736 986 1830 aequinoctium
1004 1736 1154 1807 sedecim
1172 1759 1234 1828 pe·
1286 1734 1366 1808 tuit.
1424 1733 1534 1804 Mane
1556 1735 1683 1805 filiolas
1705 1736 1793 1806 duas
1814 1736 1858 1804 ad
1879 1759 1915 1805 se
1930 1737 2102 1826 vocabat,
2129 1762 2173 1811 ac
2191 1740 2278 1812 iube-

237 1865 284 1912 ne
305 1840 452 1932 integris
480 1833 580 1909 horis
607 1839 682 1908 fieri
714 1839 868 1924 tardius,
904 1861 1010 1932 quam
1042 1839 1235 1909 ostendunt
1285 1839 1347 1907 bat
1361 1835 1509 1908 recitare
1524 1837 1756 1929 precationes.
1799 1834 1878 1929 lpse
1891 1863 1992 1909 suam
2008 1838 2283 1932 invocationem,

237 1943 387 2016 usitatae
402 1941 700 2034 computationes,
723 1943 783 2012 sed
794 1942 956 2013 autumni
969 1941 1233 2034 aequinoctium
1286 1962 1369 2010 suos
1382 1941 1532 2031 gemitus
1548 1953 1582 2011 et
1595 1935 1795 2036 lachrymas
1804 1965 1868 2031 pro
1878 1936 2050 2026 Ecclesia,
2075 1968 2150 2038 pro
2164 1947 2282 2041 seipso,

237 2070 364 2140 parum
382 2069 402 2115 a
419 2045 554 2115 calculo
573 2044 784 2137 discrepare.
1285 2067 1351 2136 pro
1369 2043 1463 2113 natis
1479 2042 1664 2128 miscebat,
1689 2067 1792 2135 saepe
1809 2038 1895 2114 haec
1909 2044 2017 2116 verba
2031 2061 2211 2142 repetens.

342 2145 409 2218 His
431 2160 465 2219 ct
487 2146 665 2217 similibus
691 2147 1002 2220 observationibus
1024 2146 1130 2232 moti,
1162 2142 1234 2218 Co·
1389 2143 1566 2215 lnvocote
1583 2145 1809 2238 omnipotens
1822 2145 1940 2228 Deus,
1966 2161 2117 2221 aeterne
2132 2165 2168 2225 et
2182 2153 2278 2225 unice

238 2250 424 2347 pernicum
460 2250 572 2340 magis
612 2250 783 2328 admirari
824 2264 859 2322 et
892 2275 1011 2320 amare
1043 2249 1234 2341 coepimus.
1286 2261 1386 2342 pater
1411 2245 1558 2319 Domini
1580 2249 1692 2319 nostri
1714 2247 1793 2319 lesu
1819 2244 1973 2337 Christi,
2007 2254 2178 2327 conditor
2194 2256 2278 2327 coeli

238 2351 405 2447 Eumque
428 2353 557 2437 secuti,
583 2368 722 2425 nostras
739 2353 1003 2424 observationes
1018 2377 1099 2423 cum
1117 2346 1235 2421 omni·
1287 2367 1321 2423 ct
1354 2366 1468 2423 terrae
1499 2363 1534 2421 et
1559 2345 1767 2436 hominum,
1802 2352 1836 2421 et
1863 2346 2045 2426 Ecclesiae
2083 2368 2175 2444 tuae,
2205 2383 2274 2429 una

239 2458 307 2529 hus
323 2455 618 2550 praecedentibus
630 2456 669 2525 in
685 2451 753 2526 hoc
767 2478 894 2547 genere
912 2456 1139 2530 contulimus.
1191 2452 1234 2524 ln
1286 2478 1367 2525 cum
1383 2453 1457 2524 filio
1483 2466 1545 2524 tuo
1560 2467 1745 2524 coaeterno
1763 2453 1920 2526 Domino
1937 2470 2063 2530 nostro
2084 2455 2164 2532 lesu
2176 2455 2278 2533 Chri-

239 2583 311 2657 qua
339 2558 623 2629 consideratione
651 2558 967 2630 animadvertimus
996 2559 1081 2629 anni
1115 2581 1234 2628 veram
1285 2572 1360 2642 sto,
1386 2571 1420 2628 et
1438 2553 1578 2649 Spiritu
1599 2571 1738 2641 sancto,
1763 2557 1922 2651 sapiens,
1945 2562 2063 2648 bone,
2091 2562 2203 2651 iuste,
2226 2589 2278 2636 ve·

239 2686 301 2734 seu
316 2662 545 2754 adparentem
561 2661 845 2752 magnitudinem
859 2662 953 2749 eius,
979 2685 1085 2756 quam
1100 2658 1234 2752 Cuper-
1286 2683 1366 2745 rax,
1403 2659 1622 2740 misericors,
1654 2672 1763 2745 caste,
1797 2661 1980 2734 liberrime
2016 2668 2140 2738 custos
2166 2663 2277 2740 Eccle-

239 2765 341 2836 nieus
367 2764 620 2856 temporalem,
656 2761 787 2835 Graeci
810 2759 982 2850 τοπικὸν,
1015 2763 1136 2834 Latini
1153 2787 1235 2836 ver·
1286 2763 1377 2848 siae,
1408 2761 1575 2832 miserere
1600 2763 1690 2843 mei,
1723 2776 1758 2833 et
1783 2764 1924 2835 remitte
1948 2761 2041 2837 mihi
2066 2768 2196 2842 omnia
2215 2795 2274 2842 roca

239 2880 375 2939 tentem
390 2867 534 2949 dicunt,
558 2891 655 2936 nunc
672 2866 802 2938 iterum
819 2867 989 2937 maiorem
1012 2889 1101 2952 esse,
1126 2890 1234 2961 quam
1286 2878 1446 2957 peccata,
1478 2878 1625 2958 propter
1659 2861 1774 2934 lesum
1806 2862 1991 2938 Christum
2018 2870 2141 2943 lilium
2180 2886 2266 2954 tum,

240 2969 297 3054 vel
311 2964 519 3059 Albategnii
540 2969 597 3037 vel
620 2964 800 3062 Alphonsi
823 2969 1061 3061 temporibus:
1088 2993 1128 3039 ac
1144 2993 1234 3061 pene
1286 2967 1491 3038 crucifixum
1515 2992 1581 3060 pro
1604 2967 1707 3037 nobis
1729 2981 1763 3038 et
1787 2971 2053 3055 resuscitatum,
2093 2967 2272 3076 λόγονμὰ
2320 2972 2322 2977 ’

240 3094 364 3143 rursus
373 3071 556 3166 aequalem
571 3070 700 3142 saetam
717 3071 769 3157 ei,
790 3095 898 3165 quam
913 3070 1134 3143 Ptolemaeus
1150 3096 1235 3164 pro-
1286 3062 1411 3144 ἐικόνα
1433 3088 1502 3142 σου
1526 3065 1670 3154 ἀΐδιον,
1705 3095 1811 3165 quem
1834 3073 1980 3145 voluisti
2001 3099 2072 3167 pro
2094 3079 2271 3151 nobisesse

239 3175 351 3260 didit,
386 3173 550 3246 videlicet
572 3187 712 3267 praeter
742 3174 818 3245 dies
845 3174 1001 3264 integros
1024 3171 1098 3249 865
1127 3170 1234 3245 hora·
1286 3173 1485 3257 victimam,
1517 3168 1582 3245 καὶ
1608 3166 1765 3268 μεσίτην
1795 3168 1859 3246 καὶ
1878 3171 2022 3271 ἱκέτην,
2058 3181 2226 3252 mirando
2245 3192 2276 3250 et

240 3271 360 3348 rum5
381 3290 416 3348 et
434 3278 685 3368 scrupulorum
701 3277 899 3370 primorum
914 3271 965 3348 55
984 3279 1092 3348 unius
1115 3272 1234 3351 horae.
1286 3275 1519 3346 inenarrabili
1537 3277 1703 3347 consilio:
1737 3278 1914 3350 sanctifica
1932 3303 1989 3348 me
2006 3276 2158 3373 Spiritu
2174 3297 2278 3356 sendo

238 3377 332 3451 Cum
355 3379 490 3450 reditus
511 3379 607 3451 Solis
628 3382 671 3450 ad
698 3380 854 3450 medium
877 3380 1140 3474 aequinoctium
1159 3404 1233 3450 non
1285 3393 1368 3465 tuo,
1402 3402 1502 3449 serva
1525 3378 1564 3449 in
1593 3372 1648 3449 his
1676 3380 1881 3470 regionibus
1901 3378 2088 3455 Ecclesiae
2112 3387 2281 3482 reliquias,

239 3496 382 3574 superet
406 3478 559 3553 horas5
593 3484 758 3575 scrupula
781 3481 830 3553 49
861 3507 942 3553 cum
975 3485 1104 3554 triente
1125 3483 1233 3553 unius
1287 3505 1360 3550 non
1375 3481 1471 3551 sinas
1485 3481 1643 3572 extingui
1657 3483 1772 3552 lucem
1786 3479 1972 3575 Evangelii
1987 3486 2055 3558 tui.
2093 3486 2281 3562 Facetiam

239 3581 410 3677 scrupuli.
475 3580 526 3655 At
553 3585 688 3657 reditus
717 3584 813 3656 Solis
843 3586 887 3655 ad
921 3587 1069 3655 eandem
1096 3586 1232 3656 stellam
1287 3607 1385 3654 meos
1414 3579 1594 3676 orphanos
1621 3609 1704 3655 vasa
1731 3585 2006 3660 misericordiae.
2080 3588 2221 3665 Invoco
2252 3605 2282 3664 te

239 3688 344 3758 lixam
385 3687 518 3757 excedit
551 3688 784 3782 quadrantem
826 3686 899 3757 diei
940 3712 1030 3780 pene
1078 3701 1234 3759 sextante
1286 3710 1489 3780 quanquam
1514 3686 1682 3777 languida
1709 3701 1744 3757 et
1757 3687 1935 3759 imbecilla
1952 3690 2041 3776 lide,
2067 3696 2134 3764 sed
2152 3696 2222 3767 lide
2236 3710 2283 3766 u-

240 3789 348 3861 unius
374 3783 484 3859 horae
511 3790 792 3884 aequinoctialis.
853 3787 970 3880 Quem
993 3790 1234 3861 annum-licet
1286 3814 1379 3861 men.
1441 3787 1558 3860 Credo
1580 3790 1632 3859 lili
1656 3787 1723 3859 Dei
1744 3787 1900 3861 Domine
1926 3790 2005 3863 lesu
2026 3788 2182 3870 Christe
2208 3822 2282 3892 pro-

232 3885 509 3988 ’docapore‘ptda
525 3892 722 3964 nominare.
774 3891 868 3963 Belli
883 3903 1043 3983 tempore
1059 3918 1138 3963 eum
1160 3918 1232 3963 non
1287 3892 1447 3962 missioni
1462 3906 1561 3976 tuae,
1589 3917 1693 3985 quam
1712 3895 1958 3986 sanguinetuo
1974 3909 2009 3966 et
2025 3903 2282 3974 resurrectione

239 3994 474 4086 impediretur
493 3995 809 4088 praelectionibus,
843 4007 883 4066 ut
903 3996 1120 4066 moesticiam
1142 3997 1233 4066 leni·
1286 3994 1492 4086 obsignasti.
1555 3989 1698 4065 Adiuva
1714 4021 1791 4083 me,
1818 3997 1913 4087 erige
1929 4021 2049 4069 mcum
2068 4016 2197 4094 pectus
2212 4005 2281 4076 lide.

240 4109 314 4180 ret,
334 4097 414 4188 plus
429 4098 598 4189 temporis
611 4098 739 4170 tribuit
751 4097 1080 4183 observationibus,
1104 4099 1141 4169 in
1153 4098 1234 4192 qui·
1385 4093 1460 4166 llas
1474 4096 1567 4187 ipsas
1584 4121 1686 4168 voces
1704 4123 1807 4191 saepe
1823 4124 1903 4169 eum
1919 4115 2081 4193 repetere
2099 4107 2211 4180 multi
2222 4129 2283 4178 au·
2320 4138 2322 4151 ·

240 4198 308 4268 bus
329 4221 405 4269 non
428 4199 545 4270 solum
575 4201 706 4272 nostris
730 4197 906 4272 machinis
926 4201 1138 4281 maioribus,
1172 4204 1232 4271 sed
1287 4200 1450 4273 divimus.
1501 4194 1642 4269 Deinde
1661 4199 1751 4272 filias
1775 4202 2042 4297 alloquebatur,
2070 4219 2104 4278 et
2130 4207 2282 4282 inculce-

240 4299 347 4371 ctiam
366 4301 447 4371 aliis
468 4302 670 4373 minoribus
691 4305 876 4386 utebatur,
910 4328 999 4396 quas
1016 4316 1102 4374 tunc
1123 4304 1234 4374 labri·
1287 4304 1347 4372 bat
1363 4302 1518 4397 aliquam
1534 4302 1716 4373 doctrinae
1732 4317 1878 4394 partem.
1924 4302 1991 4375 His
2006 4306 2190 4394 dimissis,
2214 4310 2281 4404 ipse

240 4401 313 4472 cari
342 4417 534 4477 curaverat.
600 4403 696 4476 Loca
731 4405 841 4495 igitur
871 4406 1053 4477 stellarum
1084 4406 1233 4477 fixarum
1286 4404 1425 4476 redibat
1439 4405 1483 4473 ad
1499 4428 1623 4495 operas
1640 4405 1829 4482 institutas.
1881 4404 1970 4478 Nam
1987 4408 2109 4480 morbi
2128 4426 2280 4506 ternpore
2320 4482 2322 4495 ,

239 4504 434 4578 multarum
450 4505 670 4592 observavit,
695 4531 788 4602 quae
810 4508 920 4601 ipsius
941 4533 1049 4579 manu
1063 4523 1232 4580 annotata
1285 4506 1438 4578 absolvit
1458 4506 1657 4577 versionem
1683 4508 1769 4579 libri
1783 4505 1933 4580 Lutheri
1951 4511 1996 4580 de
2010 4511 2155 4584 ultimis
2169 4513 2280 4588 verbis
2320 4590 2322 4599 ,

238 4601 421 4681 habemus.
488 4602 644 4701 Opticen
675 4610 781 4680 etiam
820 4612 932 4703 probe
957 4606 1152 4695 intellexit,
1193 4624 1235 4683 ut
1284 4608 1414 4681 David.
1463 4605 1660 4702 Reliquum
1684 4624 1823 4703 tempus
1835 4613 2016 4685 tribuebat
2031 4613 2125 4688 alias
2139 4615 2281 4690 lectioni
2320 4666 2322 4683 .

239 4733 347 4802 opera
368 4709 444 4782 eius
468 4712 608 4803 generis
628 4710 740 4803 ipsius
771 4737 881 4783 manu
907 4714 1083 4806 descripta
1113 4728 1233 4785 osten·
1285 4712 1526 4792 Psalmorum,
1560 4712 1648 4782 alias
1669 4709 1892 4802 Ptolemaeo,
1927 4712 2092 4802 Theoni,
2128 4713 2280 4804 Euclidi.

238 4813 341 4886 dunt.
392 4810 484 4884 Nam
504 4824 539 4882 et
560 4808 704 4887 Rhetici
722 4815 1006 4887 lucubrationem
1024 4829 1058 4886 et
1072 4812 1232 4888 Alhasen
1284 4812 1473 4908 Epitomae
1497 4809 1788 4904 Regiomontani.
1848 4812 1896 4889 Et
1915 4842 1996 4887 eum
2013 4819 2076 4890 diu
2091 4821 2187 4894 foris
2201 4847 2282 4897 eou-

238 4937 302 4985 sua
338 4938 447 4986 manu
482 4915 687 5009 descripsit,
727 4917 790 4987 ubi
820 4918 933 4991 multa
962 4909 1233 5017 διαγράμματα
1284 4918 1475 5007 templatus
1495 4927 1585 4986 esset
1608 4917 1765 5000 coelum,
1795 4921 1939 4989 tandem
1962 4944 2086 4993 rursus
2111 4924 2282 5001 velotiu-

238 5040 329 5110 quae
343 5019 489 5088 deerant
503 5018 657 5090 addidit.
1284 5043 1422 5110 gressus
1436 5017 1593 5103 coelum,
1618 5019 1732 5090 lilium
1744 5017 1813 5089 Dei
1825 5018 2023 5092 Dominum
2045 5024 2282 5101 nostrum-lo·
2320 5058 2322 5077 ¹

341 5119 413 5192 Sed
441 5120 525 5214 quia
549 5120 746 5213 longiorem
771 5121 1140 5192 commemorationem
1163 5115 1232 5193 hoc
1282 5147 1361 5193 sum
1377 5117 1559 5192 Christum
1574 5122 1826 5213 compellabat,
1849 5138 1883 5195 et
1899 5125 2065 5197 usitatam
2083 5127 2284 5205 invocatio-

134 5248 136 5252 *
238 5232 377 5313 tempus
401 5222 507 5292 nobis
534 5246 609 5293 non
630 5223 810 5306 concedit,
843 5247 953 5317 pauca
978 5225 1023 5293 de
1050 5235 1230 5316 postremo
1284 5248 1366 5293 nem
1396 5238 1431 5295 et
1452 5222 1709 5294 confessionem
1733 5228 1923 5317 repetebat.
1982 5225 2182 5305 Sermones
2205 5258 2282 5306 cum

237 5323 313 5395 eius
330 5337 410 5395 actu
425 5323 552 5394 dicam.
603 5324 821 5398 Meministis
834 5349 916 5396 eum
931 5325 1142 5397 decumbere
1150 5326 1232 5418 plus
1284 5325 1405 5396 amicis
1434 5338 1553 5410 erant,
1595 5327 1717 5419 quales
1743 5340 1847 5398 antea
1874 5328 2017 5401 socrant
2044 5333 2091 5402 de
2114 5337 2281 5410 omnibus

122 5474 126 5485 -
236 5426 353 5498 tribus
372 5425 573 5511 mensibus,
598 5427 676 5499 sine
694 5453 755 5521 spe
776 5430 1038 5517 recuperandae
1054 5428 1231 5500 valetudi-
1283 5428 1464 5499 doctrinae
1477 5427 1656 5520 partibus,
1680 5430 1725 5499 de
1739 5430 1902 5501 miranda
1910 5426 2091 5504 Ecclesiae
2103 5438 2279 5526 guberna·

237 5528 304 5601 nis.
360 5523 477 5600 Erant
508 5529 604 5600 enim
632 5529 931 5602 extincta-vires
954 5530 1163 5618 ventriculi,
1196 5543 1231 5603 et
1282 5530 1397 5620 tione,
1423 5534 1469 5602 de
1480 5529 1764 5618 immortalitate,
1790 5534 1835 5604 de
1849 5558 1911 5626 spe
1929 5548 2076 5609 nostrae
2088 5556 2280 5617 cousum-
