4664 6022
144 296 222 376 48⁹
640 289 808 370 DECL.
838 289 912 369 DE
945 284 1393 369 RESTI'I'UENDIS
1425 286 1693 367 senonls.
2111 294 2187 369 tao

141 465 386 564 repromittit
409 470 607 538 mercedem
630 468 814 562 inquiens:
840 463 957 539 Arnen
978 469 1060 539 dico
1075 492 1141 538 vo-
1191 484 1257 533 nec
1281 474 1396 556 potest
1418 463 1562 557 quidem
1590 464 1655 536 diu
1678 464 1880 535 conservari
1903 466 2081 553 doctrina,
2112 466 2184 539 uisi

141 575 219 654 bis,
259 570 291 642 si
317 569 399 663 quit
423 570 562 643 dederit
586 572 643 641 vel
665 594 778 666 aquae
803 582 928 664 potum
955 571 1064 641 alicui
1097 594 1139 640 ex
1191 559 1391 639 scholastici
1406 579 1526 637 coetus
1538 567 1780 658 adiungantur
1794 563 2040 643 adEcclesias.
2074 566 2183 640 Haud

141 673 307 748 minimis
330 684 476 764 propter
507 674 724 758 doctrinam,
755 675 953 745 mercedem
980 672 1149 765 accipiet.¹
1191 668 1300 739 dubie
1319 667 1444 760 primis
1464 668 1624 759 patribus
1643 666 1763 755 Adae,
1792 665 1936 756 Nohae,
1968 668 2069 757 Sem,
2100 670 2181 740 ideo
2223 750 2228 759 ³
2267 759 2274 773 ·

143 775 270 868 Quare
283 786 319 845 et
332 773 435 844 vobis
456 798 559 865 spero
570 772 686 846 Deum
708 777 975 847 benefacturum
991 798 1085 862 esse,
1109 774 1141 845 si
1190 783 1382 863 propagata
1405 783 1458 842 est
1477 770 1550 841 vita
1573 783 1626 842 tot
1648 771 1791 858 seculis,
1812 785 1854 844 ut
1869 773 2048 844 auditores
2072 766 2183 842 babe-

143 900 213 951 uos
241 875 416 968 complexi
442 877 599 962 fueritis,
631 877 694 971 qui
716 880 979 972 qualescunque
1008 900 1140 963 sumus,
1190 885 1271 943 rent
1294 885 1397 944 testes
1419 867 1653 953 ἀξιοπίστους
1677 875 1722 943 de
1748 873 1864 966 prima
1885 874 2023 966 origine
2046 873 2184 965 generis

144 995 268 1053 tamen
283 1001 326 1048 ex
340 978 404 1048 illo
418 992 519 1049 coetu
535 1002 675 1063 sumus,
697 982 742 1050 de
757 1005 828 1074 qno
843 975 1007 1053 Christus
1022 978 1140 1074 loqui-
1191 969 1358 1055 humani,
1381 975 1496 1068 deque
1517 975 1621 1047 initio
1636 977 1830 1048 doctrinae.
1880 974 2007 1049 Postea
2026 975 2184 1047 familias

145 1096 224 1164 tur,
250 1076 486 1169 Evangeliom
506 1082 600 1150 enim
624 1082 925 1166 circumferimus,
950 1082 1013 1153 etsi
1028 1083 1141 1154 fatcor
1191 1070 1377 1161 Abrahae,
1403 1073 1519 1167 lsaac,
1546 1073 1671 1158 laceb,
1696 1100 1841 1169 prorsus
1864 1073 2005 1150 scholae
2026 1079 2184 1150 luerunt.

144 1206 204 1255 me
218 1204 303 1251 vere
318 1203 392 1251 esse
406 1182 567 1251 omnium
585 1184 649 1277 qui
664 1185 809 1266 docent,
835 1184 1037 1256 minimum.
1190 1176 1331 1249 Deinde
1346 1202 1426 1249 cum
1442 1179 1496 1248 lex
1512 1177 1631 1273 Moysi
1651 1181 1739 1251 data'
1746 1195 1816 1266 est,
1841 1181 1913 1252 iam
1930 1182 2064 1252 clarum
2080 1203 2185 1251 mau-

250 1281 322 1355 Sed
348 1306 429 1353 cum
456 1284 611 1368 ordinis,
641 1310 681 1354 ac
706 1285 900 1357 functionis
926 1286 1136 1377 dignitatem
1191 1281 1314 1350 datum
1337 1281 1381 1349 de
1401 1274 1532 1350 scholis
1554 1282 1715 1355 additum
1742 1296 1805 1353 est.
1864 1280 2107 1356 Constitutum
2132 1293 2185 1352 est

145 1382 314 1458 Christus
326 1384 561 1474 magnifaciat,
586 1386 653 1456 erit
667 1401 804 1458 vestrae
819 1389 969 1479 pietatis,
995 1412 1051 1460 me
1065 1410 1138 1457 nou
1192 1381 1309 1466 enirn,
1344 1394 1386 1453 ut
1403 1383 1450 1451 ad
1473 1381 1740 1454 tabernaculum
1766 1407 1905 1476 semper
1927 1398 2042 1456 essent
2064 1395 2185 1454 coetus

143 1487 321 1580 gravatim
336 1486 471 1561 audire.
524 1487 680 1558 Maiores
695 1490 801 1559 vestri
817 1503 1021 1561 reverenter
1041 1514 1140 1559 exce-
1193 1483 1395 1557 docentium
1412 1496 1446 1555 et
1458 1484 1684 1560 discentium.
1736 1484 1788 1557 lta
1810 1485 1956 1557 Samuel
1969 1487 2120 1557 traditus
2133 1495 2185 1554 est

142 1604 277 1683 perum
292 1588 423 1658 multos
437 1611 478 1657 ex
493 1588 609 1659 insula
623 1588 827 1662 Scottorum
851 1615 1028 1689 egressos,
1051 1589 1140 1662 Gal·
1192 1583 1472 1676 indisciplinam
1494 1586 1549 1656 illi
1566 1587 1734 1678 collegio,
1760 1586 1907 1679 perinde
1923 1613 1963 1659 ac
1979 1590 2010 1659 si
2034 1600 2122 1659 esset
2145 1586 2185 1654 in

139 1692 244 1775 tum,
276 1687 521 1773 Bonifatium,
551 1704 586 1762 et
607 1692 716 1774 alios,
749 1693 813 1788 qui
843 1696 883 1764 in
909 1693 1139 1766 Germaniam
1192 1684 1419 1761 Academiam
1434 1689 1525 1757 bene
1541 1690 1766 1762 constitutam
1780 1689 1920 1765 missus.
1959 1687 2087 1761 Postea
2095 1710 2185 1759 cnm

145 1792 349 1865 intulerunt
364 1787 610 1881 Evangelium,
636 1788 765 1864 horum
783 1821 845 1867 vos
860 1793 1008 1867 honesta
1024 1819 1141 1865 crem·
1193 1790 1410 1880 negligerent
1425 1790 1542 1860 studia
1561 1792 1775 1878 sacerdotes,
1797 1791 1894 1865 Deus
1913 1791 2078 1865 excitavit
2094 1787 2186 1860 Pro-

143 1895 204 1989 pla
225 1892 362 1965 imitari
377 1894 497 1978 decet,
519 1897 726 1985 praesertim
750 1921 830 1967 cum
855 1895 912 1969 his
936 1897 1140 1967 miserrimis
1192 1888 1328 1986 phetas,
1352 1889 1415 1984 qui
1428 1912 1573 1980 magnas
1587 1907 1743 1965 catervas
1754 1893 1965 1966 discentium
1979 1918 2098 1964 secum
2114 1906 2188 1963 tra-

144 1994 372 2088 temporibus
392 1995 592 2065 doctrinam
608 1992 848 2068 Christianam
875 2001 1009 2092 ubique
1029 2013 1142 2068 terra-
1191 2007 1340 2078 xerunt,
1364 2003 1405 2063 ut
1427 2005 1568 2065 tantum
1590 2018 1713 2086 agmen
1738 2009 1812 2067 erat
1836 1995 2038 2067 auditorum
2062 1990 2189 2077 Elisei,

142 2122 232 2173 rum
252 2092 420 2167 horribili
443 2097 595 2168 amentia
613 2096 803 2170 Pontifices
825 2125 864 2170 ac
885 2099 1000 2191 Reges
1024 2101 1141 2170 delere
1192 2109 1233 2168 ut
1249 2118 1329 2164 cum
1352 2107 1456 2165 antea
1473 2095 1512 2163 in
1530 2092 1667 2168 lericho
1691 2093 1926 2184 habitassent,
1950 2110 2095 2189 propter
2112 2095 2189 2165 eius

144 2212 337 2272 conentur.
391 2195 434 2266 ln
456 2211 557 2269 tanto
583 2201 727 2291 publico
752 2202 908 2291 periculo
932 2203 1064 2273 credite
1078 2223 1142 2270 vos
1192 2197 1489 2286 lociangustiam,
1513 2210 1725 2291 quaererent
1741 2201 1785 2271 ad
1802 2197 1990 2271 Iordanem
2007 2199 2112 2270 aliam
2132 2219 2188 2266 se-

147 2300 233 2373 Deo
253 2299 489 2390 gratissimum
509 2301 664 2371 osticium
685 2303 814 2389 facere,
840 2306 934 2396 quod
953 2300 1140 2393 Evangelii
1192 2302 1286 2371 dem.
1346 2295 1421 2368 Nec
1449 2311 1570 2390 putate
1601 2301 1739 2371 ociosos
1768 2323 1889 2393 greges
1921 2294 2187 2373 Monachorurn

144 2399 322 2475 Doctores
352 2403 504 2490 benigne
531 2403 709 2492 excipitis,
741 2406 910 2490 tuemini,
941 2420 976 2475 et
1001 2405 1142 2474 auditis.
1192 2400 1321 2480 luisse,
1347 2401 1408 2469 sed
1432 2398 1514 2470 illos
1536 2402 1805 2475 summosviros
1826 2403 2020 2475 audiebant
2037 2404 2080 2472 de
2101 2424 2187 2492 pro·
2250 2393 2255 2401 ’

146 2502 248 2577 llaec
267 2506 313 2573 de
336 2502 491 2594 meipso
515 2506 692 2594 praefatus
710 2527 809 2590 sum,
834 2508 991 2576 nuncin
1015 2529 1142 2595 genere
1194 2501 1424 2575 missionibus
1439 2502 1665 2589 disserentes,
1689 2507 1733 2576 de
1747 2528 1856 2596 regno
1868 2501 2018 2592 Christi,
2044 2505 2087 2574 de
2104 2525 2187 2595 pee-

143 2600 344 2679 deseholis
363 2607 459 2674 etde
485 2605 702 2695 professione
726 2631 801 2677 mea
820 2610 945 2678 dicam.
997 2606 1087 2678 Nam
1113 2607 1142 2677 si
1194 2617 1290 2689 cato,
1316 2605 1362 2673 de
1376 2602 1469 2691 lege,
1493 2606 1537 2674 de
1553 2606 1677 2694 gratia,
1702 2608 1747 2675 de
1765 2607 1918 2693 iusticia,
1942 2608 1986 2678 de
2002 2606 2096 2677 veris
2111 2603 2188 2674 cul-

145 2708 233 2803 qois
252 2704 441 2796 cogitabit,
473 2721 645 2799 quantum
666 2709 811 2793 referat,
845 2705 913 2780 hoc
937 2710 1142 2799 praesertim
1196 2707 1292 2779 tibus
1314 2703 1400 2789 Dei,
1426 2706 1471 2775 de
1493 2707 1654 2777 maximis
1675 2710 1935 2780 mutationibus
1956 2709 2055 2779 orbis
2073 2721 2188 2780 terra·

146 2823 333 2901 tempore,
365 2807 503 2877 restitui
524 2810 725 2879 emendatas
746 2807 904 2891 scholas,
932 2807 1027 2882 branc
1053 2807 1143 2880 mihi
1196 2831 1287 2879 rum.
1338 2802 1471 2876 Extant
1489 2804 1607 2880 adhuc
1625 2823 1744 2881 vetera
1766 2814 1939 2904 quaedam
1959 2810 2073 2894 dicta,
2097 2829 2188 2903 quae
2256 2857 2259 2863 -

146 2932 296 3007 quoque
316 2922 352 2979 et
367 2910 512 2978 caeteris
533 2910 604 2978 mei
618 2912 755 2987 ordinis
774 2909 980 2983 homiuibus
998 2914 1143 3006 aequio-
1196 2912 1242 2980 ab
1266 2907 1339 2978 illis
1364 2902 1496 2979 scholis
1518 2910 1619 3003 quasi
1643 2935 1708 3005 per
1725 2935 1853 2987 manus
1873 2927 2010 3004 accepta
2033 2912 2189 2994 fuerunt,

146 3036 227 3085 rem
240 3013 321 3081 fore
336 3031 450 3101 spero.
504 3008 617 3080 Nemo
634 3025 705 3081 tam
720 3027 771 3082 cst
793 3017 982 3104 impudens
1004 3039 1044 3085 ac
1066 3017 1143 3083 sine
1196 3026 1235 3085 ut
1252 3010 1386 3080 dictum
1400 3011 1445 3080 dc
1462 3033 1521 3081 sex
1536 3012 1698 3085 millibus
1712 3036 1889 3086 annorum
1902 3015 2049 3099 mundi,
2068 3013 2107 3083 id
2123 3007 2190 3081 ba·

145 3114 283 3198 hante,
304 3113 368 3205 qui
385 3106 513 3200 negare
527 3113 619 3182 ausit
634 3114 766 3184 multos
783 3140 856 3184 non
870 3117 1145 3188 dissimulandos
1197 3114 1258 3183 bet
1277 3111 1423 3182 titulum
1445 3113 1574 3183 domus
1587 3110 1707 3200 Eliae,
1732 3111 1800 3187 hoc
1821 3130 1890 3202 est,
1914 3113 2055 3188 scholae
2076 3110 2190 3185 Eliae.

147 3237 292 3289 errores
319 3236 340 3283 a
361 3209 593 3284 Pontificibus
619 3227 654 3284 et
676 3212 865 3286 Monachis
889 3218 926 3286 in
951 3214 1143 3287 Ecclesiam
1198 3211 1414 3284 Meministis
1435 3213 1531 3282 enim
1548 3217 1777 3287 sententiam:
1803 3215 1873 3289 Ser
1888 3218 2051 3289 millibus
2073 3238 2190 3286 anno-

149 3318 314 3389 invectoe
325 3337 410 3385 esse.
461 3313 578 3403 Quam
594 3316 697 3387 multi
713 3319 800 3387 boni
823 3331 857 3388 et
869 3320 965 3389 docti
981 3319 1049 3387 viri
1064 3330 1145 3387 ante
1197 3337 1277 3386 rum
1293 3313 1438 3385 durabit
1451 3317 1618 3402 mundus,
1636 3332 1755 3409 postea
1773 3318 1988 3391 destruetur:
2015 3319 2090 3387 duo
2105 3316 2189 3385 mil-

154 3419 296 3510 aliqnot
313 3417 430 3486 secula
450 3417 725 3508 deploraverunt
743 3418 935 3490 Missarum
965 3420 1146 3489 nundina-
1199 3417 1245 3485 lia
1262 3415 1379 3498 inane,
1400 3417 1473 3486 doe
1487 3416 1598 3486 millia
1613 3418 1687 3503 lex,
1711 3420 1784 3489 duo
1799 3419 1911 3490 millia
1926 3419 2095 3505 Messiae;
2123 3415 2200 3504 etsi

155 3518 315 3603 tionem,
337 3518 593 3590 idolomaniam
615 3519 654 3588 in
674 3520 898 3591 invocatione
920 3521 1148 3591 sanctorum?
1199 3518 1260 3613 qui
1281 3517 1367 3585 anui
1383 3519 1553 3604 deerunt,
1580 3533 1725 3611 propter
1738 3536 1877 3610 peccata
1891 3536 2012 3594 nostra
2029 3523 2188 3591 deerunt.

146 3612 439 3713 Reprehendunt
460 3619 528 3710 ipsi
550 3634 684 3691 veteres
698 3618 909 3693 Ambrosius
927 3635 961 3693 et
975 3619 1147 3713 Augusti-
1198 3616 1253 3690 Ex
1277 3612 1481 3689 huiusmodi
1497 3620 1601 3691 dictis
1617 3622 1967 3718 existimaripotest,
1988 3625 2027 3695 in
2045 3623 2118 3693 illis
2132 3644 2191 3693 sa·

151 3744 225 3795 nus
238 3742 375 3792 errores
389 3722 686 3805 satisfactionum,
714 3739 747 3795 et
762 3739 934 3796 renovant
948 3725 1146 3795 doctrinam
1199 3719 1428 3815 pientissimis
1443 3723 1617 3794 sodalitiis
1630 3724 1738 3796 fuisse
1751 3725 2009 3816 disputationes
2027 3727 2070 3794 de
2084 3723 2191 3795 rebus

150 3824 199 3895 de
213 3822 454 3916 poenitentia,
488 3837 521 3893 et
538 3825 582 3893 de
599 3825 678 3894 tide.
729 3824 846 3914 Quam
864 3827 966 3896 multi
984 3826 1148 3918 deplora·
1199 3822 1373 3892 maximis.
1417 3822 1471 3893 Ac
1485 3825 1636 3914 cogitate
1648 3839 1782 3919 quanta
1797 3827 1967 3901 foelicitas
1982 3827 2103 3913 fuerit,
2126 3824 2192 3897 etsi

146 3938 288 3997 verunt
317 3924 486 3994 libidines
520 3926 823 3997 sacrificulorum?
862 3925 1031 4022 Episcopi
1061 3929 1147 4022 quid
1200 3937 1300 3995 erant
1321 3920 1437 4013 Reges
1457 3923 1576 4017 impii,
1600 3927 1666 3999 etsi
1689 3942 1791 3999 erant
1807 3932 1928 4000 omnia
1950 3929 2055 4022 plena
2076 3926 2191 3999 bello-

150 4040 266 4119 sgnnt
280 4025 429 4115 dignum
448 4048 512 4096 suo
529 4030 699 4098 munere?
728 4027 826 4100 llaec
841 4053 920 4100 cum
935 4031 1005 4099 iam
1020 4030 1147 4099 iterum
1200 4050 1280 4097 rum
1294 4047 1335 4096 ac
1349 4026 1578 4112 seditionum,
1603 4028 1657 4099 illi
1672 4045 1793 4102 coetus
1804 4026 1999 4102 Ecclesiam
2012 4031 2192 4121 regebant,

152 4122 371 4223 reprehendi
386 4125 483 4197 Dens
498 4128 663 4213 voluerit,
682 4155 722 4200 ac
737 4131 932 4201 instaurare
945 4128 1150 4216 Ecclesiam,
1200 4151 1284 4198 narn
1299 4126 1347 4198 ita
1363 4128 1424 4196 alii
1441 4128 1521 4198 aliis
1533 4131 1778 4216 succedebant,
1796 4133 1895 4226 quasi
1914 4132 1952 4201 in
1967 4131 2053 4218 acie,
2071 4145 2111 4203 ut
2125 4131 2192 4201 ali-

152 4254 200 4303 ιε
216 4250 366 4323 prorsus
380 4252 505 4300 omnes
523 4224 684 4301 homines
702 4246 863 4323 percant,
890 4234 1018 4303 videtis
1034 4257 1150 4326 quan·
1201 4253 1273 4323 quo
1287 4229 1469 4300 excellenti
1485 4228 1662 4322 Propheta
1675 4233 1841 4320 extincto,
1858 4231 1955 4305 Deus
1969 4258 2052 4305 mox
2067 4235 2193 4312 alium,

152 4346 232 4405 tum
249 4344 428 4401 certamen
444 4344 605 4402 exortum
623 4332 683 4402 sit:
709 4330 900 4424 Epicuraei
913 4334 1102 4404 Pontifices
1115 4347 1150 4405 et
1201 4330 1303 4425 quasi
1327 4331 1422 4399 inid
1451 4333 1635 4421 vestigium
1655 4335 1853 4405 collocaret.
1901 4333 1994 4408 Cum
2011 4331 2110 4405 Elias
2126 4336 2193 4403 do-

151 4427 349 4519 Monachi,
373 4433 489 4504 ventri
510 4447 721 4518 metuentes,
747 4439 790 4505 ad
806 4462 847 4506 eo
866 4438 1024 4506 fremunt
1042 4460 1078 4506 se
1092 4458 1149 4506 re·
1203 4432 1330 4503 ruisset
1355 4454 1469 4501 annos
1493 4434 1636 4505 circiter
1661 4435 1810 4525 viginti,
1848 4438 2012 4508 successit
2038 4433 2191 4518 Eliseus,

152 4530 350 4631 prehendi,
375 4547 415 4606 ut
438 4533 548 4604 deleri
570 4559 701 4605 nomen
716 4533 869 4622 Christi,
894 4553 927 4609 et
947 4539 1149 4607 raniversam
1201 4533 1264 4629 qui
1285 4554 1399 4602 annos
1428 4534 1568 4604 circiter
1592 4537 1812 4627 septuaginta
1835 4538 2048 4629 gubernavit
2068 4532 2193 4606 Eccle-

152 4637 357 4711 doctrinam
372 4632 579 4726 Evangelii,
604 4652 638 4708 et
654 4662 777 4708 onustes
791 4636 967 4709 Ecclesias
989 4639 1027 4708 in
1044 4639 1151 4708 vasti·
1201 4636 1288 4708 siam
1304 4633 1342 4703 in
1360 4632 1479 4704 lsrael.
1530 4634 1625 4708 Huic
1641 4638 1940 4720 successitlonas‚
1967 4662 2072 4733 quem
2096 4636 2194 4707 arbi·

152 4754 265 4813 tatem
287 4738 401 4827 redigi
426 4739 584 4829 cupiant.
635 4735 709 4810 Res
738 4728 811 4832 i'psa
841 4742 1002 4836 loquitur
1019 4763 1079 4810 eos
1101 4741 1150 4812 sic
1202 4748 1344 4809 trantor
1358 4735 1466 4807 luisse
1486 4737 1600 4808 lilium
1616 4740 1779 4811 mulieris
1792 4738 2027 4831 sareptanae,
2052 4740 2098 4810 ab
2111 4733 2212 4809 Elia<

151 4842 312 4915 affectos.
375 4839 530 4929 Perguut
555 4840 651 4910 enim
677 4842 867 4913 defendere
892 4864 975 4913 suos
1000 4854 1151 4927 errores,
1201 4852 1405 4911 revocatum
1421 4862 1465 4909 ex
1480 4854 1606 4914 morte.
1654 4838 1795 4913 Deinde
1811 4841 1972 4914 abductis
1990 4842 2110 4911 decem
2127 4839 2194 4911 tri·

150 4941 280 5017 moliri
304 4943 397 5012 bella
420 4941 560 5028 civilia,
585 4943 770 5014 cumulant
795 4945 941 5034 flagitia,
966 4944 1150 5032 negligunt
1201 4939 1340 5025 bubus,
1363 4941 1529 5011 successit
1551 4936 1675 5013 Esaias
1700 4942 1738 5012 iu
1763 4941 1870 5028 luda,
1903 4943 1965 5037 qui
1987 4942 2111 5014 docuit
2128 4965 2194 5012 an-

149 5040 335 5119 Eeclesias
368 5057 403 5115 et
430 5038 581 5114 scholas.
645 5043 726 5127 Tali
752 5058 910 5137 tempore
936 5068 1076 5115 neccsse
1098 5058 1149 5113 est
1201 5064 1268 5113 nos
1284 5041 1424 5112 circiter
1445 5043 1642 5133 octoginta,
1665 5056 1699 5115 et
1715 5066 1862 5134 regnum
1880 5043 2046 5117 liberavit
2067 5044 2195 5136 ingen·

148 5148 272 5221 honos
288 5160 321 5216 et
338 5147 415 5238 pios
431 5144 614 5237 Principes
626 5147 825 5238 providere,
850 5172 897 5217 ne
913 5147 1076 5219 funditus
1092 5147 1150 5215 iu·
1201 5145 1297 5216 tibus
1321 5144 1442 5222 bellis,
1466 5168 1549 5215 nam
1567 5144 1718 5239 quilibet
1732 5140 1909 5236 Propheta
1930 5140 2045 5221 habet.
2058 5145 2195 5239 aliquot

148 5261 267 5325 tereat
282 5248 408 5339 religio
424 5243 649 5319 Christianae
676 5273 785 5343 quare
802 5262 840 5320 ut
855 5245 1031 5320 Ecclesias
1047 5249 1151 5321 resti-
1201 5245 1341 5337 insigne
1363 5240 1581 5340 πολίτευμα.
1630 5245 1717 5319 Post
1729 5242 1872 5319 Esaiam
1889 5248 2123 5321 excitatorest
2139 5243 2196 5318 le-

149 5367 274 5435 tuere,
299 5350 393 5422 itaet
411 5344 549 5420 scholas
570 5349 769 5422 instaurare
785 5352 937 5433 debent;
963 5376 1151 5446 nunquam
1200 5347 1348 5429 remias,
1383 5349 1446 5443 qni
1463 5372 1578 5421 annos
1594 5349 1735 5421 circiter
1750 5351 1985 5444 quadraginta
2007 5349 2195 5421 conciona-

149 5455 253 5525 enim
272 5475 355 5524 vera
368 5448 527 5525 Ecclesia
543 5452 621 5524 sine
643 5448 774 5525 scholis
796 5453 979 5549 aliquibus
997 5454 1085 5539 fuit,
1110 5476 1152 5526 ac
1199 5466 1258 5526 tus
1273 5460 1337 5521 est.
1376 5447 1531 5547 Fuitqne
1546 5450 1622 5525 eius
1642 5446 1849 5546 πολίτευμα
1862 5453 1903 5526 in
1917 5452 2068 5548 speciem
2085 5449 2197 5538 triste,
