4664 6022
155 288 235 366 sss
627 286 791 366 unct..
823 286 903 365 nu
934 288 1141 370 ratur.
1175 287 1235 365 m
1265 284 1743 371 smrnuurrcun
1931 258 1934 263 ’
2129 305 2208 383 sm

151 488 241 539 usu
256 463 431 539 incensas.
488 465 587 538 Haec
602 479 768 559 portenta
785 490 851 559 pro
869 467 965 538 veris
979 467 1156 539 albrmare
1207 457 1265 535 bis
1281 464 1419 537 artibus
1442 464 1616 556 opinione
1636 465 1865 547 difficultatis.
1917 469 1989 547 Sed
2006 479 2104 570 quod
2120 481 2206 553 atti·

149 562 305 641 bomine
320 567 509 660 indignum
526 585 592 658 est,
617 573 751 641 nedum
771 565 1004 663 Philosopho.
1046 568 1154 641 Nulla
1205 570 1329 639 netad
1352 567 1457 640 initis
1475 562 1749 655 Aritbmetices,
1775 597 1867 666 quae
1888 574 1928 649 in
1950 572 2085 655 scholis
2106 583 2203 655 tradi

149 684 228 743 tam
253 672 405 743 barbara
428 696 513 764 gens
533 676 620 760 luit,
646 698 738 766 quae
758 698 833 744 non
847 674 1012 761 sentiret,
1037 674 1155 744 stellas
1204 672 1340 752 solent,
1368 684 1403 743 et
1425 696 1516 767 quae
1541 673 1586 742 ad
1607 672 1858 766 quotidianum
1884 704 1989 755 usum
2009 685 2202 759 conferun-

150 798 229 847 esse
245 788 342 846 certa
358 789 393 845 et
406 776 584 848 durabilia
605 778 676 848 Dei
694 801 821 869 opera,
846 791 881 847 et
896 778 1001 848 certis
1017 777 1154 867 legibus
1204 787 1281 860 tur,
1307 769 1535 846 vehementer
1549 790 1688 861 errant,
1713 777 1744 846 si
1761 772 1847 851 haec
1862 798 1991 874 putant
2005 788 2200 861 admodum

148 877 261 959 l'erri,
303 902 452 970 magnae
481 880 633 951 alicuius
667 880 832 951 utilitatis
862 905 979 950 eausa.
1031 879 1152 970 Quare
1204 879 1362 949 diflicilia
1387 903 1472 952 esse.
1524 875 1596 950 Ars
1620 878 1736 950 oritur
1760 906 1802 953 ex
1825 899 1954 956 natura
1976 887 2051 981 ipsa
2069 894 2200 965 mentis

147 981 371 1053 contumelia
391 996 444 1053 est
454 984 624 1054 adversus
640 981 775 1068 Deum,
802 984 934 1074 lingere
954 979 1047 1054 hanc
1061 1008 1150 1054 con·
1203 975 1399 1069 humanae,
1432 996 1466 1054 et
1490 975 1599 1054 habet
1621 983 1832 1060 certissimas
1861 989 2198 1072 demonstrationes.

147 1084 331 1156 lusionem
359 1111 497 1174 rerum,
532 1086 652 1159 Solem
678 1112 845 1178 vaporem
870 1110 943 1155 esse
976 1110 1059 1158 casu
1094 1088 1151 1157 iu·
1203 1083 1325 1174 Quare
1345 1085 1450 1156 initia
1472 1109 1536 1155 nec
1558 1086 1727 1174 obscura,
1752 1112 1817 1161 uec
1839 1090 1998 1165 difficilia
2024 1118 2197 1191 essepus-

150 1186 396 1273 llammatnm,
424 1204 458 1260 et
478 1214 559 1260 casu
578 1191 682 1271 sarri,
708 1209 749 1261 ut
766 1189 954 1261 Lueretius
970 1189 1035 1260 ait:
1201 1203 1302 1275 suut,
1328 1189 1401 1260 imo
1421 1189 1543 1282 priora
1567 1205 1751 1282 praecepta
1775 1194 1863 1265 adeo
1887 1199 2072 1291 perspicue
2099 1215 2197 1289 sunt,

1201 1305 1241 1362 ut
1265 1291 1366 1383 pueri
1392 1293 1499 1364 etiam
1525 1315 1564 1362 ea
1584 1293 1721 1384 possint
1746 1297 1906 1390 assequi,
1931 1302 2016 1394 quia
2038 1316 2112 1376 tota
2138 1328 2196 1377 res

1200 1418 1219 1463 a
1236 1410 1362 1466 natura
1378 1394 1505 1470 oritur.
1556 1392 1697 1466 Deinde
1710 1399 2019 1493 multiplicationis
2041 1421 2076 1477 et
2099 1408 2195 1479 divi-

1200 1497 1312 1567 sionis
1328 1512 1512 1590 praecepta
1529 1499 1713 1593 aliquanto
1732 1501 1813 1592 plus
1834 1506 2024 1598 requirunt
2039 1510 2196 1601 diligen·

146 1594 238 1671 Plus
263 1601 380 1672 valeat
404 1604 498 1694 apud
528 1625 593 1671 nos
616 1602 788 1673 autoritas
813 1628 894 1673 cum
923 1602 1146 1673 doctissimo·
1200 1602 1288 1686 tiae,
1314 1603 1374 1671 sed
1401 1617 1521 1672 tamen
1548 1625 1673 1672 causae
1700 1603 1773 1675 cito
1793 1609 1944 1701 perspici
1968 1627 2117 1702 possunt
2146 1616 2193 1689 ab

142 1724 231 1777 rum
247 1696 458 1789 bominum,
485 1706 548 1800 qui
574 1701 659 1775 hacc
681 1706 912 1777 deliramenta
932 1705 1147 1796 gravissimis
1198 1705 1351 1775 attentis.
1410 1700 1712 1777 Exercitationem
1739 1721 1774 1778 et
1804 1733 1907 1780 usum
1929 1714 2082 1809 requirit
2106 1712 2193 1789 lraec

144 1808 369 1899 argumentis
391 1809 640 1895 confutarunt,
673 1823 749 1878 tum
778 1834 861 1879 vero
893 1811 1000 1878 etiam
1022 1808 1143 1879 divina
1197 1831 1273 1892 ars,
1298 1821 1338 1879 nt
1354 1807 1445 1877 aliae
1461 1831 1596 1881 omnes.
1631 1804 1698 1880 Est
1714 1810 1811 1880 enim
1831 1814 2192 1915 verissimum,quod

144 1910 294 1983 oracula
318 1911 358 1981 iu
380 1911 636 2004 sacrislitcris,
663 1936 683 1983 a
708 1912 840 2005 qulbus
862 1912 1050 1982 dissentire
1073 1911 1142 1980 im·
1197 1911 1246 1981 ait
1268 1907 1514 2002 Anaxagoras,
1556 1936 1703 1981 maniam
1724 1937 1797 1983 esse
1819 1941 1960 1989 causam
1985 1923 2193 2013 sapientiae,

270 1346 345 1430 Quo
361 1354 446 1414 cibus
464 1367 552 1415 vocat
566 1365 655 1439 atque
674 1358 783 1416 invitat
800 1367 922 1415 etuttem

203 1450 376 1521 ,Flammea
393 1452 446 1538 per
463 1461 582 1519 coelum
594 1472 765 1541 pascentem
781 1479 907 1540 corpora
922 1459 1043 1540 passim.

145 2013 264 2109 pietas
284 2026 348 2091 est.
399 2012 477 2085 Hae
500 2015 594 2085 clare
617 2028 811 2099 testantur,
840 2013 979 2107 Solem,
1002 2013 1144 2085 Lunam
1196 2013 1399 2104 significans
1422 2012 1500 2083 sine
1529 2015 1781 2087 exercitatione
1812 2033 1847 2091 et
1871 2023 2088 2113 experientia
2116 2050 2190 2096 uon
2309 2100 2326 2117 ,

146 2132 185 2190 ct
210 2116 350 2214 reliqua
366 2118 492 2213 sydera
517 2141 591 2187 esse
607 2132 700 2189 certa
719 2132 755 2191 et
771 2118 948 2190 durabilia
971 2115 1038 2188 Dei
1059 2142 1144 2210 ope·
1193 2141 1298 2209 posse
1321 2131 1413 2187 artes
1436 2131 1530 2188 recte
1555 2118 1697 2210 percipi.
1749 2119 1890 2193 Deinde
1913 2125 2027 2197 sicubi
2050 2142 2103 2200 est
2125 2129 2192 2200 ali-

143 2244 211 2301 ra,
232 2234 265 2291 ct
280 2222 420 2292 addunt
435 2245 553 2292 sacrae
569 2222 709 2307 literae,
732 2222 833 2293 cuius
847 2221 1011 2292 utilitatis
1027 2245 1144 2306 causa,
1194 2221 1282 2314 quid
1299 2220 1539 2305 difficultatis,
1565 2222 1800 2293 memineritis
1814 2226 1952 2297 nullam
1971 2254 2045 2301 esse
2062 2244 2190 2319 artem,

145 2323 288 2397 lumina
304 2325 469 2397 coelestia
486 2325 628 2396 condita
643 2325 731 2396 siut:
759 2339 864 2395 eruut
880 2326 994 2416 signa,
1021 2338 1055 2395 et
1069 2325 1143 2394 dis·
1194 2347 1285 2419 quae
1300 2318 1397 2392 nihil
1421 2318 1551 2393 babeat
1567 2325 1798 2401 dilficrtltatis.
1847 2324 1897 2399 Et
1921 2334 2047 2405 erratis
2071 2334 2190 2425 prole-

144 2440 298 2501 cernent
311 2441 470 2520 tempora
485 2443 519 2499 et
536 2452 661 2501 annos.
721 2425 819 2499 Haec
834 2427 1045 2520 descriptio,
1076 2427 1141 2497 etsi
1194 2440 1269 2511 cto,
1294 2426 1323 2496 si
1340 2427 1422 2520 styli
1439 2426 1645 2497 exercitium
1662 2431 1793 2519 putatis
1807 2429 1946 2503 facilius
1965 2459 2057 2518 esse,
2082 2461 2189 2533 quam

146 2532 294 2602 brevius
317 2544 388 2617 εει,
419 2546 536 2602 tamen
565 2555 620 2601 res
642 2554 787 2620 magnas
812 2532 1076 2623 complectitur,
1108 2547 1143 2603 et
1193 2524 1278 2599 haec
1307 2530 1409 2600 initia
1434 2524 1702 2603 Aritbmctices:
1755 2557 1821 2613 nec
1852 2529 1993 2607 scholae
2028 2553 2113 2613 sunt
2145 2564 2188 2612 co

145 2630 400 2709 Astronomiae
413 2635 573 2706 studium
589 2637 775 2726 approbat.
826 2633 917 2704 Nam
933 2635 1142 2728 utreliqnas
1192 2634 1355 2703 conditae
1385 2647 1492 2727 atque
1516 2634 1745 2720 constitutae,
1779 2651 1819 2707 ut
1839 2636 1977 2727 ignavis
1999 2643 2117 2713 ocium
2141 2645 2188 2713 ad

143 2752 265 2833 partes
278 2738 462 2824 omittam,
488 2738 519 2808 si
543 2736 606 2809 Sol
628 2739 710 2807 ideo
731 2738 897 2808 conditus
914 2750 984 2830 est,
1009 2751 1051 2809 ut
1075 2762 1142 2807 an·
1193 2738 1425 2828 perfruendas
1456 2737 1595 2827 ineptas
1628 2738 1828 2831 voluptates
1863 2746 2097 2834 concedatur,
2126 2749 2188 2815 sed

140 2866 233 2915 uum
259 2842 425 2915 conficiat
453 2855 488 2911 et
511 2842 706 2931 gubernet,
732 2841 926 2911 necessaria
951 2855 1001 2912 est
1017 2842 1141 2912 obser·
1192 2839 1529 2933 requiruntstudia,
1555 2862 1677 2911 curam
1693 2855 1727 2912 ct
1742 2867 1859 2913 acrem
1877 2845 2081 2919 animorum
2100 2872 2188 2921 con-

144 2947 240 3019 ratio
265 2968 392 3017 cursus
408 2943 521 3031 Solis3
559 2934 642 3015 nam
667 2945 744 3014 sine
759 2944 1008 3015 observatione
1022 2960 1140 3014 motus
1192 2942 1401 3018 tentionem.
1451 2939 1624 3013 Necvcro
1642 2967 1731 3036 nego
1749 2947 1859 3017 multa
1879 2950 1925 3018 ab
1942 2946 2189 3023 Arithmeticis

145 3050 244 3121 nulla
269 3054 358 3121 sunl
375 3062 577 3142 temporum
594 3064 701 3142 atque
720 3072 898 3118 annorum
922 3048 1140 3120 discrimina.
1191 3046 1348 3140 quaesita
1373 3059 1408 3115 et
1430 3045 1676 3117 animadversa
1699 3072 1793 3134 esse,
1827 3075 1915 3144 quae
1939 3054 2066 3142 procul
2090 3079 2189 3127 rece·

140 3150 270 3245 Quare
290 3177 366 3223 uon
389 3152 581 3222 obscurum
606 3165 658 3221 est
680 3166 714 3221 et
737 3150 928 3243 approbari
952 3176 971 3219 a
989 3150 1084 3233 Deo,
1107 3164 1139 3219 et
1191 3152 1283 3220 dunt
1298 3174 1317 3218 a
1333 3162 1438 3239 captu
1455 3147 1721 3239 imperitorum;
1743 3176 1826 3222 nam
1848 3167 1941 3224 artes
1963 3180 2087 3227 omues
2111 3158 2188 3247 agi·

139 3256 303 3351 praecipi
319 3256 603 3325 observationem
621 3255 825 3325 coelestium
842 3265 1038 3323 motuum·
1066 3251 1140 3323 Nec
1191 3251 1324 3321 tatione
1346 3265 1520 3322 crescunt.
1572 3249 1643 3322 Sed
1667 3277 1731 3339 ego
1756 3255 1885 3349 loquor
1905 3259 1950 3326 de
1978 3254 2035 3328 his
2059 3259 2186 3341 initiis,

138 3375 312 3453 putemus
325 3382 400 3429 esse
415 3359 510 3428 leves
527 3380 668 3443 causas,
694 3379 882 3451 quarenos
898 3357 942 3426 ad
967 3349 1058 3426 hanc
1074 3357 1139 3424 do·
1191 3379 1281 3448 quae
1306 3368 1341 3424 ct
1357 3353 1460 3423 vobis
1485 3353 1578 3423 tradi
1602 3354 1719 3427 solent
1740 3369 1775 3425 et
1797 3359 1842 3426 ad
1867 3383 1970 3429 osum
1993 3363 2184 3433 conserun-

143 3461 302 3532 ctriuam
325 3456 490 3533 hortetur
521 3461 626 3531 etiam
659 3460 782 3530 divina
806 3458 989 3531 autoritas.
1046 3456 1137 3528 Nam
1190 3471 1259 3529 tur.
1313 3450 1433 3544 Quare
1449 3456 1688 3526 adolescentes
1702 3457 1874 3530 abiiciant
1888 3462 2097 3553 opinionem
2113 3465 2186 3534 dis·

139 3578 394 3661 praeterquam
434 3565 531 3659 quod
570 3564 742 3636 utilitates
782 3585 928 3652 magnas
957 3560 1062 3631 allert
1093 3562 1137 3631 ad
1190 3558 1373 3643 licultatis,
1398 3571 1434 3628 et
1446 3581 1575 3648 magno
1597 3560 1718 3631 animo
1737 3576 1771 3632 et
1785 3565 1939 3656 quadam
1955 3589 2037 3636 cum
2056 3590 2117 3659 spe
2139 3570 2185 3637 ad

137 3693 371 3743 communem
391 3668 520 3753 vitam,
546 3668 652 3737 ctiam
673 3679 793 3737 monet
816 3688 881 3735 nos
898 3660 957 3734 bic
971 3657 1137 3755 pulcher·
1190 3657 1283 3732 banc
1299 3676 1411 3733 artem
1432 3661 1637 3731 discendam
1660 3666 1847 3737 accedant:
1873 3670 1971 3760 quod
1993 3669 2022 3739 si
2044 3669 2185 3751 lacient,

136 3772 257 3845 rimus
272 3773 363 3843 ordo
380 3785 563 3855 motuum,
590 3766 681 3840 banc
697 3786 862 3841 naturam
885 3792 960 3838 non
985 3765 1138 3837 extitisse
1189 3766 1320 3835 deinde
1335 3779 1370 3835 et
1383 3789 1504 3835 rerum
1521 3766 1675 3837 suavitas
1689 3768 1863 3839 detinebit
1875 3793 1954 3857 eos,
1980 3785 2015 3843 et
2028 3773 2185 3845 sentient

137 3900 248 3963 casu,
272 3877 335 3947 sed
356 3876 403 3945 ab
424 3887 567 3944 aeterna
586 3889 704 3943 mente
723 3886 837 3944 ortam
862 3895 937 3941 esse
960 3870 1137 3960 etgubcr·
1189 3869 1264 3961 ipsa
1296 3893 1416 3939 rerum
1445 3869 1534 3937 serie
1563 3869 1809 3943 difficultatem
1842 3873 1970 3944 minui.
2024 3871 2184 3968 Exposui

137 3979 235 4053 uari.
295 3976 455 4049 Proinde
475 3977 579 4045 valde
600 3977 786 4047 coufirmat
809 3975 848 4043 in
872 3975 1003 4045 animis
1025 3969 1137 4043 lione·
1189 3996 1279 4066 quae
1305 3970 1478 4042 utilitates
1502 3971 1690 4063 praecipue
1714 3976 1885 4064 petendae
1906 3977 1979 4048 siut
1997 4003 2038 4047 ex
2057 3972 2184 4049 Arith-

137 4098 211 4157 stas
232 4081 424 4175 opiniones
445 4081 490 4149 de
506 4076 583 4148 Deo
608 4093 643 4149 et
660 4082 705 4148 de
721 4078 958 4170 providentia.
1011 4074 1136 4170 ltaque
1190 4075 1337 4160 metica,
1370 4074 1444 4144 dixi
1468 4074 1574 4144 etiam
1600 4077 1644 4144 de
1669 4075 1846 4153 facultate.
1897 4076 2074 4174 Reliquae
2100 4095 2185 4153 sunt

137 4179 432 4277 &philosophis
454 4182 523 4253 soli
541 4178 712 4274 Epicurei
734 4183 879 4252 leserunt
895 4177 1004 4251 ἄθεοι
1013 4230 1025 4265 ,
1052 4180 1136 4273 quia
1189 4178 1280 4249 aliae
1301 4178 1490 4261 utilitates,
1522 4178 1582 4245 sed
1607 4178 1850 4262 obscuriores,
1883 4184 2082 4277 dequibus
2107 4210 2183 4255 non

136 4284 228 4363 baec
252 4288 406 4360 illustria
427 4288 472 4357 de
494 4282 572 4355 Deo
593 4285 814 4367 testimonia,
851 4283 1034 4381 videlicet,
1060 4306 1136 4353 cer·
1189 4282 1301 4351 multa
1319 4280 1450 4351 dicam.
1504 4278 1741 4350 Verissimum
1760 4297 1828 4367 est,
1850 4298 2004 4356 caeteras
2018 4302 2112 4359 artes
2127 4290 2183 4358 la·

136 4392 295 4467 tissimus
316 4405 479 4462 motuum
504 4389 615 4478 leges,
640 4401 674 4457 et
690 4387 892 4457 mirabilem
909 4381 1134 4455 harmoniam
1188 4384 1291 4455 cilius
1317 4382 1474 4476 percipi,
1510 4383 1652 4473 cognita
1684 4379 1934 4464 Aritlrmetica.
1993 4385 2060 4460 Est
2084 4390 2181 4458 enim

137 4496 300 4592 aspicere
327 4494 533 4566 noluerunt.
585 4487 695 4561 Decet
723 4490 833 4580 igitur
864 4491 957 4559 bona
992 4488 1135 4578 ingenia
1186 4481 1425 4559 Aritbmetica
1448 4484 1543 4555 inter
1567 4485 1701 4578 primas
1722 4501 1835 4573 artes,
1861 4491 2183 4585 quaedocetdiiu-

137 4594 233 4673 banc
255 4592 542 4669 honestissimam
570 4593 770 4663 doctrinam
794 4617 933 4676 amare,
959 4604 993 4661 et
1019 4614 1135 4684 quan·
1187 4590 1306 4659 dicare
1323 4611 1364 4657 ac
1380 4586 1595 4657 distribuere
1609 4614 1722 4659 unum
1738 4605 1773 4660 et
1792 4594 1924 4678 multa;
1951 4593 2107 4663 ostendit
2122 4617 2183 4662 or-

136 4718 217 4779 tum
242 4702 320 4772 fieri
342 4713 475 4793 potest,
501 4696 639 4790 aliquid
660 4719 788 4787 operae
810 4695 849 4765 in
870 4707 1049 4767 tantarum
1077 4718 1135 4763 rc-
1187 4694 1308 4761 dinem
1325 4714 1465 4776 rerum,
1490 4705 1525 4761 et
1544 4706 1665 4763 monet
1687 4694 1832 4764 corilusa
1849 4695 2047 4766 evolvenda
2060 4708 2094 4765 et
2109 4695 2184 4765 dis-

136 4798 520 4901 ruminquisitiuue'm
554 4800 742 4871 collocare.
800 4795 853 4868 Ac
886 4797 989 4868 facile
1021 4795 1133 4866 multa
1187 4796 1362 4866 cernenda
1391 4817 1477 4863 esse.
1536 4790 1635 4864 llaec
1660 4788 1871 4867 sunt‘rnitia
1898 4797 2183 4869 ratiocinationis

135 4910 338 5007 percipient
368 4903 427 4993 hi,
476 4904 540 4998 qui
567 4900 795 4973 mediocriter
827 4900 867 4971 ia
900 4894 1134 4971 Arithmetica
1187 4895 1464 4970 inlromiuibus.
1517 4892 1602 4965 Ideo
1618 4898 1731 4989 prima
1748 4913 1800 4969 est
1819 4923 2050 4970 numerorum
2074 4901 2185 4973 intel·

133 5012 317 5087 mrcitati
333 5024 428 5081 sunt.
1187 4999 1352 5092 ligantia,
1379 5001 1489 5093 idque
1502 4999 1653 5069 sensisse
1668 5001 1798 5090 opinor
1812 4995 2074 5096 Pythagoram,
2102 5030 2181 5075 cum

242 5114 369 5189 Redeo
390 5112 503 5204 igitur
523 5112 568 5182 ad
583 5104 867 5186 Aritltmeticen,
893 5105 1063 5198 quoniam
1090 5105 1134 5173 de
1186 5101 1359 5186 delinivit,
1380 5115 1536 5171 mentem
1545 5125 1620 5171 esse
1629 5126 1836 5189 uumerum3
1863 5105 2182 5195 significaviteuim

134 5244 176 5293 ea
191 5218 385 5313 praecipue
406 5215 525 5286 dicere
546 5236 745 5305 coeperam.
795 5206 991 5301 Postquam
1013 5219 1132 5277 autem
1186 5207 1342 5278 animam
1366 5227 1441 5273 esse
1462 5203 1782 5295 ratiocinatricem,
1808 5232 1899 5300 quac
1921 5209 2094 5281 discernit
2114 5232 2182 5291 res,

134 5323 310 5397 utilitates
342 5317 638 5403 commemoravi,
685 5337 775 5407 quac
803 5310 950 5404 quidem
983 5310 1134 5379 minime
1187 5327 1221 5381 et
1239 5308 1404 5378 ordinem
1423 5308 1686 5378 animadvertit.
1719 5304 2079 5382 Haecsuntmaximc
2099 5333 2181 5402 pro·

135 5440 221 5497 suut
245 5424 435 5508 obscurae,
460 5421 618 5491 breviter
641 5416 779 5510 aliquid
795 5411 1038 5484 adiiciendum
1063 5436 1132 5504 pu·
1186 5413 1264 5503 pria
1290 5409 1423 5494 menti,
1462 5422 1499 5480 et
1528 5423 1611 5480 sunt
1640 5409 1774 5501 primae
1808 5414 1939 5485 mentis
1972 5413 2182 5483 functiones.

138 5529 210 5600 tari
228 5530 274 5598 de
294 5525 475 5597 facilitate.
527 5522 611 5593 Scio
633 5517 806 5590 deterreri
823 5517 1064 5588 adolescentes
1088 5513 1134 5585 ab
1184 5513 1306 5605 Quare
1322 5526 1405 5605 apte
1421 5509 1602 5597 delinivit,
1627 5525 1785 5585 mentem
1802 5537 1877 5587 esse
1890 5538 2099 5597 numerum,
2125 5515 2181 5585 vi·

182 5636 366 5701 lllrsarrn.
390 5631 497 5699 Orsa.
522 5617 607 5698 Vos..
636 5626 702 5696 xl.
1517 5611 1565 5684 19
