4664 6022
162 310 224 393 ili
636 297 798 379 nltcn.
829 294 905 377 ml
938 288 1346 377 IMPERATORE
1375 291 1627 371 orrottn
1660 294 1691 373 L
2113 300 2190 383 m

159 484 265 571 ausit,
295 477 375 557 Rex
403 475 620 553 Germaniae
649 489 702 552 est
736 474 968 557 constitutus,
1008 472 1141 545 deinde
1191 472 1236 543 ad
1254 464 1428 541 Ottonem
1444 469 1596 541 delatam
1611 471 1657 543 ad
1672 492 1709 543 se
1725 472 1905 564 pertinere
1919 473 2190 570 arbitrarentur,

159 603 267 661 nactos
280 607 426 657 uxorem
440 580 669 673 imperatoris
684 574 905 652 Graecorum
921 576 1139 648 loannisso-
1190 568 1321 645 Ottoni
1348 595 1424 642 non
1460 587 1562 645 erant
1591 574 1710 647 amici.
1770 572 1867 649 Hinc
1889 579 2021 651 lactum
2044 597 2114 665 est,
2147 599 2189 657 ut

159 712 258 761 rorem
283 679 569 777 Theophaniam.
632 680 750 753 Taceo
772 680 931 776 reliquos
943 676 1140 771 Principes,
1188 699 1270 747 enm
1286 667 1456 744 Bohemis
1470 676 1676 769 quindecim
1688 700 1804 749 annos
1813 681 2038 754 continenter
2052 685 2185 758 bellum

160 813 295 884 qnorum
311 786 561 881 propinquitas
584 784 699 856 multa
717 778 848 857 Ottoni
871 784 915 854 ad
938 782 1078 875 copiam
1104 792 1141 851 et
1188 777 1353 869 gesserit,
1396 791 1544 870 propter
1590 779 1862 870 amplitudinem
1906 784 2186 883 gravitatemque

160 893 195 963 sl
210 913 290 963 usus
310 889 539 980 largiebatur.
1188 878 1342 953 civitatis
1362 875 1557 951 Bolsemiae
1577 883 1711 968 multo,
1734 907 1842 977 qnam
1855 908 1953 959 nnuc
1972 900 2045 974 est,
2069 892 2185 963 maio-

243 986 694 1085 lmperatorRomanornm
710 999 746 1057 et
755 984 1032 1067 Germanorum,
1053 1008 1140 1076 pro-
1187 1005 1275 1053 rem.
1313 977 1406 1053 Cum
1421 978 1574 1073 Ungaris
1588 981 1779 1055 saxoniam
1793 986 2185 1081 stipendiariamlactn·

159 1108 222 1188 pter
232 1094 407 1184 insignem
419 1090 564 1162 uirtutis
578 1089 806 1183 opinionem,
828 1087 943 1159 dictus
957 1102 1009 1159 est
1023 1111 1043 1158 a
1059 1112 1139 1157 rno-
1188 1084 1256 1169 ris,
1281 1083 1378 1176 qnod
1401 1083 1538 1154 inimici
1562 1086 1702 1179 imperii
1719 1085 1875 1160 Romani
1896 1115 1976 1161 cunr
2000 1106 2100 1183 patre
2112 1091 2185 1167 Ot-

157 1198 254 1269 ritnro
279 1209 379 1288 patre
403 1191 573 1263 ilenrico.
630 1189 818 1283 Quotquot
848 1182 945 1259 enim
968 1188 1138 1261 Catulum
1188 1185 1283 1257 tonis
1297 1181 1456 1255 Henrico
1474 1187 1596 1257 eadem
1620 1190 1665 1258 de
1687 1213 1789 1260 causa
1812 1194 1921 1262 armis
1934 1216 2077 1289 quoque
2092 1220 2182 1268 con·

155 1296 316 1391 llagnum
333 1307 613 1378 antecesserunt,
639 1307 674 1364 et
689 1292 798 1363 secuti
814 1305 897 1363 suut
913 1292 1000 1361 boni
1018 1290 1136 1381 lmpe-
1189 1285 1404 1372 teudissent,
1438 1287 1503 1360 diu
1527 1302 1562 1360 ct
1592 1289 1720 1363 acriter
1746 1294 1988 1366 decertaverit.
2049 1297 2182 1390 Magna

151 1415 275 1475 ratores
290 1422 403 1494 usque
424 1398 468 1467 ad
483 1409 644 1487 tempora
662 1389 810 1467 Ottonis
830 1393 944 1479 tertii,
970 1417 1044 1463 nou
1061 1416 1137 1461 am·
1187 1391 1295 1462 etiam
1316 1392 1411 1480 apud
1435 1414 1561 1461 omues
1584 1387 1692 1463 hodie
1710 1394 1882 1467 autoritas
1905 1412 1958 1469 est
1980 1399 2057 1471 eius
2081 1402 2181 1487 belli,

147 1502 279 1577 bitioue
301 1496 359 1596 (ut
380 1499 542 1592 plerique
557 1498 792 1588 Imperatores
817 1493 965 1591 Graeci)
982 1498 1040 1566 sed
1057 1494 1139 1585 opi·
1188 1493 1226 1561 in
1243 1516 1316 1584 quo
1331 1492 1476 1582 triginta
1490 1494 1630 1564 duabus
1644 1494 1844 1586 legionibus
1856 1522 1898 1569 er
1913 1500 2013 1570 omni
2026 1500 2181 1574 Saxonis

144 1606 251 1679 nione
266 1601 458 1693 singularis
474 1598 704 1691 prudentiae,
735 1597 913 1682 iustitiae,
936 1612 1138 1690 temperan-
1188 1594 1336 1679 coactis,
1369 1615 1450 1666 curu
1473 1591 1626 1687 Hugone
1653 1595 1842 1670 Gallorum
1871 1603 1978 1683 dure,
2007 1625 2181 1675 novarum

142 1706 230 1791 tiae,
253 1704 446 1795 imperinm
468 1702 546 1773 sine
562 1701 751 1773 autoritate
771 1698 953 1770 pontilicis
968 1701 1137 1771 obtinue-
1187 1719 1326 1781 rerum,
1346 1711 1382 1768 et
1396 1697 1515 1788 magui
1533 1698 1674 1791 imperii
1691 1696 1750 1796 (nt
1764 1714 1817 1773 cst
1831 1701 2021 1776 Gallorum
2037 1705 2182 1804 natura)

140 1823 239 1885 mut.
290 1806 408 1894 Quam
432 1804 576 1897 quidem
591 1802 884 1874 cousuetudinem
900 1802 963 1872 etsi
984 1801 1139 1893 accepis·
1187 1796 1419 1890 cupidissimo
1434 1800 1604 1874 conflixit.

139 1925 230 1987 seta
246 1907 444 1979 maioribus
462 1902 572 1988 Otto,
595 1918 735 1990 tamen,
759 1905 856 1998 quod
870 1918 1050 1976 vereretur
1063 1903 1138 1972 lor·
1286 1898 1369 1971 Non
1380 1904 1502 1971 miuus
1522 1903 1627 1972 etiam
1643 1926 1718 1973 rem
1739 1908 1785 1976 ad
1799 1929 1896 1977 arma
1913 1906 2041 1979 deduci
2060 1913 2181 1983 stude·

137 2028 235 2091 tasse
263 2007 560 2085 existimationem
599 2006 814 2090 multorum,
852 2006 985 2097 quibus
1016 2028 1137 2077 errore
1188 2002 1277 2076 bant
1291 1997 1440 2073 Ottonis
1453 2005 1660 2091 necessarii,
1688 2005 1726 2075 in
1743 2009 1873 2102 quibus
1890 2010 2060 2082 maiorem
2076 2014 2181 2085 fidem

137 2114 298 2213 quodam
324 2123 571 2203 persuaserant
600 2107 701 2194 ltali,
737 2130 811 2178 nou
848 2100 1032 2179 habendos
1064 2129 1138 2177 esse
1188 2127 1263 2174 esse
1290 2105 1460 2195 oportuit.
1526 2105 1618 2176 Nam
1646 2112 1741 2202 quod
1768 2109 1966 2203 imperator
1994 2112 2182 2186 Conradus

137 2238 294 2289 nurnero
316 2211 565 2285 Romanorum
586 2208 845 2303 Imperatorum
870 2224 1006 2302 patrem
1029 2204 1139 2281 Otto-
1189 2206 1343 2300 primus,
1368 2205 1545 2294 Francus,
1569 2210 1787 2282 discessurus
1802 2213 2056 2306 Imperatorem
2071 2219 2181 2288 dixis·

142 2317 224 2405 nis,
241 2312 438 2387 llenricum
455 2314 633 2404 primum,
657 2325 712 2398 et,
737 2312 800 2407 qui
820 2306 917 2383 huuc
939 2312 1139 2397 antecessit,
1188 2323 1260 2396 set,
1290 2332 1366 2378 non
1400 2311 1545 2381 fratrem
1583 2306 1834 2384 Everhardum
1864 2314 2088 2401 Palatinum,
2119 2322 2180 2390 sed

137 2418 349 2495 conradum
373 2414 570 2495 Francnm,
602 2414 685 2509 quia
712 2414 939 2487 autoritatem
961 2413 1139 2507 pontilicis
1188 2410 1385 2483 Hauricum
1401 2412 1577 2504 primum,
1602 2427 1737 2505 patrem
1752 2411 1901 2487 Ottonia
1917 2418 2043 2510 primi,
2068 2422 2182 2493 diuet

138 2518 398 2613 neglexissent,
431 2516 690 2608 cumprimum
717 2529 820 2608 pater
842 2513 1019 2588 Henricus
1041 2539 1139 2585 mor·
1189 2514 1317 2585 acriter
1336 2528 1531 2605 pugnatum
1553 2528 1605 2586 est
1626 2518 1795 2588 adversus
1816 2514 1989 2591 Ottonem
2006 2524 2052 2593 ab
2067 2519 2182 2594 Ever-

139 2635 348 2705 maressa,
372 2633 562 2690 coronatus
582 2613 671 2690 Otto
685 2640 706 2687 a
719 2642 861 2689 summo
875 2616 1138 2689 Germanorum
1189 2611 1303 2686 bardo
1324 2629 1359 2685 et
1372 2610 1521 2688 Ottonis
1534 2616 1643 2689 fratrc
1658 2616 1836 2706 Raurica,
1861 2622 1923 2714 qui
1939 2635 2062 2715 captus
2081 2640 2117 2697 et
2137 2651 2180 2697 ex

138 2725 314 2823 pontifice
336 2720 554 2812 Mogontino
573 2717 784 2792 Hildeberto
806 2713 999 2805 monacho,
1024 2718 1139 2789 excel-
1190 2715 1381 2790 Germanis
1401 2719 1615 2789 obductura
1641 2717 1776 2803 Gallis,
1808 2741 2035 2799 consenserat
2054 2731 2182 2799 adver-

138 2827 230 2905 leuti
247 2824 411 2897 doctrina
427 2823 606 2916 praedito,
622 2819 859 2915 Aquisgraui‚
883 2819 1139 2895 Romaeetiam
1189 2843 1251 2891 sus
1264 2821 1409 2889 fratrem
1426 2844 1506 2890 cnm
1528 2815 1712 2909 hostibus,
1742 2848 1928 2916 persuasus
1944 2851 2018 2899 uon
2037 2830 2182 2901 difficile
2247 2910 2253 2918 ,

139 2951 316 3009 ortonam
330 2925 474 3017 imperii
494 2924 628 3016 accepit
648 2946 668 2995 a
687 2922 810 2997 leone
823 2937 962 2996 octavo.
1190 2944 1282 3007 esse,
1305 2922 1460 2993 obtineri
1475 2944 1496 2991 a
1510 2947 1548 2993 se
1563 2923 1768 3015 imperium,
1792 2923 1928 3000 Ottone
1943 2931 2052 3003 fratre
2064 2934 2182 3027 pulso.
2235 2928 2238 2933 ’

245 3026 454 3101 Declaralus
482 3050 568 3097 vero
598 3023 796 3116 imperator
815 3049 979 3116 regnasse
1009 3025 1141 3096 dicitur
1189 3021 1362 3117 Reliquas
1384 3018 1568 3111 historias,
1599 3050 1645 3095 ne
1662 3028 1804 3117 lougius
1819 3030 1865 3101 ab
1880 3031 2044 3106 instituto
2059 3036 2183 3107 videar

138 3156 282 3219 annum
300 3129 518 3200 tricesimum
539 3142 686 3200 sextum.
745 3126 868 3218 Longe
884 3127 922 3197 in
944 3122 1012 3198 hoc
1029 3127 1141 3216 magi-
1190 3126 1366 3215 digressus
1381 3148 1469 3209 esse,
1493 3140 1687 3217 praetereo.
1741 3127 1839 3201 Galli
1852 3148 1962 3220 certe,
1987 3140 2083 3231 quod
2099 3139 2183 3209 nul-

140 3250 260 3311 stratu
281 3232 459 3326 principes
493 3252 638 3300 suorum
669 3241 868 3321 temporum
898 3230 1063 3301 excelluit
1083 3229 1142 3298 in·
1191 3228 1351 3297 lacausa
1375 3224 1584 3318 imperatori
1601 3230 1733 3300 bellum
1755 3234 1937 3317 fecissent,
1970 3240 2097 3312 merito
2117 3262 2183 3311 erro

143 3338 241 3431 signi
256 3336 406 3431 pietate,
428 3332 565 3423 egregie
589 3330 699 3400 animi
724 3331 972 3422 magnitudine
995 3344 1032 3401 et
1054 3354 1142 3401 eou-
1192 3330 1229 3398 in
1246 3324 1304 3399 his
1324 3327 1427 3399 bellis
1443 3329 1557 3399 multo
1570 3325 1781 3403 humiliores
1802 3335 2086 3434 infirmioresqne
2099 3356 2184 3413 mm

149 3436 300 3523 mouth,
328 3436 420 3505 mira
449 3434 635 3505 severitate
672 3433 766 3502 vitae
792 3433 927 3524 regiae,
956 3432 1142 3503 excellenti
1192 3431 1325 3514 allecti,
1349 3433 1424 3499 uon
1448 3445 1567 3502 tamen
1590 3449 1735 3524 propter
1747 3437 1971 3507 clementiam
1987 3438 2184 3535 imperato-

147 3538 313 3613 acuurine
339 3538 487 3618 mentis,
519 3535 712 3627 sapientia,
744 3535 903 3620 iusticia,
939 3535 1142 3620 clementia,
1192 3532 1241 3602 ris
1258 3527 1405 3602 Ottonis
1422 3536 1560 3603 redacta
1579 3532 1698 3606 Gallia
1721 3538 1759 3608 in
1784 3540 2026 3632 provinciam,
2048 3544 2184 3618 necti-

144 3642 283 3739 quibns
315 3639 508 3710 virtutibus
538 3632 625 3707 hinc
651 3638 768 3708 maior
801 3637 944 3709 accessit
971 3638 1143 3708 autoritas
1192 3634 1361 3706 vitatibus
1382 3634 1548 3726 imposito
1569 3637 1765 3730 stipendio,
1789 3666 1870 3713 cum
1895 3643 1950 3714 ius
1965 3644 2050 3715 belli
2066 3647 2185 3734 suerit,

145 3745 277 3829 etiam,
305 3744 401 3837 quod
428 3741 539 3811 moles
559 3741 720 3831 corporis
745 3741 784 3809 iu
811 3735 949 3812 Ottone
977 3763 1017 3810 ea
1043 3752 1142 3821 esset,
1192 3750 1234 3809 ut
1255 3736 1318 3831 qui
1336 3736 1524 3823 vicissent,
1548 3739 1612 3825 iis,
1637 3764 1727 3834 qnos
1745 3743 2185 3841 vicissent,·quemadmo·

144 3872 241 3945 quae
270 3845 402 3935 regiam
431 3842 583 3913 maxime
609 3842 769 3914 decuerit
787 3843 1016 3934 dignitatem,
1046 3843 1142 3936 qnod
1194 3839 1441 3926 dumvelleut,
1462 3840 1688 3932 imperarent.
1741 3843 1822 3935 Qua
1836 3849 1981 3941 quidem
1996 3851 2184 3924 clementia

144 3948 383 4043 capitatam,
406 3945 579 4037 prolixior
603 3944 733 4026 barba,
765 3939 908 4015 habitus
927 3944 1080 4037 patrios,
1103 3957 1144 4014 ut
1192 3963 1279 4013 utus
1292 3955 1411 4033 postea
1427 3956 1478 4014 est
1494 3966 1573 4030 erga
1589 3941 1773 4017 Romanos
1793 3950 1918 4035 etiam,
1945 3976 2098 4046 quorum
2117 3952 2187 4025 lta.

144 4054 210 4149 qni
227 4072 414 4142 nunquam
430 4047 475 4117 ait
492 4046 679 4138 peregrino
695 4069 790 4121 ersus.
1195 4045 1281 4115 liam
1302 4037 1399 4116 hand
1426 4045 1535 4115 dubie
1554 4045 1757 4136 vectigalem
1779 4050 1937 4137 lecisset,
1963 4068 2003 4126 ut
2029 4053 2185 4126 Galliam

255 4150 417 4221 versavit
431 4145 528 4218 hunc
543 4143 735 4234 Ottonem,
756 4163 941 4243 postquam
956 4148 1143 4239 imperium
1196 4146 1386 4239 potuisset,
1409 4147 1439 4217 si
1455 4142 1547 4217 nibil
1562 4161 1684 4219 contra
1702 4150 1877 4222 iusticiam
1894 4155 2015 4229 fuisset
2030 4159 2186 4230 facturus

144 4258 301 4349 adeptus
315 4265 421 4337 esset,
445 4251 483 4321 in
498 4250 607 4323 tantis
623 4252 914 4323 contentionibus
931 4265 965 4321 et
982 4250 1145 4320 certami-
1196 4248 1390 4338 redigendo
1408 4251 1476 4320 sub
1497 4250 1686 4340 imperium
1701 4275 1804 4324 anum
1821 4251 1973 4326 ltaliam.
2026 4256 2073 4331 Ut
2091 4261 2187 4330 enirn

145 4360 262 4433 nibus
292 4356 454 4439 fortuna,
483 4367 526 4425 ut
550 4366 695 4444 propter
720 4377 838 4423 rerum
862 4378 881 4423 a
911 4376 949 4423 se
970 4367 1146 4442 gestarum
1197 4349 1347 4445 quisque
1361 4351 1512 4421 maxime
1525 4365 1650 4442 potens
1663 4366 1733 4440 est,
1755 4354 1802 4425 ita
1818 4380 1900 4427 eum
1915 4360 1984 4430 late
1999 4360 2190 4430 dominan-

144 4458 456 4550 maguitudinem,
479 4456 670 4546 agnomine
685 4453 802 4527 dietus
817 4455 863 4526 ait
878 4449 967 4528 Otto
984 4453 1148 4544 Magnus,
1198 4453 1236 4523 di
1251 4452 1426 4544 cupiditas
1447 4452 1545 4543 angit
1564 4454 1759 4545 plurimum
1785 4473 1820 4530 et
1842 4462 1961 4550 agitat.
2013 4460 2189 4532 Tumne·
2275 4524 2282 4537 ,

146 4557 394 4645 Universalia,
425 4554 617 4648 Augustus.
678 4553 727 4628 Ει
746 4557 876 4631 accidit
899 4571 993 4627 certe
1007 4552 1150 4642 Otloui,
1199 4579 1260 4625 mo
1282 4554 1406 4636 tacite,
1438 4559 1534 4649 quod
1561 4558 1685 4645 seiam,
1718 4557 2036 4655 exPrincipibusa
2058 4574 2190 4633 conatu

147 4664 250 4761 quod
273 4662 350 4731 lieri
371 4682 511 4731 necesse
529 4659 596 4731 luit
616 4660 653 4728 iu
677 4659 786 4731 tantis
801 4658 1060 4732 calamitatibus
1072 4656 1146 4731 Ro·
1200 4657 1439 4748 amplificandi
1462 4657 1603 4750 imperii
1627 4675 1678 4732 est
1700 4661 1904 4748 deterritus,
1937 4665 2032 4757 qnod
2056 4678 2116 4737 aut
2134 4665 2192 4734 lu-

145 4765 253 4841 mani
265 4763 430 4855 imperii,
453 4761 560 4834 illatis
575 4764 620 4831 ab
634 4760 805 4851 Ungaris,
827 4759 1031 4845 Saracenis,
1051 4760 1151 4831 Lon·
1202 4759 1328 4845 minis,
1351 4774 1413 4831 aut
1427 4782 1572 4842 manus,
1597 4774 1659 4831 aut
1675 4763 1789 4833 cruris
1800 4778 1862 4835 ant
1877 4765 2021 4835 alterius
2040 4764 2192 4837 membri

147 4866 342 4963 gobardis,
373 4862 509 4947 Gallis,
540 4861 730 4949 llaudalis,
757 4864 900 4933 nullum
923 4864 1029 4933 linem
1053 4862 1151 4933 iuiu-
1203 4864 1375 4932 iacturam
1397 4862 1544 4932 iecisset.
1602 4860 1703 4932 Talis
1726 4879 1776 4936 est
1796 4866 1868 4935 lere
1889 4868 2050 4937 omnium
2069 4891 2193 4961 regum

148 4972 220 5047 riis
236 4964 374 5043 Ottoue
396 4965 467 5037 iam
494 4963 711 5057 Imperatore
727 4967 889 5037 iacturis:
915 4963 1057 5036 Horum
1077 4963 1152 5044 alii,
1203 4964 1386 5049 voluntas,
1412 4963 1476 5036 etsi
1491 4986 1567 5033 uon
1583 4964 1745 5035 omnium
1761 4965 1842 5037 talis
1855 4969 1903 5040 sit
1916 4970 2074 5043 andacia.
2123 4968 2194 5040 Vc-

148 5072 255 5172 qnod
275 5069 425 5162 imperio
452 5065 618 5141 Romano
648 5090 748 5139 suam
774 5067 971 5160 potentiam
997 5063 1154 5135 diminui
1205 5091 1285 5139 rum
1310 5060 1402 5136 Otto
1420 5060 1474 5137 hia
1498 5066 1621 5153 rebus,
1646 5078 1722 5138 tum
1745 5069 1898 5141 aliorum
1917 5096 2061 5166 quoqne
2078 5094 2196 5143 exem·

150 5176 340 5258 viderent,
373 5173 574 5255 fortunam,
607 5194 840 5265 quaecunque
870 5170 1061 5248 accideret,
1095 5193 1156 5239 ex·
1205 5168 1294 5263 plis,
1323 5168 1406 5261 qui,
1434 5169 1561 5258 egressi
1585 5167 1723 5241 ltaliam
1747 5184 1781 5243 et
1800 5169 1957 5259 Gallias,
1982 5174 2197 5245 belliiortn·

149 5276 270 5375 periri
287 5275 510 5358 maluerunt,
533 5297 641 5365 quam
649 5270 898 5345 Romanorum
915 5272 1062 5363 imperia
1080 5294 1155 5342 sns-
1208 5294 1291 5341 nam
1304 5284 1427 5341 contra
1440 5272 1614 5343 iusticiam
1629 5273 1667 5340 in
1683 5271 1875 5345 Germania
1891 5287 2105 5360 tentassent,
2126 5274 2198 5343 mi-

150 5382 286 5455 tinere.
348 5374 445 5461 Alii,
477 5399 629 5468 quorum
656 5375 816 5468 plerique
843 5375 1029 5444 necessarii
1057 5385 1159 5443 erant
1209 5374 1307 5444 nime
1327 5387 1465 5460 motus,
1495 5375 1656 5446 institiae
1676 5398 1760 5445 suae
1782 5389 1818 5447 et
1832 5378 2032 5450 autoritatis
2046 5376 2199 5447 multum

152 5499 191 5555 et
216 5477 472 5569 consanguinei
495 5471 661 5559 Ottouis,
698 5479 794 5571 quod
818 5500 993 5548 summam
1017 5474 1160 5569 imperii
1209 5475 1381 5547 indicavit
1416 5476 1602 5563 iuteresse,
1639 5476 1848 5568 dignitatem
1875 5476 2033 5552 Romani
2058 5476 2202 5572 imperii

1483 5572 1566 5649 53⁸
