4664 6022
231 290 308 370 ⁹69

233 462 315 536 lesti
335 455 492 531 Ecclesia
514 454 695 541 iuturum,
721 470 760 527 ut
778 452 909 527 iterum
927 452 1133 524 dulcissima
1150 476 1233 524 con-

233 563 423 640 suetudine
449 560 626 629 fruantur.
688 559 781 629 Cum
806 557 916 648 igitur
931 554 1134 627 Fridericus
1157 570 1238 627 tan-

234 691 345 765 quam
369 689 410 735 ex
426 659 494 733 hac
509 661 661 732 statione
682 662 857 732 abductus
873 673 982 744 esset,
1008 657 1160 729 loannes
1174 683 1238 750 pa-

237 772 326 844 triae
342 768 438 840 solus
456 766 620 858 praefuit.

344 870 452 941 Plebe
469 892 551 937 mox
575 880 738 938 revocata
756 868 799 936 ad
819 866 994 951 officium,
1021 890 1111 958 quae
1135 866 1238 935 illum

239 964 454 1073 quocunque
469 994 505 1040 se
523 973 701 1060 vertebat,
729 971 939 1060 agnoscebat
955 982 987 1038 et
1004 970 1239 1038 venerabatur

187 1087 188 1092 ’
240 1093 282 1153 ut
299 1092 447 1171 patrem,
471 1087 506 1143 et
521 1097 617 1143 arma
634 1097 754 1142 errore
768 1086 926 1164 sumpta,
952 1084 1078 1163 sponte
1095 1072 1238 1139 abiicie-

240 1183 318 1253 bat:
346 1178 461 1271 prima
478 1176 595 1246 statim
612 1171 695 1247 cura
708 1175 797 1261 fuit,
820 1189 860 1244 ut
873 1176 910 1243 in
929 1189 1001 1244 tota
1018 1174 1152 1243 ditione
1171 1171 1239 1242 Ec·

241 1284 367 1356 clesiae
391 1280 661 1371 inspicerentur.
721 1277 812 1347 Nam
839 1294 873 1350 et
902 1290 994 1346 recte
1019 1277 1239 1367 intelligebat

240 1388 317 1480 ipse
332 1383 531 1455 doctrinam
547 1384 591 1451 de
604 1380 699 1468 Deo,
724 1396 758 1451 et
771 1379 887 1450 Deum
905 1404 987 1448 vera
1001 1381 1130 1472 pietate
1145 1378 1238 1448 cole-

240 1493 321 1573 bat,
348 1511 388 1557 ac
410 1509 514 1554 mane
536 1484 695 1579 qnotidie
720 1485 764 1552 ad
789 1507 888 1553 suam
914 1483 1152 1573 precationem
1176 1483 1239 1550 ad-

242 1592 431 1681 iungebat,
462 1611 643 1657 sacrorum
663 1588 839 1657 librorum
865 1586 1066 1659 lectionem.
1125 1582 1240 1653 Norat

243 1696 353 1786 igitur
379 1691 609 1784 praecipuum
638 1714 711 1759 esse
734 1689 889 1759 officium
913 1689 1075 1758 omnium
1104 1686 1237 1779 princi-

242 1822 348 1891 pum,
381 1817 507 1887 sonare
530 1793 568 1861 in
592 1816 717 1882 genere
743 1787 900 1860 humano
926 1816 1046 1861 vocem
1069 1790 1240 1879 divinam,

243 1915 278 1972 et
292 1921 415 1970 curare
438 1911 477 1967 ut
498 1897 652 1987 populus
673 1908 765 1966 recte
781 1896 960 1986 doceatur.
1015 1893 1121 1962 Dedit
1139 1916 1240 1960 man-

243 2005 324 2075 data
342 2000 555 2083 liberaliter,
582 2014 622 2069 ut
639 1997 911 2088 praeficerentur
931 1996 1051 2064 idonei
1064 1994 1238 2078 Pastores,

245 2119 279 2176 et
296 2102 481 2194 egentibus
495 2099 663 2171 Ecclesiis
681 2102 815 2170 reditus
830 2100 1121 2169 attribuerentur.

349 2203 391 2274 ln
415 2227 455 2274 ea
476 2203 711 2295 inspectione,
738 2227 818 2271 cum
839 2197 1014 2271 Gotthani
1037 2217 1071 2271 et
1097 2201 1240 2271 lsenna-

244 2329 363 2382 censes
379 2321 539 2398 peterent
554 2306 755 2375 confirmari
771 2306 1000 2373 donationem
1018 2300 1240 2396 quaeEccle·

243 2413 305 2485 tiis
327 2412 417 2481 facta
441 2422 535 2493 erat,
563 2422 597 2478 et
620 2409 658 2476 in
681 2407 793 2478 literis
819 2407 1021 2477 recitassent
1039 2405 1241 2476 Fridericus

139 2505 141 2509 ’
243 2512 437 2610 Myconius
469 2525 502 2582 et
534 2509 653 2581 Iustus
685 2509 829 2579 Menios
859 2510 993 2579 dictum
1020 2511 1116 2602 qnod
1150 2521 1240 2578 extat

243 2618 340 2711 apud
357 2612 518 2697 Esaiam,
544 2637 641 2704 reges
659 2628 765 2682 erunt
781 2612 973 2681 nutritores
990 2608 1180 2691 Ecclesiae,
1208 2624 1242 2681 et

244 2720 387 2810 reginae
413 2717 585 2788 nutrices:
622 2730 656 2786 et
674 2715 913 2807 scripsissent,
948 2710 1014 2784 hoc
1031 2715 1125 2785 dicto
1145 2739 1241 2784 com·

243 2822 429 2894 monelieri
465 2820 644 2912 principes
675 2832 710 2888 et
738 2816 973 2908 respublicas,
1019 2830 1058 2885 ut
1089 2817 1241 2904 cogitent

243 2927 325 2995 ideo
348 2947 459 3015 genus
479 2917 675 2991 humanum
698 2918 918 2997 conservari,
943 2931 978 2986 et
1000 2922 1240 3013 consociatum

245 3050 318 3098 esse
334 3025 512 3119 imperiis,
538 3036 578 3094 ut
596 3022 680 3091 inde
698 3021 885 3110 colligatur
901 3016 1068 3091 Ecclesia.
1122 3019 1242 3108 Quare

244 3130 473 3224 praecipuum
496 3127 544 3197 sit
568 3148 699 3194 munus
722 3124 941 3215 principum,
975 3123 1159 3192 consulere
1187 3122 1241 3190 illi

239 3232 339 3327 parti
362 3226 569 3309 hominurn,
609 3243 643 3298 et
667 3242 781 3317 tegere
802 3251 841 3295 ac
863 3227 982 3295 lovere
1006 3222 1180 3295 Ecclesias
1208 3238 1241 3293 et

245 3359 366 3406 earnm
383 3333 565 3405 Doctores.
619 3328 696 3399 Hac
715 3325 841 3399 Esaiae
859 3328 1032 3399 sententia
1052 3351 1140 3420 quae
1157 3326 1241 3396 tunc

244 3439 407 3509 nondum
433 3459 536 3527 saepe
552 3433 656 3504 citata
675 3446 766 3513 erat,
794 3433 840 3500 ita
861 3433 1052 3528 delectatus
1070 3445 1121 3500 est
1135 3428 1241 3498 Prin-

245 3564 343 3633 ceps,
375 3563 456 3609 τοοκ
481 3552 521 3608 ut
546 3535 687 3607 iusserit
713 3534 781 3602 sibi
808 3534 923 3601 locum
948 3532 986 3601 in
1010 3531 1112 3602 Esaia
1138 3554 1240 3599 mon-

244 3643 360 3722 strari,
386 3654 422 3712 et
437 3638 666 3711 donationem
683 3636 835 3726 benigne
851 3635 1084 3705 confirmavit.
1138 3631 1240 3702 Talia

246 3737 1241 3840 pietatisetbeneficentiaeipsiuscxemplamultaomitto.

244 3845 371 3919 Secuta
388 3861 439 3918 est
454 3857 574 3937 postea
590 3842 729 3912 obsidio
744 3839 917 3923 Viennae,
943 3864 1013 3932 quo
1029 3840 1067 3907 in
1082 3838 1241 3929 periculo

244 3951 318 4040 ipse
340 3963 374 4019 et
396 3946 477 4018 Dux
499 3943 675 4036 Georgius
699 3965 844 4032 magnas
868 3943 985 4031 copias
1010 3944 1053 4011 ad
1079 3940 1241 4009 Viennae

244 4052 487 4122 defensionem
506 4049 576 4118 cito
591 4048 775 4117 miserunt.
829 4043 901 4114 Nec
917 4045 990 4113 ulla
1014 4044 1052 4113 in
1077 4067 1115 4112 re
1128 4043 1240 4113 deluit

244 4155 320 4225 eius
336 4153 490 4222 officinm
506 4151 688 4220 communi
706 4147 810 4219 saluti
828 4144 1059 4217 Germaniae:
1084 4170 1242 4216 summa-

244 4281 313 4352 que
330 4257 397 4325 lide
411 4252 567 4337 Caesari,
593 4265 779 4348 quaesunt
793 4248 968 4335 Caesaris,
994 4248 1127 4332 etDeo,
1151 4272 1240 4343 quae

242 4357 312 4432 Dei
333 4371 436 4441 sunt,
459 4356 671 4449 praestabat.
722 4353 848 4423 Postea
872 4353 981 4442 igitur
1001 4352 1041 4419 in
1062 4364 1240 4420 conventu

243 4459 472 4552 Aergustano,
497 4457 562 4529 etsi
586 4458 697 4527 multa
716 4468 849 4526 tentata
872 4456 1013 4525 suntad
1031 4477 1112 4523 eum
1135 4453 1241 4521 inlle-

243 4566 430 4642 ciendum,
457 4574 496 4631 ut
511 4561 701 4652 puritatem
716 4559 899 4629 doctrinae
915 4580 1021 4651 quam
1040 4571 1125 4628 tunc
1143 4577 1241 4625 rece-

242 4683 353 4756 perat,
375 4679 408 4736 et
424 4677 516 4735 recte
533 4663 765 4750 intelligebat,
786 4659 967 4730 abiiceret:
990 4673 1108 4727 tamen
1123 4658 1241 4727 omni-

242 4771 309 4840 bus
334 4765 499 4860 periculis
522 4766 779 4834 confessionem
806 4763 963 4832 veritatis
986 4761 1175 4852 praetulit,
1201 4783 1241 4828 ac

243 4895 345 4962 saepe
361 4883 507 4942 testatus
519 4883 586 4952 est,
610 4892 646 4937 se
664 4890 779 4959 neque
795 4865 1018 4949 curiositate,
1045 4887 1161 4956 neque
1178 4887 1241 4932 cu-

244 4973 392 5066 piditate
405 4973 489 5055 ulla,
514 4994 630 5064 neque
644 4970 762 5039 studio
778 4966 1017 5037 contentionis
1032 4991 1050 5035 a
1067 4988 1241 5035 consensu

243 5088 296 5147 tot
319 5075 519 5145 seculorum
545 5087 579 5143 et
601 5073 759 5162 gentium
781 5070 994 5140 discessisse:
1021 5070 1082 5140 sed
1105 5092 1142 5138 se
1160 5091 1240 5135 mo-

243 5180 319 5248 veri
335 5174 566 5247 severissimis
581 5171 648 5243 Dei
665 5173 861 5262 mandatis,
887 5197 932 5240 ne
947 5173 1084 5262 agnitae
1100 5170 1241 5241 veritati

243 5283 466 5362 adversetur,
492 5300 598 5372 seque
616 5278 653 5346 in
671 5277 784 5347 causis
806 5275 959 5368 politicis
979 5274 1148 5344 omnibus
1171 5271 1240 5341 im·

244 5385 400 5474 peratori
431 5383 468 5450 in
493 5393 565 5451 tota
589 5381 662 5450 vita
684 5393 888 5450 reverenter
913 5379 1241 5469 obtemperaturum

233 5508 328 5560 esse.
382 5483 426 5556 lu
439 5481 506 5558 hac
520 5483 741 5554 consessione
757 5482 914 5575 primum
931 5479 1115 5571 diligentia
1132 5476 1242 5574 ipsius

565 286 573 299 ·
689 275 850 355 unct.
883 273 959 351 nu
992 273 1224 352 roenna
1258 279 1410 356 nucu
1443 283 1568 358 sax.
1602 241 1813 363 uuncrj

2210 292 2279 370 980

1288 457 1467 529 laudanda
1485 472 1554 543 est,
1586 462 1681 552 quod
1702 485 1777 532 non
1799 463 1913 534 voluit
1933 465 2076 537 misceri
2096 466 2281 559 opiniones

1288 563 1509 653 peregrinas,
1536 573 1570 631 et
1585 562 1730 633 inutiles
1746 561 1945 655 Ecclesiae,
1971 592 2053 639 cum
2072 582 2197 640 tamen
2213 592 2283 640 mo-

1289 665 1332 733 tis
1355 662 1657 755 disputationibus
1686 680 1772 737 tunc
1801 692 1928 759 magna
1955 685 2044 741 esset
2071 670 2282 763 opinionum

1289 770 1452 837 varietas:
1475 770 1534 836 sed
1552 768 1691 839 curavit
1707 784 1745 841 ut
1762 794 1817 839 res
1832 775 2047 844 necessariae
2061 774 2283 844 illustraren-

1289 884 1364 954 tur,
1391 886 1424 940 et
1440 883 1571 939 extaret
1584 871 1697 940 forma
1714 873 1895 944 doctrinae
1910 879 1953 944 de
1968 877 2138 946 omnibus
2156 877 2281 945 articu-

1288 973 1344 1058 lis,
1368 997 1473 1065 qnam
1491 985 1524 1040 et
1537 973 1625 1042 aliae
1640 969 1819 1045 Ecclesiae
1834 978 1891 1069 pie
1905 980 2005 1072 sequi
2023 993 2182 1069 possent,
2202 978 2283 1050 sicut

1288 1090 1404 1168 postea
1424 1071 1515 1143 banc
1529 1099 1690 1144 normam
1714 1078 1804 1147 aliae
1818 1080 1978 1169 regiones
1998 1096 2034 1152 et
2049 1079 2284 1172 Respublicae

1289 1193 1425 1248 secutae
1448 1191 1542 1248 sunt.
1594 1175 1734 1249 Deinde
1757 1195 1791 1250 et
1813 1184 2010 1253 constantia
2032 1171 2218 1253 laudanda
2240 1198 2283 1254 est

1289 1282 1327 1349 in
1349 1281 1605 1365 asseveratione
1628 1285 1809 1353 doctrinae
1835 1308 1936 1355 verae
1959 1300 1994 1357 et
2020 1285 2208 1369 salutaris,
2239 1299 2283 1357 est

1290 1399 1324 1454 et
1338 1407 1399 1454 sua
1418 1383 1495 1452 laus
1513 1385 1723 1470 modestiae,
1749 1389 1846 1479 quod
1860 1411 1964 1458 nemo
1983 1388 2079 1479 pacis
2096 1389 2285 1458 studiosior

1288 1487 1367 1570 luit,
1393 1487 1490 1577 quod
1508 1489 1674 1572 ostendit,
1700 1513 1778 1556 cum
1796 1489 1876 1558 aliis
1889 1515 1986 1559 arma
2001 1513 2125 1560 errore
2142 1503 2285 1582 sumpta,

1290 1591 1363 1679 ipse
1380 1588 1477 1659 velut
1495 1590 1539 1657 de
1558 1589 1721 1659 manibus
1743 1593 1899 1665 extorsit.
1947 1590 2037 1664 Erat
2057 1592 2223 1676 omnino,
2245 1607 2280 1661 ut

1289 1690 1589 1761 Lacedaemonios
1604 1692 1725 1763 laudat
1739 1689 1981 1789 Thucydides,
2007 1687 2212 1791 φιλήσυχος
2222 1690 2277 1766 καὶ

1290 1785 1521 1889 δραστήριος.
1574 1789 1766 1864 Evidentia
1790 1812 1906 1866 autem
1931 1797 2091 1868 veritatis
2116 1809 2213 1868 tanta
2236 1809 2282 1866 est

1291 1897 1328 1965 in
1346 1898 1574 1981 confessione,
1602 1900 1956 1968 conferentibuseam
1972 1902 2166 1983 adientes,
2191 1900 2284 1969 vide·

1292 2001 1424 2068 licetad
1436 2000 1633 2068 doctrinam
1650 2000 1815 2072 traditam
1825 2026 1887 2091 per
1901 2002 2014 2072 filium
2025 1999 2109 2083 Dei,
2132 1998 2284 2092 Prophe-

1291 2116 1343 2172 tas
1358 2098 1603 2192 etApostolos,
1627 2115 1661 2172 et
1677 2103 1720 2170 ad
1735 2103 1907 2197 symbola,
1934 2117 1974 2173 ut
1987 2104 2096 2174 bonis
2112 2105 2283 2175 mentibus

1291 2203 1463 2273 iudicium
1481 2228 1555 2273 nou
1572 2206 1618 2275 sit
1632 2205 1786 2279 difficile.
1823 2204 1945 2300 ltaque
1961 2230 2174 2300 quanquam
2188 2207 2281 2277 multi

1290 2305 1469 2400 cyclopico
1487 2319 1690 2398 contemptu
1709 2308 1773 2378 Dei
1791 2308 1947 2400 (semper
1962 2308 2059 2376 enim
2080 2309 2210 2379 talium
2224 2309 2280 2378 ali·

1291 2423 1434 2502 quaest
1462 2409 1674 2502 multitudo)
1705 2411 1958 2495 adversantur,
1991 2424 2114 2483 tamen
2138 2433 2204 2481 nos
2226 2407 2278 2480 hac

1291 2512 1533 2582 consolatione
1549 2526 1801 2592 sustentemus:
1833 2512 1940 2601 Quod
1958 2527 2011 2583 est
2036 2536 2080 2582 ex
2097 2511 2195 2599 Deo,
2217 2537 2276 2582 nou

1292 2615 1517 2688 dissolvetur.
1569 2611 1617 2685 Et
1636 2616 1797 2684 videmus
1812 2613 1878 2686 Dei
1898 2615 2072 2684 benelicio
2090 2616 2274 2686 conservari

1293 2712 1385 2785 hanc
1402 2717 1612 2792 doctrinam.
1664 2716 1737 2787 Nec
1753 2741 1837 2787 vero
1855 2718 2039 2808 negligens
2054 2720 2186 2791 eratin
2200 2718 2272 2788 iuris

1293 2819 1447 2888 dictione
1463 2820 1617 2908 politica,
1643 2832 1678 2889 et
1694 2821 1734 2890 in
1748 2822 1900 2909 regenda
1919 2819 2128 2912 disciplina.
2164 2820 2197 2889 ln
2211 2815 2268 2887 lto-

1292 2920 1440 2988 micidas
1467 2934 1500 2991 et
1531 2922 1569 2989 in
1592 2918 1758 2992 moechos
1780 2920 1999 2993 severissime
2027 2923 2262 2993 ani-adverte-

1292 3024 1363 3092 bat.
1418 3020 1560 3092 Civium
1577 3024 1838 3094 controversias
1855 3048 1991 3095 summa
2005 3027 2183 3119 aequitate
2195 3022 2266 3091 diri·

1292 3125 1419 3196 mebat.
1471 3122 1519 3196 Et
1542 3129 1763 3215 gubernabat
1784 3122 1871 3197 haec
1894 3128 2045 3197 consilia
2061 3129 2125 3198 vir
2144 3126 2272 3216 sapiens,

1293 3228 1454 3297 eruditus
1480 3242 1514 3297 et
1542 3226 1655 3299 iustus
1671 3229 1870 3300 Pontanus:
1897 3243 1931 3300 et
1946 3225 2214 3301 adhibebantur
2226 3225 2273 3296 alii

1292 3330 1421 3399 eruditi
1438 3330 1524 3414 viri,
1550 3346 1590 3403 ut
1615 3332 1787 3401 iudicium
1811 3355 1994 3401 consessus
2017 3331 2185 3404 eruditae
2202 3329 2275 3400 Aca-

1292 3431 1428 3501 demiae
1450 3433 1577 3502 similis
1599 3449 1697 3506 esset.
1748 3431 1825 3504 Etsi
1844 3447 1960 3504 autem
1979 3448 2113 3505 natum
2137 3430 2276 3504 liberalis

1292 3549 1383 3617 erat,
1408 3548 1441 3604 et
1464 3536 1743 3617 munificentiam
1766 3559 1847 3627 erga
1874 3535 2053 3629 principes
2075 3535 2277 3631 aliquosde-

1292 3636 1455 3707 claravit:
1483 3651 1601 3707 tamen
1617 3639 1849 3728 restringebat
1860 3654 2045 3730 sumptus,
2072 3664 2121 3710 ne
2138 3652 2279 3710 antaere

1292 3739 1408 3807 alieno
1437 3740 1587 3830 patriam
1611 3755 1791 3824 oneraret,
1826 3757 1886 3811 aut
1914 3764 2026 3810 novae
2057 3741 2280 3834 expilationes

1293 3841 1455 3910 miseram
1478 3842 1618 3933 plebem
1642 3846 1735 3913 fame
1757 3857 1942 3928 necarent,
1973 3839 2026 3913 Ac
2052 3845 2139 3914 talis
2156 3844 2195 3912 iu
2217 3855 2281 3913 tota

1292 3943 1364 4013 vita
1378 3943 1459 4032 init,
1481 3968 1665 4038 nunquam
1683 3947 1935 4038 voluptatibus,
1961 3969 2153 4040 nunquam
2171 3947 2221 4014 ira
2232 3942 2283 4012 vel

1291 4046 1503 4131 ambitione,
1530 4049 1586 4117 vel
1612 4049 1804 4140 cupiditate
1825 4049 2001 4118 vindictae
2023 4049 2142 4120 victus
2163 4048 2282 4118 disces·

1292 4148 1373 4217 sita
1394 4171 1476 4222 sese.
2061 4170 2065 4175 ·

1395 4249 1447 4320 Ac
1462 4275 1563 4344 saepe
1576 4246 1667 4321 mibi
1682 4255 1726 4322 de
1741 4277 1783 4321 eo
1799 4252 1987 4342 cogitanti,
2012 4253 2116 4326 veuit
2135 4254 2174 4324 in
2192 4273 2284 4320 men·

1292 4367 1362 4423 tem
1379 4353 1583 4423 dulcissima
1598 4356 1789 4447 descriptio
1806 4352 1921 4425 Marci
1937 4352 2134 4437 Antonini,
2154 4354 2206 4424 'de
2220 4376 2283 4447 quo

1291 4452 1388 4525 Dion
1412 4456 1546 4550 inquit:
1585 4455 1722 4529 Similis
1749 4458 1815 4526 sibi
1844 4458 1910 4549 ipsi
1940 4480 2079 4549 semper
2104 4459 2195 4547 fuit,
2228 4477 2284 4524 nee

1291 4573 1447 4628 mutatus
1471 4573 1521 4630 est
1543 4583 1614 4628 una
1637 4560 1675 4628 in
1691 4584 1729 4629 re
1744 4584 1914 4653 unquam.
1936 4575 2012 4632 erat
2025 4572 2146 4630 autem
2164 4560 2284 4638 οοοοο,

1292 4674 1326 4731 et
1344 4656 1437 4729 nihil
1454 4676 1526 4732 erat
1543 4686 1616 4730 οοο
1636 4662 1815 4745 nativum,
1843 4656 1935 4730 nibil
1951 4674 2065 4732 astute
2082 4662 2283 4731 simulatum

1292 4777 1353 4832 aut
1369 4764 1552 4834 adscitum.
1576 4762 1690 4833 ·Talis
1706 4766 1862 4855 profecto
1879 4778 1954 4834 erat
1967 4777 2000 4833 et
2015 4761 2099 4833 Dux
2115 4762 2283 4834 saxoniae

1293 4864 1444 4935 loannes
1466 4864 1621 4940 Elector.
1666 4864 1791 4937 Exitus
1809 4867 1912 4938 etiam
1936 4865 2098 4956 placidus
2117 4865 2198 4938 fuit.
2238 4860 2283 4934 Ac

1292 4966 1404 5038 animi
1434 4969 1719 5063 aequabilitatem
1750 4970 1790 5037 in
1820 4965 1953 5039 lithiasi
1981 4983 2015 5039 et
2042 4968 2127 5036 aliis
2156 4966 2283 5037 morbis

1292 5083 1377 5140 tunc
1399 5094 1542 5164 quoque
1561 5073 1734 5163 praestitit
1759 5070 1935 5141 eximiam.
1996 5068 2089 5139 Nam
2113 5085 2283 5162 postreun

1291 5173 1440 5242 biennio
1457 5188 1534 5265 post
1560 5174 1852 5255 climactericum,
1879 5172 2044 5242 videlicet
2059 5184 2144 5262 post
2159 5192 2284 5243 annum

1291 5275 1413 5344 aetatis
1433 5276 1545 5368 ipsius
1567 5277 1818 5366 sexagesimum
1838 5276 2001 5353 tertium,
2027 5275 2200 5347 valetudo
2218 5284 2283 5343 erat

1291 5377 1476 5468 incertior,
1498 5404 1569 5472 quo
1595 5393 1752 5470 ternpore
1774 5372 1866 5446 lianc
1884 5376 2100 5446 levationem
2126 5379 2280 5447 dolorum

1291 5485 1481 5573 quaerebat
1496 5482 1731 5576 praecipuam,
1756 5479 1934 5575 colloquia
1949 5479 2038 5549 alias
2051 5503 2137 5551 cum
2154 5480 2280 5551 filiabus
