4664 6022
130 288 177 363 ss
867 283 1029 368 noca
1061 283 1137 363 uu
1167 284 1438 367 nucleus.
1530 252 1532 256 ’
2125 293 2174 369 vs

127 466 287 537 flammet
303 471 524 546 nosnatura,
551 471 586 531 et
601 459 832 532 adsuefecerit
847 463 1067 534 consuetudo
1081 463 1126 533 ad
1178 473 1231 533 tot
1247 462 1404 553 gentium
1421 459 1550 533 iudicia
1572 462 1675 535 facile
1696 477 1846 559 queant,
1872 467 2004 562 quibus
2022 493 2093 563 quo
2112 492 2173 538 ore

126 566 319 641 amandam
343 562 601 654 colendamque
628 562 800 654 patriam,
833 577 867 635 et
891 564 1019 652 ingrati
1044 587 1125 656 erga
1177 566 1281 649 cedo,
1312 588 1382 660 qua
1409 564 1525 635 fronte
1547 567 1737 638 reclamare
1763 571 1963 642 audebitis?
2001 569 2049 642 Et
2074 567 2172 641 haud

126 671 439 749 benemerentem,
464 676 499 734 et
516 663 553 731 in
567 677 711 755 penates
722 688 804 735 suos
820 664 942 756 impii,
967 679 1002 738 et
1016 666 1125 736 alieni
1176 666 1248 735 scio
1263 689 1309 735 an
1326 662 1411 735 haec
1427 667 1606 737 veteribus
1622 669 1694 739 illis
1715 670 2008 760 legumlatoribus
2029 671 2172 743 consilii

125 791 275 865 proram
304 767 352 837 ab
379 757 600 835 humanitate
630 781 730 851 sunt,
762 768 893 860 quibus
914 768 1125 839 domesticae
1176 767 1279 837 ratio.
1329 765 1452 858 Quum
1468 770 1641 839 libertatis
1656 795 1696 841 ac
1717 774 1985 865 tranquillitatis
2008 775 2171 867 publicae

124 874 215 964 leges
233 869 398 940 sordent.
449 863 610 956 Capitale
630 883 682 938 est
704 867 951 958 Magistratum
973 871 1125 961 pulsare,
1176 892 1278 939 causa
1293 870 1456 941 conditae
1471 871 1542 942 sint
1557 870 1732 958 civitates,
1758 887 1794 942 et
1816 878 2004 948 constituta
2027 877 2171 963 iudicia,

124 970 259 1047 hicum
278 991 425 1062 prorsus
439 993 480 1039 ex
494 966 636 1060 Repub.
648 968 888 1058 Magistratus,
911 970 990 1041 iura
1001 970 1123 1041 omnia
1176 971 1268 1040 utin
1286 984 1363 1042 tuto
1380 972 1452 1040 sint
1466 994 1550 1041 suae
1567 973 1694 1067 cuique
1710 998 1765 1043 res
1781 977 1921 1063 etvita,
1946 992 1981 1049 et
1996 981 2063 1048 sub
2080 977 2170 1048 iuris

125 1073 385 1157 exterminent,
424 1071 520 1165 quod
558 1096 633 1140 non
669 1072 883 1163 supplicium
919 1073 1125 1144 merentur?
1175 1073 1386 1158 autoritate,
1419 1087 1588 1167 tauquam
1609 1077 1676 1145 sub
1701 1077 1826 1146 umbra
1854 1078 1997 1150 lateant.
2056 1079 2170 1173 ldque

126 1176 214 1251 liolo
248 1171 313 1244 hic
339 1174 494 1256 causari,
524 1172 654 1242 frustra
676 1196 736 1242 eos
766 1174 854 1257 niti,
884 1188 1023 1265 recepta
1048 1199 1121 1244 non
1176 1175 1391 1265 praesidium
1414 1200 1488 1243 non
1518 1177 1691 1247 maiorum
1719 1178 1912 1264 industria,
1951 1206 2024 1250 nou
2049 1177 2168 1252 homi-

133 1302 223 1373 posse
256 1276 337 1346 fere
366 1276 505 1365 privato
539 1275 747 1368 cuiusquam
777 1275 926 1347 arbitrio
956 1277 1121 1349 convelli.
1176 1300 1262 1345 num
1286 1276 1500 1368 conspiratio
1519 1278 1752 1368 compararit,
1776 1282 1836 1351 sed
1851 1278 1947 1352 Deus
1962 1285 2167 1369 ostenderit,

129 1379 236 1472 linge
249 1402 331 1447 rem
349 1378 546 1447 succedere.
582 1373 680 1465 Quid
694 1376 763 1447 erit
777 1377 977 1449 civitatibus
992 1380 1124 1449 nostris
1175 1380 1424 1469 praestandum
1442 1393 1511 1460 est,
1538 1404 1583 1448 ne
1605 1380 1723 1450 iussit
1742 1382 1954 1470 obscurum,
1979 1385 2168 1470 incertum,

125 1478 395 1557 calamitosius?
421 1475 530 1567 Quas,
547 1475 662 1548 Deum
679 1476 928 1562 immortalem,
955 1479 1041 1551 baec
1057 1505 1123 1550 no-
1175 1491 1235 1549 aut
1249 1481 1464 1568 ambiguum.
1516 1478 1618 1567 Quae
1634 1496 1684 1551 est
1701 1483 1795 1551 enim
1813 1484 1902 1559 iuris
1917 1486 1970 1555 vis
1986 1502 2047 1557 aut
2064 1502 2166 1556 auto·

124 1582 333 1657 vitasdabit
349 1580 495 1652 turbas?
526 1577 617 1648 Nam
632 1594 673 1649 ut
687 1581 763 1650 sine
778 1582 994 1654 valetudinis
1010 1581 1123 1653 iactu·
1174 1581 1260 1650 ritas
1283 1583 1420 1666 sutura,
1450 1581 1479 1649 si
1503 1583 1655 1652 subinde
1672 1582 1860 1654 Vertumni
1883 1588 1921 1655 in
1948 1612 2081 1657 morem
2105 1613 2168 1656 va·

124 1710 157 1759 rs
177 1708 294 1755 nemo
308 1682 424 1753 victus
445 1681 621 1751 rationem
637 1695 766 1767 mutat,
789 1684 839 1754 ita
859 1709 924 1754 nec
941 1686 1035 1775 leges
1048 1684 1123 1753 sine
1177 1682 1266 1752 riet?
1296 1682 1409 1752 Nemo
1423 1684 1554 1753 sormas
1568 1708 1649 1755 suas
1665 1686 1843 1779 vitamque
1858 1711 1932 1756 non
1947 1689 2029 1759 satis
2045 1691 2167 1781 explo-

123 1788 269 1882 pabliea
297 1782 564 1877 perturbatione
588 1796 782 1859 mutantur.
834 1785 907 1856 Nec
932 1789 976 1856 ad
999 1787 1123 1856 civita·
1175 1784 1260 1854 ratis
1289 1799 1350 1856 aut
1377 1786 1495 1854 infidis
1522 1787 1727 1857 custodibus
1751 1801 1827 1858 tuto
1855 1791 2027 1860 committi
2057 1805 2167 1891 putat.
2279 1822 2328 1877 ,e

124 1907 195 1963 tuns
213 1889 361 1970 ocium,
384 1884 422 1956 'ct
440 1887 484 1953 ad
503 1885 730 1954 concordiam
752 1886 999 1958 stabiliendam
1018 1888 1123 1980 quid·
1175 1884 1288 1955 Porro
1310 1887 1371 1956 uhi
1400 1886 1670 1976 Magistratuum
1695 1890 1843 1959 arbitrio
1862 1891 1938 1960 sine
1954 1892 2057 1964 certis
2079 1893 2167 1982 legi-

124 2016 229 2089 quam
248 1990 401 2082 perinde
415 1985 592 2070 conducit,
617 2003 722 2079 atque
740 2002 898 2058 veterum
913 1989 1029 2079 legum
1046 2013 1124 2058 mo-
1175 1988 1243 2057 bns
1264 2012 1319 2058 res
1348 1989 1571 2073 iudicantur,
1601 2015 1680 2059 cunr
1707 1990 1742 2058 in
1767 1992 2032 2082 imperitorum,
2065 2018 2168 2084 saepe

124 2117 281 2188 auoque
304 2088 544 2163 conservatio:
570 2089 769 2180 quodcum
794 2089 937 2159 urbium
964 2090 1122 2183 exempla
1176 2090 1542 2180 etiamimproborum
1559 2106 1728 2182 potestate
1751 2093 1886 2183 iussit,
1908 2097 1946 2165 tit
1961 2108 2002 2164 ut
2021 2119 2085 2186 per
2099 2097 2169 2164 im-

124 2196 254 2291 passim
285 2204 479 2275 testantur,
503 2202 579 2260 tum
604 2203 725 2260 monet
747 2213 875 2262 aureus
889 2192 1017 2262 veteris
1031 2189 1124 2264 Poe·
1176 2191 1336 2282 peritiam
1359 2214 1461 2283 saepe
1483 2191 1712 2280 Magistratus
1735 2197 1836 2288 aequi
1855 2211 1888 2266 et
1909 2196 2024 2290 iniqui
2040 2197 2166 2267 discri-

126 2316 177 2373 ιη
190 2295 411 2367 versiculus:
1176 2315 1256 2360 men
1271 2316 1344 2361 non
1362 2293 1563 2383 perspiciat.
1601 2291 1751 2383 Quoties
1767 2297 1850 2365 recti
1868 2299 1999 2388 species
2013 2299 2089 2368 deci
2095 2298 2168 2388 pit?
2182 2344 2194 2377 .

255 2402 399 2467 Moribus
416 2403 547 2483 antiquis
563 2422 611 2463 res
626 2415 683 2462 stat
698 2396 836 2464 Romana
852 2404 997 2486 virisque.
1177 2393 1315 2485 quoties
1346 2394 1480 2463 iudicio
1512 2396 1623 2484 gratia
1656 2410 1717 2466 aut
1751 2398 1999 2469 malevolentia
2034 2399 2167 2470 officit?

127 2500 282 2595 Valeant
305 2498 435 2588 igitur,
468 2497 531 2591 qui
563 2496 618 2566 vel
643 2499 732 2566 adeo
757 2497 918 2566 inciviles
946 2510 1049 2582 suut,
1082 2509 1124 2567 ut
1175 2493 1298 2587 Neque
1325 2494 1420 2564 enim
1440 2496 1632 2565 obscurum
1657 2512 1729 2583 est,
1763 2524 1868 2591 quam
1894 2501 1962 2570 levi
1987 2515 2167 2571 momento

127 2616 364 2695 utemperare
381 2623 417 2669 se
438 2597 688 2669 communibus
714 2600 876 2669 moribus
897 2600 1034 2683 nolint,
1066 2599 1124 2667 vel
1175 2597 1219 2665 ab
1246 2597 1421 2688 aequitate
1448 2598 1680 2667 mediocrium
1709 2594 1896 2669 hominum
1922 2601 2033 2670 animi
2064 2626 2168 2693 saepe

127 2708 213 2779 deo
227 2716 456 2792 arrogantes,
482 2713 523 2770 ut
538 2700 668 2770 rectius
684 2721 721 2770 se
736 2701 842 2771 rebus
864 2701 1015 2792 publicis
1037 2722 1124 2769 con·
1174 2693 1436 2767 abstrahantur.
1491 2696 1588 2786 Quid
1612 2703 1708 2791 quod
1731 2726 1769 2770 ea
1788 2702 2033 2792 imperitorum
2057 2704 2168 2795 perti-

128 2808 287 2881 ulturos
299 2804 496 2886 cosabdant,
523 2825 629 2894 quam
645 2801 808 2887 maiores,
832 2804 889 2872 vel
904 2806 993 2873 adeo
1006 2800 1125 2886 ferrei,
1175 2799 1276 2869 naria
1293 2813 1364 2882 est,
1390 2812 1430 2869 ut
1445 2801 1489 2868 ad
1505 2800 1717 2893 aequitatem
1734 2802 1829 2872 flecti
1847 2828 1918 2873 non
1934 2806 2080 2897 possint,
2104 2805 2167 2876 ubi

129 2909 441 2983 utnullusrerum
461 2903 770 2994 patriarumamor
790 2916 922 2993 tangat.
972 2900 1052 2975 Etsi
1074 2903 1123 2973 ita
1176 2925 1251 2970 non
1267 2914 1398 2990 cogunt
1413 2902 1515 2991 leges.
1560 2899 1658 2972 Cedo
1676 2905 1760 2996 quid
1778 2905 1949 2976 arbitrare
1964 2920 2168 2998 sumpturos

134 3013 273 3083 videtur
291 3009 332 3077 in
345 2999 685 3102 vspetoxoxxvys'ov
702 3005 953 3095 commigrent,
976 3005 1124 3077 Senatui
1174 3003 1243 3073 sibi
1266 3002 1484 3092 germanicos
1505 3004 1664 3092 regulos,
1699 3006 1768 3073 nisi
1798 3007 1889 3095 leges
1912 3004 2167 3099 prohiberent?
2198 3015 2202 3021 '

130 3111 337 3206 populoque
350 3108 557 3179 cuculorum
571 3105 789 3199 imperaturi.
830 3106 1044 3201 Quanquam
1059 3131 1125 3176 au·
1176 3104 1268 3195 Qui,
1293 3104 1483 3197 siquando
1508 3106 1597 3175 iuris
1617 3106 1749 3197 species
1766 3108 2038 3197 suffragaretur,
2064 3110 2168 3180 citius

128 3228 197 3287 tem
222 3208 315 3283 baec
335 3211 478 3280 abunde
500 3229 627 3297 magna
646 3208 736 3280 ratio
757 3209 856 3280 bono
871 3208 949 3279 viro
970 3208 1034 3294 sit,
1060 3233 1124 3278 cur
1175 3206 1294 3276 omnia
1317 3206 1506 3276 miscerent
1531 3231 1638 3298 quam
1663 3211 1705 3277 de
1735 3210 1926 3291 sententia,
1960 3213 2004 3280 dc
2030 3235 2167 3302 posses·

128 3325 332 3410 praesemm
361 3312 454 3402 leges
477 3309 727 3402 amplectatur,
757 3312 854 3403 quod
875 3333 942 3380 usu
965 3324 1124 3402 receptae
1175 3309 1274 3377 sione
1289 3309 1507 3379 decederent.
1541 3305 1646 3378 Nunc
1663 3332 1744 3378 cum
1763 3311 1953 3381 reclament
1969 3312 2079 3400 leges,
2104 3317 2167 3383 de-

129 3420 212 3505 sint,
227 3429 268 3487 et
282 3417 323 3485 in
337 3436 454 3485 mores
467 3434 628 3505 peneque
642 3412 681 3480 in
694 3423 857 3481 naturam
872 3425 1029 3480 nostram
1043 3433 1122 3479 ver·
1176 3421 1316 3479 terreta
1331 3409 1464 3497 flagitio
1480 3432 1738 3502 nonnunquam
1754 3411 1880 3500 pudor.
1915 3411 2057 3500 Quotus
2071 3413 2166 3482 enirn

130 3522 254 3593 terint.
305 3498 467 3589 Stultum
492 3526 545 3583 est
566 3513 663 3582 enim
685 3536 766 3583 cum
790 3512 941 3604 publicis
963 3512 1124 3581 moribus
1175 3508 1324 3602 quisque
1339 3522 1410 3578 tam
1427 3533 1574 3578 corneae
1588 3510 1696 3580 librae
1710 3524 1773 3594 est,
1798 3523 1839 3581 ut
1854 3513 2033 3603 publicam
2049 3514 2167 3606 legum

129 3621 316 3705 dimicare,
339 3630 458 3715 tamen
473 3614 691 3686 excutiamus
704 3637 778 3684 rem
796 3614 903 3706 paulo
917 3614 1125 3696 accuratius,
1179 3634 1311 3695 vocem,
1325 3611 1537 3681 omniumde
1548 3634 1584 3680 se
1599 3610 1771 3681 iudicium
1786 3637 1929 3704 prorsus
1941 3616 2168 3687 contemnat?

130 3737 265 3796 temere
286 3742 333 3790 ne
357 3741 403 3789 an
423 3715 586 3789 consulto
609 3716 761 3786 micres
782 3716 897 3786 nostri
918 3740 960 3786 ex
984 3715 1124 3805 scriptis
1176 3707 1225 3784 At
1247 3713 1278 3782 si
1300 3712 1420 3782 nullae
1449 3714 1656 3804 obstrepant
1678 3715 1789 3804 leges,
1822 3739 1902 3786 nam
1928 3717 2069 3787 licentia
2093 3719 2168 3789 sere

130 3826 271 3917 legibus
284 3820 436 3894 iudicari
448 3842 503 3890 res
517 3817 718 3888 maluerint.
743 3813 825 3887 Non
838 3841 953 3909 nuper
969 3819 1005 3887 in
1020 3813 1125 3888 scho-
1177 3814 1368 3884 deteriores
1384 3815 1530 3900 reddat,
1557 3816 1676 3886 videas
1690 3831 1809 3907 aperta
1826 3819 2016 3912 tyrannide
2029 3822 2167 3909 gransa-

131 3928 173 4001 tis
187 3922 321 3999 harde
342 3948 381 3994 re
403 3922 635 4004 altercantur,
659 3934 780 3989 utrum
797 3920 905 3989 satius
920 3921 965 3990 sit
981 3945 1022 3989 ex
1036 3919 1125 3988 scri·
1177 3930 1293 3997 turos,
1322 3940 1396 3986 non
1416 3917 1521 3987 aliter
1543 3930 1648 4010 atque
1672 3918 1833 3989 solebant
1849 3915 2000 3991 Athenis
2018 3923 2164 4011 triginta

131 4045 191 4126 pto
214 4029 317 4110 iure,
347 4049 394 4095 an
418 4048 460 4095 ex
483 4020 756 4112 Magistratuum
780 4021 927 4091 arbitrio
952 4045 1007 4091 res
1027 4021 1124 4089 iudi·
1176 4017 1242 4102 illi,
1268 4018 1424 4111 quicum
1441 4019 1593 4109 pessimo
1608 4020 1767 4110 exemplo
1784 4019 1916 4090 iudicia
1931 4023 2168 4109 sustulissent,

131 4156 223 4207 aare.
276 4126 412 4198 Verum
431 4147 497 4195 nos
514 4124 698 4217 nonquod
716 4123 826 4193 ociosi
842 4123 880 4192 in
896 4117 1027 4192 scholis
1044 4123 1126 4191 lite-
1177 4118 1325 4211 perinde
1347 4121 1447 4212 quasi
1479 4119 1658 4211 publicam
1688 4122 1938 4192 carnificinam
1957 4138 2169 4211 exercerent,

131 4248 270 4309 utores
288 4228 486 4310 somniant,
509 4227 572 4296 sed
590 4228 687 4318 quod
712 4223 977 4316 prudentissimi
992 4224 1125 4318 quique
1175 4221 1352 4312 optimum
1366 4245 1530 4315 quenque
1545 4221 1764 4310 iugulabant.
1801 4222 1922 4318 ltaque
1936 4228 2168 4320 quemadmo-

131 4338 347 4429 pobarunt,
389 4329 452 4425 qui
484 4325 645 4419 Respub.
676 4336 888 4410 teneurunt,
926 4348 1124 4419 sequemur.
1176 4324 1262 4393 dum
1284 4322 1324 4391 in
1341 4322 1547 4412 periculosis
1567 4325 1834 4415 tempestatibus
1851 4349 1925 4395 uon
1947 4328 2038 4399 solet
2053 4327 2168 4396 ventis

131 4434 221 4511 tbm
243 4458 328 4507 cum
349 4428 525 4503 humanae
548 4428 756 4520 prudentiae
777 4427 895 4497 civilia
911 4428 1024 4497 officia
1041 4427 1125 4497 reli·
1175 4439 1307 4496 temere
1322 4424 1495 4495 committi
1511 4423 1622 4508 navis,
1647 4426 1707 4495 sed
1723 4427 1939 4514 gubernator
1955 4428 2167 4518 praeficitur,

133 4540 188 4631 gia
210 4533 450 4619 commiserit,
474 4546 509 4604 et
533 4532 748 4625 prudentum
769 4529 936 4620 exemplis
962 4543 998 4600 et
1026 4553 1127 4598 com·
1176 4526 1240 4620 qui
1268 4539 1344 4596 arte
1372 4539 1487 4616 regat,
1517 4526 1565 4597 ita
1591 4525 1804 4597 fluctuantes
1825 4525 2033 4620 Principum
2056 4529 2167 4598 animi

133 4640 233 4717 nuni
258 4660 365 4708 sensu
390 4631 482 4706 hanc
510 4654 651 4703 causam
673 4629 871 4704 metiemur.
933 4629 1035 4718 Quae
1056 4630 1125 4700 iuit
1176 4642 1268 4698 certa
1284 4629 1359 4716 lege
1380 4627 1563 4712 frenandi,
1589 4628 1804 4722 regendique
1825 4645 1926 4714 suut,
1948 4654 1995 4700 ne
2012 4632 2169 4720 privatae

134 4758 250 4819 m
265 4733 590 4833 asqusauRespub.
607 4732 797 4803 mediocris
815 4733 893 4802 sine
910 4733 1015 4804 certis
1038 4731 1125 4821 legi·
1175 4729 1525 4820 cupiditatesaiure,
1552 4728 1681 4801 veluta
1697 4744 1802 4820 portu
1817 4731 1988 4802 reiiciant.
2024 4727 2168 4802 Etcum

135 4844 199 4921 hs
223 4838 444 4916 ooossttuta?
482 4835 625 4929 Scripto
649 4834 727 4904 iure
757 4835 813 4904 usi
839 4848 925 4906 sunt
946 4829 1124 4927 Aegyptii,
1176 4831 1215 4900 in
1237 4830 1490 4920 cognoscendis
1509 4830 1622 4900 causis
1645 4853 1747 4921 saepe
1771 4856 1844 4901 non
1868 4831 2027 4924 pessimis
2050 4833 2168 4925 Magi-

134 4942 337 5028 moses,
369 4935 625 5022 Athenienses,
656 4933 833 5020 Romani,
858 4938 986 5006 addam
1016 4936 1123 5004 etiam
1173 4932 1343 5003 stratibus
1362 4932 1451 5002 iuris
1475 4931 1606 5023 species
1630 4931 1808 5023 imponat,
1832 4957 1934 5025 saepe
1947 4949 2168 5007 transversos

136 5044 295 5123 ludaeos.
346 5038 395 5113 Et
417 5041 620 5137 Lycurgus,
647 5038 783 5108 tametsi
808 5026 926 5107 n'ullas
946 5036 1125 5126 scripserit
1174 5034 1290 5125 rapiat
1318 5034 1485 5119 ambitio,
1518 5057 1564 5102 ne
1587 5032 1846 5125 periclitaretur
1869 5036 2032 5124 libertas,
2064 5037 2169 5129 aequi

136 5148 242 5243 leges,
268 5159 381 5219 certas
401 5157 520 5216 umen
536 5141 706 5235 quasdam
723 5139 901 5230 prodidit,
928 5163 1002 5211 uon
1018 5139 1122 5207 tabu·
1175 5149 1209 5206 et
1234 5134 1350 5229 iniqui
1379 5135 1550 5207 formulas
1582 5136 1773 5226 praescribi
1804 5140 1979 5228 oportuit,
2012 5162 2099 5233 quas
2129 5139 2168 5207 in

137 5250 323 5339 &redut
337 5245 445 5336 vulgo
461 5243 619 5314 notiores
635 5255 762 5320 essent,
784 5241 975 5310 memoriae
989 5240 1122 5310 civium
1175 5236 1365 5307 consilium
1386 5233 1598 5308 adhiberent
1619 5236 1674 5305 ius
1699 5237 1842 5308 dicturi.
1894 5237 1984 5309 Nam
2004 5241 2035 5309 si
2051 5238 2171 5330 Magi-

138 5349 393 5444 baeulpendas.
426 5343 547 5434 Quare
562 5357 602 5415 ut
618 5338 711 5412 nihil
728 5343 770 5410 iis
784 5341 1036 5431 patrocinetur,
1060 5341 1123 5433 qui
1175 5338 1300 5411 stratui
1315 5351 1519 5429 potestatem
1539 5337 1661 5407 leceris
1676 5339 1851 5432 quidquid
1871 5342 1958 5411 libet
1979 5342 2169 5420 statuendi,

139 5448 201 5529 boe
221 5467 384 5545 tempore
407 5446 577 5540 scriptum
594 5446 651 5517 ius
670 5457 834 5530 tuentur,
857 5444 1047 5514 defendere
1063 5467 1124 5513 eos
1174 5440 1256 5510 vide
1273 5439 1310 5509 in
1328 5464 1432 5534 quam
1453 5464 1519 5510 nos
1539 5438 1744 5510 servitutem
1767 5441 1959 5511 coniicias?
1989 5440 2071 5513 lure
2088 5466 2172 5535 pos-
