4664 6022
74 119 155 202 '146
517 116 681 202 REGI».
718 119 795 200 DE
824 119 1013 207 utc'to
1042 118 1242 201 tauns:
1274 121 1425 202 DEUS
1450 121 1559 204 EST
1590 144 1676 201 aro.
2053 132 2130 211 tto

178 291 223 368 lu
239 289 308 368 boe
321 294 456 392 populo
470 295 636 367 maxillae
644 312 728 370 sunt
738 292 959 392 Prophetae,
982 323 1074 395 qno·
1122 309 1158 369 et
1175 296 1233 370 siti
1249 296 1289 367 in
1304 292 1362 369 bis
1376 298 1631 374 certaminibus
1645 316 1738 392 pene
1752 298 1939 375 interituri
1947 300 2120 375 videami-

68 421 159 471 rum
179 398 286 470 labor
304 412 360 471 eat
379 397 508 485 foelix,
539 397 736 491 praeliante
757 400 831 472 lilio
852 397 941 484 Dei,
965 416 1000 475 et
1013 425 1073 474 re-
1121 399 1180 470 ni:
1205 412 1247 473 ut
1270 423 1368 471 nunc
1392 401 1484 471 bella
1509 416 1544 473 et
1567 402 1781 475 vastationes
1802 404 1907 476 nobis
1928 405 2034 475 multi
2050 404 2122 477 mi·

11 536 16 541 ·
69 515 180 592 gente
202 513 338 572 mentes
360 514 395 573 et
415 501 554 592 linguas
577 497 849 594 Prophetamm.
908 502 981 576 Sed
1013 496 1073 576 hic
1120 518 1279 589 uantur.⁸
1320 501 1390 575 Sed
1408 504 1570 577 exaudiet
1588 504 1759 577 nosDeus
1773 506 1813 576 in
1829 501 1886 577 his
1901 505 2038 597 magnis
2056 529 2119 598 pe-

10 682 15 689 ,
71 603 152 695 ipse
174 606 246 675 dus
272 602 369 675 inter
393 602 640 695 praeliandum
663 620 764 678 aestu
785 618 821 677 et
843 604 904 677 siti
924 606 1072 697 langue·
1121 604 1265 690 riculis,
1289 620 1489 697 precantes,
1515 632 1561 677 ne
1571 603 1765 678 Ecclesiam
1784 608 1896 679 deleri
1912 609 2016 684 sinat.

70 706 190 777 lactus
214 718 288 794 est,
321 729 403 778 cusu
424 705 566 777 victima
585 706 685 779 lieret
707 706 746 776 in
767 731 881 799 agone
902 722 937 780 et
957 723 1072 781 morte
1222 705 1319 779 Haec
1335 718 1408 777 tarn
1430 708 1541 780 multa
1559 701 1619 779 hic
1639 705 1899 801 pulcherrimus
1916 723 2022 806 typus
2037 736 2117 782 mo·

69 807 211 879 adfixus
230 806 346 879 cruci:
373 807 435 878 ubi
456 822 593 896 tamen,
621 808 791 881 invocans
807 825 990 883 aeternum
1008 834 1070 904 pa·
1120 823 1201 896 net,
1226 812 1271 880 de
1293 809 1424 905 quibus
1446 835 1527 880 cum
1551 833 1653 903 saepe
1671 812 1758 883 alias
1772 812 1879 883 etiam
1895 812 2056 896 dicatur,
2081 827 2117 887 et

70 923 184 995 trem,
208 934 251 981 ex
272 924 385 982 morte
405 910 543 985 revixit.
602 907 737 1005 Estque
751 913 786 982 ei
806 936 847 983 ex
861 913 1069 985 mandibula
1119 934 1224 1005 saepe
1244 912 1434 983 dicendum
1458 912 1523 998 sit,
1555 937 1652 983 nunc
1672 915 1816 985 brevior
1835 938 1914 998 ero,
1941 914 2006 985 etsi
2031 909 2118 987 haec

13 1068 33 1091 .
68 1010 213 1097 aduae,
245 1012 376 1097 idest,
406 1036 449 1083 ex
471 1011 603 1106 populo
628 1011 755 1097 lsrael,
791 1040 833 1086 ex
862 1011 1069 1109 prophetico
1120 1014 1307 1106 explicatio
1323 1014 1436 1085 multo
1454 1014 1599 1086 tenuior
1614 1029 1677 1104 est,
1693 1040 1806 1111 quam
1818 1017 1959 1110 qualem
1974 1016 2115 1108 magni-

68 1112 225 1205 collegio
244 1127 346 1186 ortus
363 1114 463 1200 lons,
497 1116 534 1186 id
566 1129 635 1201 eat,
669 1113 849 1205 Ecclesia,
889 1141 980 1213 quae
1007 1142 1070 1210 per
1120 1118 1209 1188 tudo
1226 1117 1277 1186 rei
1294 1116 1504 1208 postulabat.

67 1214 211 1310 ipsum,
235 1240 299 1309 per
311 1212 503 1308 Apostolos
519 1232 553 1289 et
566 1241 628 1309 per
641 1219 821 1302 doctores,
848 1220 909 1314 qui
925 1222 1071 1291 luerunt
1222 1212 1319 1289 Mihi
1335 1217 1441 1290 etiam
1457 1218 1637 1290 interdum
1652 1220 1690 1289 in
1701 1232 1857 1290 mentem
1871 1217 1987 1304 venit,
2010 1243 2113 1290 man·

67 1319 257 1411 deinceps,
282 1330 479 1391 etsuntet
503 1333 610 1390 erunt
633 1323 812 1417 usquead
839 1322 1070 1394 resurrectio·
1119 1320 1281 1393 dibulam
1305 1319 1501 1410 significare
1536 1321 1634 1391 illam
1658 1323 1771 1417 ipsam
1791 1316 1984 1392 humanam
2007 1337 2115 1392 natu·
2269 1330 2273 1339 '

66 1443 157 1493 nem
175 1433 420 1507 mortuorum,
445 1422 636 1513 colligitur.
1119 1446 1195 1494 ram
1210 1423 1249 1492 in
1265 1422 1340 1493 filio
1353 1419 1441 1506 Dei,
1469 1425 1691 1516 adsumptam
1707 1447 1748 1494 ex
1762 1418 1832 1493 hoc
1846 1423 1991 1517 populo.
2040 1421 2113 1494 Sed

175 1519 325 1616 Semper
346 1537 465 1595 autem
489 1523 710 1615 intelligatur
733 1517 792 1596 hic
816 1527 888 1597 dur
904 1525 1067 1619 praeliari
1119 1520 1212 1596 hanc
1228 1523 1555 1616 interpretationem
1570 1549 1667 1596 nnnc
1683 1526 1859 1618 relinquo.

66 1624 302 1712 mandibula,
329 1625 578 1718 quaequidem
589 1626 716 1698 similis
730 1627 949 1721 estcollcgii,
971 1631 1066 1723 quod
1220 1624 1364 1721 Vosque
1394 1640 1538 1718 propter
1563 1624 1680 1699 Deum
1708 1650 1831 1699 omnes
1867 1626 2042 1710 obtestor,
2073 1637 2115 1695 ut

67 1739 150 1798 erat
181 1726 221 1797 in
255 1725 388 1820 populo
423 1725 547 1800 lsrae'l:
590 1742 631 1800 ut
655 1742 740 1800 tunc
765 1726 883 1816 Elias,
916 1726 1068 1816 Eliseus,
1119 1728 1364 1800 mandibulam
1387 1723 1543 1815 Christi,
1575 1729 1611 1798 id
1635 1744 1707 1815 est,
1738 1742 1853 1800 totum
1874 1726 2112 1799 ministerium

69 1822 196 1904 Esaias
218 1842 254 1902 et
284 1843 406 1922 postea
428 1825 595 1921 Apostoli
626 1831 772 1904 luerunt
800 1832 981 1903 maxillae:
1017 1833 1067 1905 ita
1117 1824 1305 1922 Evangelii
1318 1853 1402 1901 vera
1418 1830 1547 1922 pietate
1561 1830 1793 1915 veneremini,
1817 1842 1851 1900 et
1859 1826 1975 1899 Deum
1989 1829 2114 1899 nobis-

72 1930 241 2023 deiuceps
254 1931 420 2003 maxillae
428 1927 757 2030 suntPolycarpus,
785 1933 968 2019 henaena,
989 1929 1069 2006 Au·
1119 1955 1199 2002 cum
1219 1933 1432 2025 precemini,
1457 1946 1500 2003 ut
1515 1928 1582 2002 boc
1598 1934 1714 2026 ipsum
1734 1930 1969 2003 ministerium
1986 1943 2021 2000 et
2035 1942 2111 2000 stu-

67 2033 254 2123 sostinus,
286 2028 486 2117 Luthems,
520 2035 675 2133 denique
697 2058 822 2108 omnes
845 2037 895 2131 pii
911 2036 1068 2109 ministri
1118 2034 1177 2106 dia
1194 2029 1384 2126 Evangelii
1405 2045 1502 2123 regat
1522 2048 1556 2106 et
1579 2047 1735 2107 tueatur:
1768 2034 1866 2128 quod
1887 2044 1980 2102 certe
1994 2032 2112 2118 faciet,
2218 2053 2221 2059 ·

67 2134 112 2207 in
132 2149 207 2208 tota
219 2130 388 2212 Ecclesia.
1118 2136 1149 2207 si
1165 2160 1232 2207 nos
1254 2151 1288 2207 et
1309 2136 1509 2207 doctrinam
1530 2138 1747 2217 amabimus,
1771 2145 1806 2204 et
1827 2146 1985 2205 nostram
2001 2130 2112 2221 grati·

174 2232 224 2310 Et
244 2250 328 2309 suot
356 2237 466 2310 nnius
487 2238 607 2308 asinae
630 2238 856 2322 mandibula,
889 2240 972 2334 quia
995 2263 1067 2312 una
1119 2239 1281 2311 tudinem
1305 2237 1381 2310 Deo
1404 2261 1470 2331 pro
1493 2251 1593 2309 tanto
1612 2261 1780 2325 munere,
1815 2236 1944 2330 pietate
1969 2257 2120 2306 morum

67 2352 145 2425 est,
177 2332 384 2432 prophetica
404 2353 439 2411 et
456 2339 647 2432 apostolica
674 2342 855 2428 doctrina,
890 2366 995 2436 quam
1016 2345 1068 2413 le-
1118 2340 1388 2414 declarabimus.
1438 2337 1538 2411 Dixi.

67 2463 175 2531 gere,
206 2438 358 2527 discere,
388 2443 553 2516 meditari
584 2455 620 2515 et
646 2466 774 2515 sonare
801 2443 879 2538 pios
906 2447 1068 2517 doctores

70 2553 229 2632 oportet.

176 2639 230 2712 Ne
247 2654 386 2732 putate,
411 2638 575 2715 homines
598 2644 713 2735 leros,
744 2651 852 2720 rudes
873 2647 1069 2735 literarum,

63 2744 215 2834 ignaros
229 2739 457 2836 propheticae
470 2760 507 2817 et
520 2750 734 2836 apostolicae
749 2751 953 2837 doctrinae,
979 2776 1069 2843 qua-
1130 2720 1198 2794 ΝΟ·
1214 2718 1277 2793 92·

10 2870 13 2881 ·
64 2846 124 2920 les
143 2858 228 2916 sunt
248 2846 354 2915 multi
375 2841 545 2936 Episcopi
568 2858 602 2916 ct
616 2845 790 2918 Canonici
806 2849 1068 2920 Centaurorum
1123 2815 1297 2847 m
1379 2914 1389 2935 ·
1619 2919 1628 2939 ·
1929 2810 2102 2842 Μ

10 2958 33 2991 *
64 2945 225 3024 similes,
258 2960 403 3034 propter
424 2944 495 3015 loci
516 2944 1068 3032 dignitatemmiuistrosEvan·
1231 2915 1308 3000 De
1334 2913 1459 2998 dscto
1483 2914 1648 3001 Paula.-
1681 2915 1811 3002 Deua
1827 2928 1896 3002 eat
1913 2927 1996 3002 etc.

1930 2747 1977 2785 an.
2001 2721 2098 2791 1546.

20 3058 33 3069 “
64 3047 157 3142 gelii
176 3068 263 3121 esse.
313 3043 387 3117 Nec
410 3057 531 3139 putata
552 3045 661 3133 alios,
685 3048 750 3142 qui
765 3072 970 3143 quanquam
986 3062 1069 3119 sunt
1187 3072 1218 3127 ta
1239 3071 1329 3128 select.
1352 3069 1434 3124 Dect.
1451 3068 1486 3122 Τ.
1504 3068 1554 3124 ttt.
1577 3089 1606 3195 p.
1626 3072 1702 3140 aas,
1733 3072 1852 3129 serven.
1874 3072 1921 3128 ΙΙΙ.
1935 3090 1967 3195 p
1983 3071 2059 3139 tta,
2083 3072 2112 3128 ia

66 3146 223 3233 literati,
252 3161 371 3220 tamen
404 3141 648 3241 propheticam
681 3163 717 3222 et
745 3152 975 3243 apostolicam
1002 3152 1069 3221 do-
1219 3140 1254 3195 T.
1266 3141 1314 3197 ¹¹¹·
1332 3136 1444 3193 ΕΜ·
1463 3136 1560 3204 ΕΗ),
1627 3149 1654 3195 2¹
1672 3140 1745 3206 apat
1764 3140 1866 3198 Rictnr
1885 3139 1933 3196 ΑΙ
1975 3160 2003 3214 p·
2018 3140 2081 3199 stt.

71 3249 225 3326 mmam
240 3263 494 3340 aspernantur,
518 3248 703 3322 ministros
717 3247 905 3343 Evangelii
923 3275 1009 3323 esse.
1117 3299 1247 3368 Oratio
1275 3292 1324 3367 de
1352 3293 1452 3368 dioto
1479 3296 1615 3367 mg,
1648 3297 1757 3367 Dm
1782 3303 1858 3385 m,
1885 3282 1952 3390 qm·
1974 3290 2110 3392 efficis,
2188 3285 2197 3302 '

88 3452 101 3475 .
175 3351 246 3425 sed
262 3374 303 3421 ‘¹
320 3345 520 3472 hi‘ffim’
544 3350 582 3421 id
599 3366 670 3438 ‘⁸¹’
695 3349 1069 3447 ⁸¹⁶⁰¹¹²⁸l⁰pf⁰l³ffl⁵
1115 3406 1161 3470 ast
1183 3397 1309 3470 uelitis
1336 3407 1375 3470 et
1400 3392 1636 3494 perficiatis,
1669 3405 1714 3469 os
1741 3399 1871 3493 eliqua
1898 3403 1972 3490 ipsi
1994 3405 2109 3494 proto

64 3454 952 3648 mrimdaoilcllicdhcclliemelhlllzpullleeiite
960 3479 1067 3629 Bin-
1140 3497 1262 3601 illm&
1286 3506 1452 3574 recitato
1471 3522 1496 3571 o
1510 3502 1621 3573 Doct.
1646 3503 1695 3573 M
1697 3505 1780 3573 osi
1786 3501 1879 3574 mil.
1905 3503 2083 3574 Mauro.

242 3609 253 3640 ³
780 3584 823 3650 pa
1015 3581 1069 3644 1¹⁸.

63 3657 163 3733 sicut
195 3653 328 3727 Paulus
363 3655 502 3751 inquit,
538 3652 735 3730 Ecclesiam
768 3674 962 3732 extructam
995 3682 1069 3730 esse
1116 3636 1217 3726 Cum
1238 3649 1374 3722 dictum
1396 3648 1444 3720 sit
1469 3647 1540 3729 iam
1567 3648 1606 3719 in
1631 3643 1689 3719 his
1711 3650 1959 3741 congressibus
1974 3649 2109 3742 praeci-

62 3783 180 3854 snper
200 3750 461 3851 Prophetarum
480 3771 516 3828 et
536 3753 792 3850 Apostolorum
815 3760 1068 3835 ministerium.
1117 3777 1185 3846 pue
1206 3751 1405 3823 taciendam
1424 3772 1499 3821 esse
1519 3749 1778 3822 invocationem
1804 3749 1892 3837 Dei,
1922 3765 1957 3822 et
1978 3753 2110 3822 deinde

171 3857 270 3931 Haec
299 3883 363 3930 vos
393 3860 630 3933 consideratio
653 3865 892 3936 adolescentes
918 3877 1068 3950 moveat,
1115 3856 1286 3948 dealiqna
1296 3852 1481 3924 doctrinae
1493 3867 1592 3943 pane
1601 3853 1861 3923 disserendam:
1883 3867 1959 3924 tum
1968 3856 2012 3924 ad
2027 3877 2110 3923 eru·

61 3977 112 4039 art
125 3961 287 4034 statuatis
304 3985 381 4033 non
402 3961 548 4033 aliunde
566 3964 611 4033 dc
624 3958 693 4034 Dei
713 3966 864 4037 mutia
880 3978 918 4037 ea
936 3966 1067 4036 volun.
1115 3957 1267 4027 diendos
1288 3954 1466 4039 iuniores,
1499 3966 1574 4023 tum
1590 3977 1675 4023 vero
1697 3954 1742 4023 ad
1756 3954 1959 4025 excitandos
1973 3977 2109 4034 ornnes,

10 4076 20 4135 '2-
62 4064 364 4141 assemanum
385 4086 460 4134 esse
475 4062 693 4152 doctrinam,
726 4066 853 4138 nisiex
871 4061 1067 4158 Propheta·
1115 4059 1174 4130 liet
1195 4082 1218 4129 a
1249 4080 1307 4128 me
1329 4078 1470 4150 quoque
1499 4077 1579 4124 meo
1600 4055 1681 4125 loco
1709 4067 1746 4127 et
1766 4080 1843 4126 mea
1866 4056 2111 4127 mediocritate

10 4154 21 4229 ’ζ
62 4161 475 4257 sumetApostolorum
490 4166 745 4253 monumentis,
769 4161 1068 4260 ethaecpiostu-
1114 4173 1318 4252 utromque.
1373 4151 1455 4228 Etsi
1478 4154 1573 4224 enim
1596 4179 1660 4227 nec
1680 4160 1781 4228 ardet
1795 4157 1937 4229 animus
1952 4159 1988 4226 in
2006 4157 2110 4226 invo-

61 4268 134 4343 dio
162 4280 198 4340 et
232 4291 315 4339 vera
344 4266 547 4338 animorum
575 4266 777 4341 intentione
808 4269 967 4342 discatist
1002 4293 1067 4342 nec
1114 4260 1271 4341 cadone.
1296 4271 1470 4354 (tumtum
1492 4269 1599 4349 ⁰9¹⁰,
1625 4281 1692 4328 nec
1713 4259 1797 4330 salla
1819 4259 2032 4329 eruditionis
2049 4271 2110 4328 sut

26 4371 201 4467 ’pudeat
228 4390 294 4440 vos
318 4364 428 4458 huius
453 4369 574 4441 asinae
605 4369 744 4442 labores
780 4385 815 4445 et
839 4371 1066 4444 tolerantiam
1114 4361 1309 4442 facultatis,
1335 4360 1380 4430 ad
1396 4352 1492 4430 hunc
1506 4372 1645 4429 coetum
1659 4361 1860 4431 docendum
1876 4374 1937 4431 aut
1953 4360 2109 4430 excitau-

61 4470 216 4548 imitari.
1114 4467 1221 4546 dum,
1244 4462 1387 4546 adiero,
1418 4473 1536 4532 tamen
1557 4459 1688 4532 scimus
1708 4462 1843 4532 dictum
1859 4485 1949 4531 esse:
1975 4458 2029 4532 Es
2046 4483 2110 4529 ore

172 4571 243 4646 Sed
268 4594 332 4644 sos
351 4572 398 4645 ad
419 4573 573 4644 eundem
594 4572 762 4659 modum
794 4570 983 4664 disciplina
1007 4594 1066 4642 re-
1114 4565 1307 4638 inl'antium
1322 4575 1359 4634 et
1372 4559 1580 4634 lactantium
1596 4562 1774 4655 perfecisti
1792 4562 1946 4636 laudem.
1987 4558 2109 4634 Etiam

61 4676 163 4771 gite,
186 4687 223 4748 et
238 4674 343 4746 facite
357 4698 483 4767 operas
501 4675 541 4744 in
557 4695 643 4763 agro
652 4670 739 4759 Dei,
764 4668 915 4758 horest,
941 4672 980 4742 in
994 4667 1066 4744 Ee-
1114 4668 1153 4738 in
1176 4663 1416 4740 imbecillibus
1443 4674 1539 4734 amat
1560 4675 1595 4734 et
1617 4659 1782 4754 provehit
1798 4660 1896 4736 Deus
1912 4664 2013 4733 initia
2036 4663 2109 4734 sir-

60 4776 193 4853 clesia:
218 4790 254 4849 et
275 4776 315 4848 in
338 4770 406 4847 bac
423 4776 631 4848 assiduitate
646 4776 811 4846 laborum
831 4772 1064 4847 etmrumnis
1113 4782 1248 4854 tutum,
1286 4765 1395 4836 modo
1425 4778 1466 4837 ut
1496 4763 1669 4857 prolicere
1702 4765 1866 4840 velimus.
1928 4764 2049 4855 Quare
2075 4779 2110 4836 et
2162 4810 2167 4819 ·

61 4877 295 4971 ingentibus,
321 4878 590 4972 quaeserendae
606 4890 691 4948 aunt
711 4876 751 4945 in
772 4871 841 4948 hoc
855 4875 1065 4962 ministerio,
1113 4866 1199 4942 haec
1230 4892 1310 4940 mea
1343 4879 1426 4939 vota
1457 4879 1494 4937 et
1525 4860 1619 4936 hanc
1643 4865 1842 4939 orationem
1867 4864 1946 4939 Deo
1972 4881 2108 4958 gratam

62 4983 178 5058 taletas
209 4992 382 5073 praestate
409 4979 658 5062 tolerantiam,
697 4979 838 5072 qualem
864 4976 1065 5073 praestabat
1112 4994 1188 5044 esse
1212 4993 1328 5063 spero.
2120 5016 2126 5023 -

61 5081 288 5164 Hieremias,
312 5077 443 5154 Daniel
457 5081 585 5156 etalii.
632 5078 945 5154 Haecveniantin
959 5101 1064 5150 men·
1212 5071 1375 5145 Primum
1403 5067 1514 5160 igitur
1539 5065 1618 5141 Deo
1644 5079 1809 5156 aeterno,
1841 5071 1936 5163 patri
1959 5067 2109 5142 Domini

61 5201 161 5271 tem,
198 5207 281 5257 eum
312 5181 558 5255 mandibulam
586 5180 678 5254 mini
706 5181 894 5254 nominare
917 5180 1062 5258 auditis.
1111 5175 1225 5248 nostri
1240 5171 1320 5247 lesu
1333 5165 1468 5244 Christi
1482 5170 1614 5261 gratiss
1627 5192 1713 5260 ago,
1736 5172 1834 5266 quod
1856 5172 2028 5243 immensa
2042 5168 2108 5241 bo-

62 5287 346 5363 Accidetautem
362 5282 464 5356 robis
477 5308 621 5383 qnoque
633 5298 673 5357 ut
695 5282 880 5370 Samsoni,
902 5295 945 5356 ut
958 5294 1059 5356 aestu
1109 5277 1222 5350 nitate
1242 5299 1281 5349 se
1301 5271 1483 5369 patefecit,
1512 5284 1549 5343 et
1571 5270 1684 5343 lilium
1704 5296 1810 5345 auum
1823 5270 2023 5346 marinum
2041 5295 2108 5342 no·
