4664 6022
240 300 314 376 14⁷
542 271 545 276 ’
965 257 1131 375 nncr'.
1161 292 1241 374 nu
1273 292 1552 374 vusrrrn
2209 295 2285 374 res

237 476 299 547 sed
322 487 497 569 quantum
524 473 673 568 quisque
699 485 833 565 potest,
865 484 1108 544 monstrosum
1137 471 1234 547 facit.
1286 470 1436 555 vestire,
1466 494 1531 544 sno
1552 493 1653 541 more
1673 466 1795 540 vivere
1816 469 1958 541 voluit?
1987 468 2104 542 Nemo
2123 469 2282 564 profecto

231 575 292 650 Ac
309 591 385 649 tum
402 579 546 648 demum
561 576 628 648 sibi
641 578 750 647 fortes
764 575 854 660 viri,
879 588 955 646 tum
974 588 1145 668 satrapae,
1170 576 1235 644 ‹le-
1287 575 1390 644 illum
1416 575 1455 643 in
1478 575 1552 644 ulla
1572 573 1666 644 vitae
1687 586 1788 665 parte
1812 575 2055 659 moderatum,
2081 586 2144 645 aut
2167 574 2285 666 legum

238 682 350 775 nique
370 681 476 773 plane
496 679 589 750 beati
610 679 797 764 videntur,
822 701 902 749 cum
925 677 1079 749 maxime
1099 700 1235 747 novum
1286 691 1503 749 metuentem
1519 678 1596 748 fore
1609 677 1741 750 credet.
1791 671 1841 746 Et
1857 671 1923 746 hac
1941 676 2164 768 impudentia
2179 677 2287 769 pleri-

237 779 403 856 habitum
429 783 649 875 maximeque
678 776 930 852 abhorrentem
961 782 1011 876 ab,
1034 780 1148 851 oculis
1166 781 1235 850 bo-
1285 803 1356 874 que
1378 793 1463 851 sunt
1477 779 1541 873 qui
1564 804 1606 849 ex
1631 773 1763 848 scholis
1786 792 1927 869 postea,
1961 801 2036 849 non
2053 793 2195 850 tantum
2211 802 2285 851 am·

238 909 370 957 norum
391 885 550 955 virorum
575 883 832 975 excogitarunt.
885 882 1067 972 Quasdam
1090 883 1234 966 formas,
1287 883 1393 954 biunt
1415 882 1760 953 administrationem
1783 879 1986 967 civitatum,
2011 883 2072 953 sed
2088 882 2207 954 multo
2220 876 2283 954 ho-

238 988 325 1084 quia
346 1011 421 1058 non
442 1010 585 1079 possum
608 989 806 1057 verecunde
838 987 1045 1072 nominare,
1077 1000 1234 1078 praeter·
1287 987 1479 1055 nestiorem
1517 984 1741 1077 provinciam
1779 985 1961 1054 docendae
1999 984 2204 1075 religionis,
2243 987 2287 1055 ad

237 1091 356 1162 mitto.
393 1088 495 1161 Esset
509 1089 605 1158 enim
622 1090 819 1180 optandum
839 1101 881 1159 ut
894 1090 1065 1160 abderent
1084 1113 1125 1159 ac
1140 1103 1236 1178 tege-
1287 1112 1393 1183 quam
1420 1088 1560 1159 adferre
1594 1087 1809 1177 singularem
1843 1087 2052 1157 modestiam
2086 1088 2286 1180 oportebat

237 1207 318 1265 rent
335 1191 613 1283 diligentiuseas
626 1205 762 1284 partes,
789 1215 876 1285 quas
893 1205 1021 1262 natura
1037 1192 1111 1284 ipsa
1130 1191 1236 1262 abdi·
1286 1190 1423 1262 Audivi
1446 1190 1486 1260 in
1510 1203 1603 1261 terra
1620 1189 1770 1261 Suevica
1792 1187 1995 1282 Principem
2017 1189 2126 1261 fuisse
2147 1214 2286 1263 summa

239 1297 311 1382 dit,
334 1319 381 1365 ne
397 1295 436 1364 in
453 1309 620 1386 promptu
636 1295 789 1386 positae,
816 1295 1002 1365 ambitiose
1016 1316 1053 1364 se
1069 1295 1236 1364 ostende·
1287 1294 1477 1385 prudentia
1492 1317 1532 1362 ac
1546 1292 1675 1386 pietate
1688 1291 1899 1383 praeditum,
1920 1288 2144 1364 Eberardum
2152 1291 2288 1365 Barba-

237 1411 329 1472 rent.
375 1395 459 1471 Non
472 1398 705 1488 neglexerunt
723 1394 816 1466 hanc
832 1413 968 1489 partem
984 1395 1235 1490 sapientissimi
1287 1410 1382 1482 tum,
1408 1397 1457 1466 sic
1479 1395 1575 1465 enim
1599 1409 1746 1482 vocant3
1772 1397 1815 1464 ad
1835 1389 1933 1466 hunc
1955 1396 2057 1467 aiunt
2069 1396 2211 1466 venisse
2232 1395 2288 1468 in-

237 1500 487 1592 legumlatores
506 1501 546 1570 in
565 1496 712 1570 Graecis
727 1500 945 1571 civitatibus.
988 1498 1123 1571 Scribit
1138 1499 1235 1568 enim
1287 1523 1414 1569 venem
1430 1501 1608 1593 quendam
1625 1511 1802 1589 petentem
1819 1499 2068 1583 sacerdotium,
2093 1497 2189 1570 lo'rte
2204 1493 2287 1571 hnic

236 1597 445 1695 Xenophon
461 1603 501 1670 in
515 1601 1075 1688 institutisLacedaemoniorum,
1099 1600 1236 1696 Lycur·
1287 1617 1414 1673 ventus
1429 1601 1569 1693 aperuit
1591 1614 1740 1686 vestem,
1765 1614 1805 1671 ut
1821 1601 1958 1672 videret
1971 1600 2143 1694 Princeps
2165 1601 2288 1673 scissas

236 1728 323 1797 gum
345 1704 582 1797 praecepisse,
608 1719 648 1776 ut
665 1705 766 1798 pueri
785 1707 824 1773 in
846 1705 1011 1797 publico,
1036 1726 1164 1774 manus
1177 1704 1237 1773 in·
1289 1703 1437 1776 militari
1460 1728 1560 1775 more
1584 1705 1725 1793 caligas.
1778 1700 1820 1772 ld
1842 1727 2059 1773 nuncnemo
2075 1720 2194 1796 tegere
2214 1716 2287 1776 stu·

237 1824 293 1883 tra
307 1822 419 1878 vestes
433 1808 675 1893 continerent,
700 1823 740 1879 ut
755 1808 855 1879 taciti
869 1809 1084 1892 incederent,
1104 1830 1150 1876 ne
1165 1807 1235 1876 cir·
1289 1809 1364 1894 det,
1389 1819 1489 1879 tanta
1503 1822 1555 1879 est
1571 1805 1814 1898 impudentia,
1839 1805 1878 1874 in
1894 1807 1959 1876 illo
1981 1829 2081 1878 casus
2096 1819 2286 1878 retexerat:

237 1924 536 2002 cumspectarent,
560 1934 627 1980 nec
651 1910 846 1980 deiicerent
865 1911 987 1981 oculos
1004 1909 1049 1980 ab
1072 1904 1237 2003 hisquae
1288 1910 1341 1980 ibi
1353 1907 1543 2001 Princeps,
1565 1920 1606 1979 ut
1626 1922 1702 1979 erat
1724 1908 1917 1979 acerrimus
1935 1923 2077 1981 exactor
2098 1922 2286 2004 custosque

237 2028 322 2086 ante
348 2015 455 2106 pedes
477 2025 606 2082 essent.
663 2009 712 2084 Et
733 2014 878 2107 quidem
907 2008 994 2082 haec
1027 2033 1235 2102 magnarum
1287 2012 1500 2105 disciplinae
1520 2035 1683 2098 momm,
1717 2011 1766 2082 ita
1791 2025 1989 2082 commotus
2012 2025 2084 2097 est,
2108 2025 2151 2084 nt
2171 2035 2287 2107 quan·

186 2194 192 2203 ,
237 2115 414 2188 virtutum
439 2115 614 2210 tyrocinia
631 2117 804 2209 quaedam
827 2139 901 2185 esse
918 2114 1135 2187 existimant:
1173 2112 1235 2185 Ait
1287 2139 1394 2208 quam
1409 2115 1512 2209 loqui
1526 2113 1654 2185 Latine
1677 2137 1751 2183 non
1774 2114 1918 2199 soleret,
1943 2127 2061 2184 tamen
2079 2113 2133 2184 ira
2150 2116 2184 2184 ei
2203 2106 2286 2186 haec

237 2219 334 2291 enim
359 2213 564 2309 Xenoph'on
589 2218 670 2288 ideo
700 2212 789 2289 haec
812 2217 975 2288 instituta
1003 2240 1096 2301 esse,
1128 2229 1168 2286 ut
1190 2217 1236 2285 ad
1289 2219 1396 2289 verba
1420 2217 1645 2309 expresserit:
1673 2214 1771 2287 Vade
1793 2218 1858 2290 ira.
1911 2215 1971 2287 Sic
1995 2217 2118 2299 illum,
2146 2216 2285 2312 quinci

236 2321 500 2404 verecundiam,
525 2322 699 2412 pudorem
717 2344 757 2391 ac
770 2321 981 2390 modestiam
996 2342 1016 2388 a
1032 2318 1148 2410 prima
1162 2330 1236 2389 sta·
1287 2333 1507 2391 succenseret
1523 2340 1543 2388 e
1557 2332 1750 2411 conspectu
1764 2342 1829 2389 suo
1845 2319 1944 2389 abire
1963 2319 2076 2392 iussit.
2129 2315 2187 2392 Ac
2209 2334 2284 2394 tsn-

236 2423 302 2496 tim
326 2423 477 2516 pueritia
497 2422 742 2492 adsuefierent.
793 2420 939 2510 Quanto
955 2423 1065 2510 magis
1088 2444 1155 2491 nos
1172 2419 1236 2514 qui
1288 2435 1363 2493 tum
1386 2421 1516 2507 abfuit,
1547 2435 1589 2492 ut
1613 2421 1850 2492 sacerdotium
1875 2422 2073 2506 conferret,
2110 2436 2155 2495 ut
2181 2423 2281 2496 aiam

236 2527 275 2596 in
290 2520 429 2596 scholas
451 2522 551 2593 missi
574 2547 714 2609 sumus,
739 2536 869 2593 utnon
892 2525 1000 2593 modo
1018 2524 1139 2593 literas
1154 2545 1236 2614 per·
1287 2519 1517 2595 vehementer
1538 2523 1766 2614 obiurgatum
1785 2524 1976 2610 dimiserit,
2001 2525 2098 2618 quod
2122 2525 2162 2595 in
2179 2523 2305 2598 Pn⁰n·‘

237 2629 452 2719 ciperemus,
478 2626 539 2695 sed
561 2639 603 2697 ut
623 2628 670 2695 ad
691 2626 813 2695 omnia
836 2621 983 2696 honesta
1000 2626 1115 2695 officia
1131 2625 1237 2696 insti·
1287 2628 1377 2720 cipis
1392 2640 1619 2718 conspectum
1638 2627 1760 2696 venire
1777 2651 1857 2698 cum
1874 2649 2016 2697 scurrae
2030 2623 2169 2713 habitu,
2192 2630 2282 2723 quod

236 2728 443 2804 tueremur?
475 2725 572 2799 Haec
587 2729 804 2798 incunabula
818 2729 1021 2814 modestiae,
1048 2728 1087 2796 in
1103 2729 1235 2798 vestitu
1287 2729 1422 2799 ambire
1437 2729 1673 2800 sacerdotium
1689 2753 1795 2800 ausus
1810 2744 1910 2812 esset,
1929 2754 2010 2802 cum
2025 2725 2092 2800 hac
2108 2731 2281 2822 significa·

237 2847 345 2928 atque
366 2832 506 2900 incessu
529 2853 670 2900 servare
687 2831 855 2921 oportuit.
906 2830 1043 2901 Verum
1061 2831 1147 2923 quid
1166 2825 1235 2900 hoc
1286 2833 1385 2904 tione
1401 2832 1662 2924 impudentiae,
1688 2857 1728 2903 ac
1750 2833 1922 2918 levitatis,
1948 2858 1967 2903 a
1989 2857 2058 2927 qua
2080 2832 2282 2926 longissime

235 2934 390 3006 monstri
409 2946 481 3017 est,
511 2933 608 3003 aliud
630 2933 745 3002 oratio
767 2929 1078 3018 scholasticorum,
1110 2933 1235 3023 dispuss
1286 2935 1407 3006 abesse
1422 2936 1621 3005 sacerdotes
1637 2937 1750 3005 decet.
1786 2931 1822 3006 Ο
1839 2959 2023 3006 censuram
2040 2937 2192 3027 dignam
2208 2936 2280 3009 lau·

235 3036 390 3109 tantium
404 3037 450 3106 de
470 3030 629 3107 honestis
650 3035 795 3121 officiis,
819 3035 918 3106 aliud
933 3037 1039 3120 ¹vestis
1064 3035 1234 3130 loquitur,
1287 3038 1350 3118 de,
1394 3037 1611 3132 dignamque
1644 3037 1815 3107 memoria
1854 3052 1969 3109 vestra
2009 3039 2278 3116 commilitones.

235 3163 327 3234 quse
343 3162 519 3210 summam
541 3137 802 3228 impudentiam
823 3138 1051 3230 praesefert.
1104 3135 1235 3208 Plane·
1286 3139 1421 3211 Merito
1444 3141 1539 3210 enim
1562 3139 1653 3212 tanti
1669 3140 1757 3226 viri,
1783 3140 1841 3210 cui
1864 3141 1957 3211 fama
1980 3153 2034 3213 est
2054 3141 2094 3211 in
2117 3136 2190 3213 hoc
2208 3154 2273 3215 toto

235 3267 306 3337 que
326 3241 441 3311 miror
456 3240 544 3335 quid
567 3241 640 3310 illis
661 3241 700 3309 in
722 3254 877 3312 mentem
900 3241 1040 3327 veniat,
1067 3264 1147 3312 cum
1173 3265 1235 3310 co-
1287 3240 1501 3313 Germaniae
1523 3242 1695 3333 imperio,
1724 3265 1900 3313 summam
1925 3243 2119 3336 sapientiae
2140 3243 2275 3317 laudem
2324 3326 2326 3333 ,

234 3344 349 3436 gitant
373 3356 547 3438 quantum
560 3367 591 3413 a
616 3365 654 3413 se
674 3343 744 3435 ipsi
764 3342 993 3425 dissentiant,
1025 3366 1132 3439 quam
1158 3367 1233 3413 non
1284 3346 1456 3418 tributam
1473 3369 1560 3431 esse,
1587 3345 1804 3415 commoveri
1820 3344 1957 3416 iudicio
1973 3346 2158 3421 debemus.
2192 3345 2275 3420 Huic
2323 3366 2326 3407 ῑ

235 3447 423 3519 conveniat
440 3447 486 3517 ad
502 3446 700 3518 orationem
716 3467 836 3532 suam,
861 3447 907 3517 ad
930 3446 1066 3532 studia,
1091 3441 1150 3518 hic
1166 3441 1233 3516 ha·
1263 3448 1382 3519 'enim
1405 3472 1529 3519 omnes
1552 3447 1677 3540 populi
1687 3499 1699 3534 ,
1734 3472 1814 3521 cnm
1839 3471 1962 3518 omnes
1983 3449 2128 3520 ordines
2142 3449 2275 3525 innon·

233 3550 344 3623 bitus.
394 3546 435 3620 si
457 3548 498 3617 in
519 3572 621 3619 scena
648 3550 808 3642 prodiret
835 3573 917 3620 cum
942 3544 1068 3619 habitu
1090 3571 1232 3619 scurrae
1285 3552 1377 3622 ciliis
1407 3552 1624 3642 populorum
1660 3548 1878 3621 Germaniae
1908 3552 1952 3620 de
1982 3551 2148 3623 maximis
2177 3555 2273 3626 rebus

234 3647 503 3741 Agamemnon,
534 3674 640 3720 nemo
663 3675 737 3720 non
762 3651 1017 3722 vociferaretur
1038 3651 1143 3721 illum
1162 3648 1233 3719 Hi·
1284 3677 1388 3744 saepe
1408 3654 1548 3723 adsensi
1569 3652 1659 3739 sint,
1683 3653 1927 3725 adsentiamur
1947 3667 1983 3725 et
2004 3676 2071 3724 nos
2085 3647 2155 3726 hac
2173 3667 2272 3750 parte,
2298 3733 2301 3738 ,

234 3753 406 3826 strionem
423 3752 544 3822 decori
557 3752 709 3822 oblitum
725 3773 812 3838 esse,
834 3752 970 3822 nescire
984 3775 1121 3834 scenae,
1135 3754 1232 3847 quod
1285 3769 1320 3826 et
1334 3766 1530 3826 statuamus
1544 3756 1581 3824 id
1600 3757 1696 3850 quod
1713 3780 1769 3825 res
1783 3770 1852 3842 est,
1878 3754 1972 3827 nulli
1988 3779 2062 3825 non
2078 3757 2204 3829 ordini
2216 3754 2272 3831 hu·

235 3855 356 3940 aiunt,
390 3853 539 3924 servire:
571 3867 645 3926 tam
674 3877 815 3924 morose
842 3855 1041 3926 indicamus
1064 3855 1103 3922 in
1124 3855 1231 3927 ludis.
1283 3859 1423 3929 minum
1447 3854 1511 3928 has
1531 3859 1704 3950 ineptias,
1730 3859 1789 3928 sed
1811 3858 1964 3929 maxime
1986 3854 2212 3933 scholasticis
2225 3860 2272 3932 in·

235 3955 336 4048 Quid
352 3956 485 4050 pntatis
499 3979 623 4048 graves
637 3955 733 4027 viros
756 3957 913 4028 indicare
927 3957 966 4025 in
990 3956 1090 4026 seriis
1113 3959 1232 4045 rebus,
1284 3964 1429 4032 decoras
1453 3984 1540 4031 esse.
1591 3958 1717 4055 Neque
1735 3986 1820 4032 vero
1843 3961 1894 4032 sic
1916 3963 1979 4032 ille
1998 3962 2129 4048 sensit,
2154 3980 2193 4038 et
2207 3984 2272 4035 non

234 4074 409 4154 quantum
425 4053 511 4131 huic
531 4082 654 4130 scenae
667 4082 734 4131 nos
756 4058 889 4130 servire
905 4060 1035 4145 velint,
1060 4059 1232 4154 inquam,
1283 4063 1442 4135 sentiunt
1458 4064 1553 4133 idem
1568 4085 1693 4134 omnes
1708 4064 1796 4135 honi
1811 4065 1898 4149 viri,
1921 4064 2086 4135 omnium
2111 4059 2273 4139 honesto-

234 4161 319 4256 quia
336 4161 462 4233 ludum
481 4157 684 4248 huncesse,
709 4185 784 4231 non
807 4163 917 4233 modo
941 4161 1145 4248 literarum,
1170 4166 1231 4234 sed
1283 4190 1363 4236 rum
1380 4161 1568 4237 hominum
1585 4161 1761 4236 haedere
1777 4168 1904 4238 calculi
1918 4166 2160 4245 consentiunt.
2192 4165 2275 4260 Quis

233 4263 397 4334 omnium
434 4262 609 4335 virtutum
651 4264 958 4356 percipiendarum
1000 4264 1231 4351 arbitrantur,
1284 4269 1380 4339 enim
1395 4283 1569 4355 vestrum,
1593 4268 1657 4363 qui
1678 4271 1787 4339 modo
1804 4269 1999 4340 liberaliter
2017 4268 2274 4358 institutusest,

233 4365 317 4437 ideo
332 4364 475 4437 deducti
490 4386 629 4453 snmus,
654 4379 695 4438 ut
710 4361 796 4436 hinc
810 4367 944 4458 optima
961 4365 1150 4459 disciplina
1166 4370 1231 4439 ad·
1283 4371 1348 4466 qui
1362 4371 1432 4441 nisi
1447 4371 1496 4442 sit
1510 4371 1858 4462 impudentissimus,
1884 4372 1976 4444 ausit
1995 4372 2035 4441 in
2050 4386 2273 4466 conspectam

232 4468 379 4541 suefacti
392 4469 508 4539 bonos
524 4490 641 4538 mores
656 4469 699 4537 ad
712 4466 893 4562 Rempub.
910 4468 1106 4541 afferamus.
1158 4469 1230 4542 Sed
1282 4473 1339 4545 sui
1361 4474 1472 4566 patris
1492 4497 1574 4543 cum
1594 4473 1763 4546 inusitata
1781 4489 1878 4547 veste
1892 4474 2039 4545 venire?
2071 4472 2185 4566 Quod
2199 4498 2273 4549 cum

233 4570 355 4666 quales
372 4593 487 4640 mores
502 4571 663 4640 adferent
681 4571 734 4640 illi
751 4573 793 4641 ad
809 4569 969 4664 Respub.
981 4572 1045 4666 qui
1060 4585 1230 4667 tanquam
1281 4578 1331 4650 ita
1354 4576 1416 4661 sit,
1441 4588 1563 4668 putate
1585 4573 1672 4646 haec
1691 4577 1779 4648 vitia
1796 4577 1836 4648 in
1857 4575 2039 4648 communi
2057 4578 2143 4650 odio
2164 4579 2275 4651 bono·

233 4672 272 4742 in
294 4672 537 4765 impudentiae
552 4672 639 4743 ludo
656 4672 787 4742 versati
805 4690 941 4759 essent,
966 4673 1098 4748 iudicia
1113 4677 1230 4748 bono-
1281 4703 1362 4751 rum
1384 4679 1545 4748 virorum
1575 4679 1738 4749 omnium
1766 4703 1850 4752 esse.
1918 4676 2275 4775 Quanquamauten

233 4798 315 4847 rum
335 4776 495 4846 virorum
518 4789 747 4846 contemnere
769 4791 1048 4862 consueverunt,
1074 4779 1136 4872 qui
1161 4804 1231 4871 pu·
1282 4781 1411 4852 merito
1427 4805 1492 4873 pro
1507 4779 1646 4871 legibus
1660 4776 1784 4852 haberi
1800 4784 1939 4867 debeat,
1964 4782 2142 4877 quidquid
2157 4806 2276 4856 omnes

233 4877 359 4948 dorem
373 4890 408 4946 et
416 4866 670 4949 verecundiam
682 4877 825 4969 penitus
838 4902 879 4947 ex
894 4877 1024 4949 animis
1039 4880 1230 4964 eiecerunt,
1282 4884 1369 4954 boni
1385 4884 1454 4953 viri
1477 4883 1655 4964 sentiunt,
1682 4898 1799 4954 tamen
1817 4886 1848 4954 si
1869 4884 1989 4956 miuus
2003 4886 2098 4978 apud
2113 4910 2179 4958 vos
2192 4886 2276 4960 alie-

233 4977 298 5073 qui
310 4978 428 5069 legum
443 4992 540 5049 metu
556 4979 729 5064 deposito,
746 4980 852 5050 licere
867 4980 936 5052 sibi
949 4982 1126 5077 quidquid
1142 4984 1230 5055 libet
1281 5009 1410 5055 norum
1427 4987 1597 5057 autoritas
1612 4987 1722 5071 valet,
1746 4989 1863 5061 valeat
1875 4990 1970 5080 apud
1985 5012 2277 5087 unumquemque

233 5078 462 5151 existimant?
512 5079 632 5153 Multa
653 5081 767 5167 enim,
796 5095 836 5155 nt
857 5083 951 5169 dixi,
976 5084 1064 5154 vitia
1080 5086 1143 5157 alit
1165 5087 1228 5157 illa
1282 5088 1337 5158 sui
1351 5088 1464 5180 patris
1478 5089 1668 5183 autentas,
1694 5112 1800 5182 quam
1817 5105 1870 5163 est
1884 5091 1997 5182 pietas
2009 5092 2186 5186 quaedam
2202 5116 2275 5165 me

232 5181 447 5274 ineptiarum
464 5181 665 5258 adfectatio.
698 5182 817 5272 Quam
835 5209 932 5278 spem
946 5189 991 5256 de
1006 5211 1043 5258 se
1061 5189 1230 5280 praebere
1280 5189 1412 5260 xlmam
1428 5203 1462 5260 et
1476 5191 1717 5281 gravissimam
1733 5193 1872 5269 ducere.
1907 5191 2028 5281 Quare
2041 5193 2072 5264 si
2086 5196 2275 5287 'parentum

231 5285 339 5357 bonis
354 5282 441 5354 viris
455 5296 568 5375 potest
584 5283 636 5372 is,
661 5285 724 5379 qui
743 5286 782 5355 in
798 5289 910 5379 prima
924 5290 1078 5382 pueritia
1091 5290 1229 5380 legibus
1280 5291 1392 5362 animi
1404 5293 1450 5363 ab
1467 5289 1524 5363 his
1537 5294 1682 5386 ineptiis
1698 5293 1738 5362 in
1754 5296 1883 5368 vestitu
1902 5290 2118 5379 abhorrent,
2145 5293 2276 5370 abhor-

233 5409 271 5458 se
291 5383 474 5459 coherceri
495 5399 602 5481 atque
623 5388 814 5479 gubernari
837 5415 911 5461 non
927 5406 980 5464 est
1001 5414 1151 5485 passus,
1166 5397 1229 5464 sed
1279 5407 1360 5465 rent
1384 5409 1502 5468 autem
1521 5390 1618 5469 haud
1639 5395 1766 5483 dubie,
1797 5399 2018 5469 voluntatem
2043 5398 2190 5471 illorum
2211 5424 2275 5495 pro

233 5488 299 5582 qni
326 5502 499 5583 tanquam
530 5490 758 5586 tyrannidem
787 5505 941 5579 teneret,
982 5515 1048 5565 suo
1076 5492 1227 5567 arbitrio
1279 5496 1356 5606 lege
1371 5491 1576 5576 habeamus.
1621 5497 1748 5595 Neque
1768 5501 1865 5572 enim
1888 5500 2090 5573 existimare
2106 5503 2277 5619 debemus
