4664 6022
628 308 790 391 unct.
821 306 896 386 Dlll
929 305 1072 386 lURlll
1106 303 1479 386 POSSlDIlNDl.
1785 242 1790 249 ·
2003 307 2082 388 6⁸8

113 501 124 561 t
141 487 190 558 ita
204 486 341 572 dicam,
367 499 514 578 cognata
523 482 600 558 Deo
616 509 690 567 esse
706 486 865 572 ducitur,
891 501 927 557 et
941 499 1034 556 certe
1084 483 1290 576 gravissime
1311 476 1491 556 dixerunt.
1542 477 1620 574 Ego
1639 485 1783 555 brevem
1800 484 2080 577 disputationem

113 592 293 681 maginem
314 587 383 660 Dei
405 591 548 662 condita
573 604 638 663 est.
691 589 761 661 Sed
786 586 1033 661 doctrinaEc·
1084 589 1223 658 adferre
1237 587 1405 658 constitui
1420 588 1464 655 de
1478 586 1572 659 dicto
1584 589 1738 681 quodam
1750 589 1789 659 in
1799 589 1959 670 decretis,
1980 590 2077 681 quod

113 716 158 766 ae
198 694 345 786 exponit
385 694 489 765 nobis
523 717 646 763 causas
680 688 809 763 borum
843 694 1031 765 malorum.
1084 715 1124 761 ex
1135 686 1337 781 Augustino
1352 690 1496 762 citatur:
1524 688 1629 763 Unde
1643 692 1794 787 quisque
1810 692 1966 783 possidet
1979 692 2078 786 quod

113 822 225 894 [quam
249 798 368 867 aDeo
389 798 503 867 aversi
518 810 601 867 sunt
617 792 802 878 homines,
830 819 962 888 poenae
976 819 1032 864 se·
1084 793 1265 886 possidet?
1297 817 1417 862 nonne
1447 793 1525 863 iure
1556 789 1737 867 humano?
1787 793 1856 866 Hic
1879 794 2076 874 disseritur,

113 915 239 980 esunt,
259 901 444 992 multiplex
461 902 562 970 luror
577 901 615 968 in
632 895 820 969 hominum
835 899 977 989 animis,
997 912 1030 968 et
1083 922 1128 967 an
1144 896 1326 968 distinctio
1341 897 1583 967 dominiorum
1599 911 1738 969 tantum
1753 898 1799 969 sit
1810 899 1900 969 iuris
1913 893 2076 976 bumani,

113 1030 128 1076 c
149 1005 312 1074 accendit
333 1005 509 1076 diabolus.
561 1001 657 1073 Hinc
675 1004 957 1094 perturbationes
973 1025 1030 1071 re·
1083 1000 1225 1095 etquid
1248 1000 1520 1090 intelligendum
1547 1001 1610 1083 sit,
1641 1026 1720 1073 eum
1742 1003 1790 1072 ita
1807 1002 1951 1073 dicitur:
1979 999 2077 1072 Num

134 1102 376 1177 humanarum
401 1107 562 1178 infinitae
585 1105 764 1177 oriuntur.
816 1107 887 1178 Sed
911 1119 1029 1177 tamen
1082 1104 1113 1173 si
1135 1117 1187 1174 est
1209 1117 1349 1174 tantum
1366 1104 1456 1173 iuris
1471 1099 1642 1193 humani,
1668 1129 1742 1175 non
1760 1119 1860 1176 curat
1876 1130 1951 1176 eam
1967 1099 2077 1188 Deus,

113 1234 211 1299 :ansts
234 1204 429 1279 humanum
453 1204 615 1281 funditus
636 1223 774 1302 pereat,
801 1211 861 1279 sed
886 1223 927 1280 ut
943 1233 1030 1279 con·
1082 1231 1158 1277 non
1187 1206 1293 1299 punit
1322 1206 1403 1276 illos
1429 1206 1491 1300 qui
1515 1231 1592 1277 eam
1616 1210 1851 1289 conturbant,
1883 1231 1971 1278 num
1995 1207 2077 1277 licet

113 1315 161 1398 la,
192 1305 412 1403 procreatio,
444 1314 625 1397 educatio,
658 1325 825 1382 natorum
855 1312 1029 1385 institutio
1083 1311 1317 1381 validioribus
1340 1333 1464 1401 rapere
1489 1334 1545 1379 res
1568 1311 1806 1382 inferiorum?
1855 1310 1938 1381 Nou
1962 1310 2076 1380 inuti·

113 1416 324 1507 agnitionem
353 1415 438 1495 Dei,
472 1429 507 1487 et
535 1415 724 1486 seminaria
747 1411 925 1485 Ecclesiae
954 1440 1030 1483 ma·
1083 1415 1126 1483 lis
1149 1426 1201 1486 est
1224 1408 1310 1482 haec
1334 1413 1547 1504 disputatio,
1574 1438 1658 1484 nam
1683 1428 1717 1486 et
1738 1417 1782 1485 de
1805 1415 1966 1486 lontibus
1989 1411 2078 1482 iuris

112 1534 158 1603 tt,
184 1519 348 1589 concedit
363 1515 461 1588 Deus
485 1519 673 1588 intervalla
698 1521 891 1612 quaedam,
917 1518 1031 1587 sancit
1082 1516 1242 1607 disserit,
1275 1530 1310 1587 et
1338 1515 1401 1586 alit
1426 1517 1660 1587 reverentiam
1690 1519 1826 1608 legum,
1858 1542 1939 1588 cum
1961 1517 2077 1586 fontes

113 1623 213 1693 mum
246 1621 410 1693 inducias
440 1622 712 1715 aliquantisper:
746 1645 851 1715 quam
877 1622 924 1690 ob
946 1646 1029 1690 cau·
1083 1633 1268 1689 monstrat.
1330 1618 1402 1689 Nec
1430 1620 1578 1710 litigabo
1609 1620 1731 1691 odiose
1758 1646 1839 1692 cum
1862 1616 2077 1710 Augustino.

113 1725 132 1795 ἲ
157 1749 244 1794 num
259 1738 299 1794 ut
310 1720 478 1794 ‘homines
491 1725 676 1795 obscoenis
691 1725 934 1816 voluptatibus
949 1749 1030 1814 per·
1082 1719 1130 1794 Et
1153 1725 1197 1793 de
1216 1746 1285 1816 qua
1301 1745 1403 1792 causa
1420 1723 1564 1814 proprie
1579 1725 1719 1796 locutus
1736 1725 1799 1810 sit,
1822 1724 1907 1796 satis
1922 1734 2078 1814 apparet.

113 1827 216 1898 mur?
263 1824 509 1921 Nequaquam.
561 1827 633 1900 Sed
653 1828 1027 1899 utinterimdoctriua
1082 1825 1135 1896 Ac
1159 1826 1315 1919 primum
1338 1826 1454 1895 facilis
1475 1827 1634 1896 delensio
1657 1841 1709 1898 est
1729 1824 1942 1918 Augustini,
1967 1826 1998 1895 si
2020 1824 2079 1893 di·

113 1932 281 2001 roluntate
304 1931 447 2015 divina,
474 1933 589 2024 deque
612 1931 779 2000 omnibus
802 1932 908 2000 rebus
924 1931 1029 2001 bonis
1082 1953 1217 2014 camus,
1244 1929 1340 2022 quod
1358 1943 1450 1999 certe
1468 1931 1545 2000 vult
1561 1929 1617 2000 ius
1631 1924 1829 2001 humanum
1846 1954 1937 2014 esse,
1963 1928 2078 2018 magi·

113 2034 238 2124 sagari,
265 2046 300 2103 et
321 2033 511 2124 disciplina
536 2035 675 2104 restitui
699 2034 820 2124 possit.
876 2032 982 2122 Qu'od
998 2034 1028 2102 si
1082 2045 1254 2104 stratuum
1278 2031 1541 2102 ordinationem
1563 2057 1642 2103 cum
1660 2034 1797 2104 ratione
1814 2047 2079 2124 congruentem,

113 2170 115 2203 ι
141 2137 192 2206 sic
216 2149 379 2220 utemur,
412 2151 451 2207 ut
477 2138 675 2206 doctrinam
700 2137 891 2206 salutarem
913 2137 1028 2206 disca·
1081 2149 1195 2206 ortam
1211 2159 1230 2203 a
1245 2132 1333 2218 Deo,
1359 2135 1420 2228 qui
1435 2134 1659 2225 magistratus
1672 2137 1839 2224 instituit,
1862 2151 1895 2208 et
1911 2136 1963 2209 eis
1974 2148 2079 2210 auto·

116 2293 129 2325 ,
161 2252 197 2309 et
225 2239 451 2330 disciplinam
482 2255 663 2324 tueamur,
694 2240 759 2308 erit
786 2240 882 2310 Deus
911 2253 1028 2310 eustos
1080 2239 1220 2309 ritatem
1249 2237 1431 2319 attribuit,
1464 2253 1600 2310 mentes
1630 2265 1753 2312 eorum
1777 2244 1820 2311 ad
1842 2240 2022 2311 iusticiam
2044 2255 2079 2310 et

113 2342 302 2439 quillitatis
327 2343 472 2412 diutius.
533 2341 604 2413 Sed
629 2344 659 2412 si
683 2344 936 2433 cupiditatibus
960 2367 1028 2412 no·
1081 2341 1306 2433 disciplinam
1325 2343 1551 2413 sanciendam
1567 2345 1756 2430 exuscitet,
1783 2357 1816 2415 et
1830 2343 2079 2438 praesentibus

134 2444 211 2516 sine
227 2446 335 2514 modo
352 2443 638 2534 indulgebimus,
663 2446 792 2516 trustra
810 2471 930 2535 pacem
947 2470 1027 2538 spe·
1080 2469 1121 2515 ac
1143 2446 1297 2515 aeternis
1320 2446 1444 2535 poenis
1460 2470 1583 2517 eorum
1598 2460 1839 2539 contemptum
1855 2447 1969 2539 punit.
2025 2443 2079 2515 Ac

113 2571 164 2618 us·
211 2546 325 2618 Notae
344 2562 427 2618 sunt
442 2550 584 2616 divinae
601 2550 916 2635 comminationes,
943 2564 1026 2619 nota
1080 2571 1218 2639 semper
1241 2573 1365 2618 verum
1389 2563 1459 2635 est,
1490 2563 1734 2621 contractuum
1755 2563 1789 2620 et
1813 2549 2077 2642 possessionum

113 2651 210 2740 npla,
241 2676 394 2745 quorum
423 2652 636 2740 cogitatione
657 2676 723 2722 nos
749 2655 793 2721 ad
818 2651 1026 2725 modestiam
1082 2653 1206 2720 modos
1242 2652 1385 2743 proprie
1418 2651 1495 2722 iure
1528 2647 1685 2724 humano
1715 2653 1895 2725 constitui.
1964 2650 2078 2740 Quic-

113 2774 246 2827 tremus.
297 2751 393 2823 Haec
409 2754 586 2845 praelatus
600 2778 690 2834 sum,
716 2768 755 2825 ut
771 2755 921 2827 intanta
937 2771 1027 2824 tem·
1081 2755 1168 2848 quid
1191 2754 1301 2844 igitur
1324 2757 1474 2850 quisque
1496 2757 1671 2847 possidet,
1695 2757 1784 2829 iuris
1807 2751 1957 2827 humani
1974 2769 2079 2827 auto-

113 2878 160 2925 tm
181 2856 359 2926 moesticia
383 2858 548 2927 iuventus
572 2859 617 2927 de
640 2858 713 2928 suis
736 2860 1025 2950 periculisetiam
1082 2860 1186 2928 ritate
1211 2872 1245 2927 et
1268 2858 1445 2949 praesidio
1468 2857 1634 2951 possidet.
1687 2859 1760 2931 Nee
1773 2860 1854 2931 ideo
1870 2861 2076 2950 lingendum

113 2970 179 3043 tet,
210 2973 246 3028 et
272 2958 372 3029 omni
394 2959 511 3031 olficin
536 2961 648 3030 lenire
670 2962 760 3031 iram
783 2959 854 3031 Dei
877 2965 1026 3033 studeat.
1082 2974 1150 3045 est,
1178 2984 1252 3031 non
1273 2985 1347 3030 esse
1364 2985 1469 3031 curae
1483 2960 1561 3032 Deo
1580 2956 1688 3034 huius
1706 2963 1843 3035 ordinis
1859 2963 2080 3034 observatio·

113 3084 222 3132 teum
242 3057 309 3132 bos
323 3086 531 3152 congressus
544 3064 743 3147 intuemur,
770 3065 808 3132 in
825 3064 956 3157 quibus
972 3065 1028 3133 di·
1082 3088 1163 3132 nem
1187 3087 1228 3132 ac
1249 3065 1491 3135 violationem.
1546 3062 1622 3134 lmo
1641 3067 1820 3137 diversum
1837 3081 1931 3136 recte
1946 3081 1981 3136 et
1995 3086 2078 3133 vere

113 3162 152 3235 di
174 3187 278 3235 eausa
302 3165 554 3245 convenimus,
581 3178 616 3235 et
631 3166 762 3258 quibus
778 3163 872 3235 nibil
887 3168 1027 3257 melius,
1080 3166 1256 3259 sequitur:
1286 3163 1380 3253 Quia
1403 3162 1461 3235 hic
1480 3169 1570 3236 ordo
1594 3193 1679 3238 voce
1692 3169 1916 3259 magistratus
1931 3167 2080 3237 institu-

113 3266 124 3337 l
142 3267 302 3351 dulcius,
325 3263 419 3336 nibil
443 3263 627 3339 honestius
644 3264 800 3339 bumana
815 3285 943 3340 natura
957 3265 1027 3338 ha·
1080 3284 1138 3339 tus
1154 3281 1223 3352 est,
1252 3269 1332 3337 ideo
1350 3268 1494 3339 violatio
1510 3269 1683 3340 divinitus
1698 3270 1878 3360 punietur.
1928 3267 2078 3357 Necesse

131 3392 218 3440 eura
239 3371 399 3440 animum
423 3372 544 3442 subire
567 3372 692 3456 debet,
720 3373 765 3441 de
787 3373 971 3442 doctrinae
993 3386 1027 3441 et
1081 3384 1132 3440 est
1162 3372 1257 3439 enim
1290 3372 1453 3456 obedire,
1486 3385 1526 3441 ut
1547 3371 1667 3464 inquit
1684 3370 1836 3458 Paulus,
1868 3396 1943 3442 non
1967 3373 2076 3442 modo

113 3470 237 3567 'plinae
266 3474 554 3556 conservatione,
588 3498 679 3568 quae
709 3474 748 3543 in
779 3474 883 3546 bellis
911 3475 1026 3565 negli-
1081 3486 1226 3564 propter
1255 3473 1365 3558 iram,
1404 3475 1464 3543 sed
1497 3474 1603 3543 etiam
1638 3491 1785 3568 propter
1813 3475 2077 3546 conscientiam.

113 3588 164 3657 nar
180 3589 215 3646 et
231 3576 497 3667 extinguuntur.
550 3574 653 3647 Nihil
668 3591 784 3648 autem
802 3578 914 3668 magis
928 3579 1027 3647 decet
1080 3572 1279 3647 Observate
1312 3600 1441 3671 quaeso
1471 3579 1662 3647 verborum
1696 3579 1866 3672 pondera.
1916 3575 2078 3648 Primum

113 3677 152 3747 tli
171 3679 389 3774 frequentia,
416 3705 522 3774 quam
546 3681 664 3750 dicere
686 3694 721 3751 et
742 3679 865 3751 audire
889 3681 1026 3775 aliquid
1081 3677 1243 3748 nominat
1260 3681 1517 3751 necessitatem:
1544 3681 1675 3751 deinde
1690 3682 1810 3769 addit,
1833 3693 1979 3774 propter
1993 3704 2079 3751 cou-

113 3780 202 3850 ebus
224 3783 337 3850 bonis.
391 3779 494 3867 ldeo,
520 3808 599 3855 cum
616 3780 706 3854 mibi
723 3808 818 3855 nune
834 3785 890 3853 vir
904 3785 1027 3854 claris-
1081 3782 1277 3855 seientiam.
1331 3780 1370 3852 ld
1397 3796 1464 3869 est,
1490 3784 1639 3855 violatio
1661 3784 1792 3877 polluit
1813 3784 2077 3873 conscientiam,

113 3904 139 3951 ts
162 3880 208 3956 D.
232 3882 396 3953 Decauus
426 3886 539 3956 nostri
571 3887 730 3977 collegii,
764 3902 798 3959 et
823 3902 1027 3980 praeceptor
1081 3900 1115 3956 et
1136 3886 1273 3976 polluta
1297 3886 1513 3958 conscientia
1539 3889 1674 3958 abiecta
1697 3901 1748 3957 est
1772 3913 1791 3958 a
1813 3884 1900 3961 Deo.
1961 3885 2078 3957 Sentit

113 4008 147 4067 s,
182 4011 287 4080 quem
320 4000 488 4077 perpetua
520 3990 742 4059 observantia
768 4004 937 4083 tanquam
965 4013 1027 4081 ps·
1082 3989 1206 4078 igitur,
1238 3985 1354 4059 Deum
1386 3988 1490 4059 irasci
1521 3990 1741 4061 violantibus
1762 3991 1880 4080 legum
1902 3990 2077 4060 autorita-

113 4090 325 4159 tcolendum
343 4087 432 4158 mibi
449 4114 522 4160 esse
537 4094 648 4176 duco,
673 4087 736 4161 bas
751 4108 867 4184 partes
884 4093 1027 4163 dicendi
1081 4104 1163 4162 tem.
1216 4088 1316 4161 Nihil
1337 4091 1452 4161 maius
1468 4105 1529 4162 aut
1545 4093 1699 4163 atrocius
1716 4093 1789 4162 dici
1804 4108 1951 4185 poterat.
2004 4091 2077 4162 Nec

113 4190 187 4272 ait,
218 4193 399 4263 autoritati
420 4193 497 4263 eius
518 4194 789 4285 obtemperabo:
824 4210 900 4267 eta
925 4196 1027 4265 vobis
1079 4193 1213 4264 muniri
1244 4197 1416 4265 autoritas
1446 4194 1714 4283 magistratuum
1740 4209 1773 4265 et
1797 4197 1915 4287 legum
1941 4196 2077 4266 firmius

118 4346 131 4378 ,
162 4307 201 4362 ut
229 4291 320 4365 hanc
352 4321 464 4364 meatu
487 4297 685 4366 orationem
711 4299 799 4368 boni
823 4299 1027 4373 consulatis.
1079 4310 1213 4388 potest,
1239 4323 1345 4391 quam
1368 4293 1434 4366 hac
1457 4297 1532 4388 ipsa
1557 4299 1680 4368 divina
1704 4301 1878 4370 sententia
1902 4299 2074 4369 munitur.

113 4419 143 4464 se
166 4399 210 4466 de
230 4398 346 4489 legum
369 4399 544 4489 dignitate
560 4400 709 4480 dicitur,
736 4415 770 4470 et
786 4402 875 4472 utile
892 4415 943 4472 est
958 4403 1026 4470 im·
1080 4395 1198 4494 Atque
1221 4395 1307 4469 haec
1327 4403 1372 4469 de
1389 4398 1580 4491 Augustini
1604 4402 1830 4473 excusatione
1847 4403 2000 4495 primum
2016 4399 2077 4468 di·

113 4499 173 4568 llcs
206 4502 344 4571 animos
380 4524 482 4594 saepe
520 4504 805 4587 commonefieri,
848 4518 1025 4599 quantum
1079 4525 1157 4573 cere
1180 4502 1291 4576 volui.
1351 4500 1456 4574 Nunc
1478 4503 1508 4571 si
1533 4529 1607 4573 non
1631 4506 1676 4574 de
1699 4500 1893 4594 Augustini
1918 4502 2076 4591 negocio,

113 4601 175 4672 sit
191 4604 355 4694 politicus
368 4607 476 4689 ordo,
503 4618 538 4675 et
553 4600 590 4674 hi
605 4607 708 4675 nervi
726 4607 862 4698 politici
877 4607 1026 4692 ordinis,
1079 4607 1139 4675 sed
1162 4607 1207 4675 de
1230 4630 1267 4675 re
1292 4604 1369 4697 ipsa
1392 4605 1596 4700 quaeritur,
1623 4631 1705 4676 vere
1728 4620 1762 4676 et
1780 4622 1873 4676 recte
1891 4608 1935 4676 de
1948 4628 2076 4695 genere

113 4731 141 4789 t,
173 4706 324 4792 iudicia,
357 4708 565 4800 disciplina,
599 4733 745 4799 poenae.
796 4708 913 4780 Multa
942 4723 1026 4780 sunt
1079 4707 1227 4793 dieitur,
1259 4722 1299 4780 ut
1328 4709 1374 4777 de
1398 4709 1545 4778 caeteris
1568 4709 1705 4802 politici
1731 4709 1869 4779 ordinis
1896 4707 2077 4792 membris,

138 4807 176 4876 in
196 4803 262 4878 bac
284 4804 472 4881 hominum
490 4813 736 4901 corruptione,
763 4837 854 4906 quae
871 4808 1025 4882 cumbis
1078 4811 1343 4882 distinctionem
1360 4811 1603 4882 dominiorum
1619 4836 1693 4882 esse
1708 4813 1797 4881 iuris
1812 4810 1939 4884 divini.
1971 4807 2076 4881 Clare

113 4910 173 4980 nis
192 4913 298 4981 rebus
320 4927 492 5005 pugnant.
543 4911 618 4983 Alii
642 4940 741 4985 more
757 4913 953 5010 Cyclopum
972 4915 1025 4984 fe·
1077 4914 1174 4984 enim
1197 4914 1317 5008 inquit
1339 4939 1406 4983 vox
1423 4915 1565 4984 diviua:
1591 4914 1822 4985 Nonlurtum
1840 4914 1955 5009 facies.
2008 4908 2075 4982 Di-

113 5027 174 5085 ate
196 5016 349 5108 quadam
371 5016 555 5087 excutiunt
571 5017 683 5107 leges,
710 5018 793 5111 quia
810 5018 944 5088 frenari
962 5042 1024 5088 cu·
1077 5017 1155 5086 vini
1169 5017 1258 5086 iuris
1271 5030 1322 5087 est
1335 5037 1465 5103 genus,
1491 5030 1530 5087 ut
1544 5019 1615 5087 sint
1628 5018 1863 5107 magistratus.
1914 5013 2075 5085 Humani

113 5128 192 5187 ates
204 5140 285 5188 suas
299 5118 439 5189 nolunt.
492 5114 569 5189 Alii
580 5120 784 5192 curiositate
797 5122 1024 5206 conturbant,
1076 5120 1166 5190 iuris
1190 5136 1242 5191 est
1263 5119 1414 5213 species,
1440 5132 1480 5189 ut
1498 5121 1570 5190 sint
1587 5120 1674 5190 alibi
1691 5117 1854 5188 consules
1871 5119 1963 5202 diro,
1990 5117 2075 5188 alibi

113 5220 223 5290 audes
240 5235 274 5292 et
288 5216 504 5311 sophismata
520 5222 720 5313 excogitant
735 5226 904 5294 adversus
919 5224 1023 5313 leges,
1075 5244 1169 5292 uuus
1191 5237 1347 5314 praetor.
1399 5218 1525 5291 Divini
1548 5220 1638 5291 iuris
1655 5233 1725 5306 est,
1749 5234 1790 5291 ut
1804 5245 1909 5291 suum
1926 5222 2075 5315 quisque

113 5323 248 5395 ulerant
267 5325 410 5415 laudem
432 5324 639 5416 sapientiae.
696 5323 800 5396 Hanc
820 5349 1021 5419 perversam
1075 5337 1212 5409 teneat,
1239 5347 1305 5394 nee
1329 5323 1504 5414 spolietur
1526 5346 1604 5396 suo.
1657 5321 1819 5394 Humani
1835 5325 1923 5394 iuris
1940 5337 2010 5407 est,
2036 5336 2076 5393 ut

113 5426 254 5518 sutiam,
280 5426 411 5498 vindex
433 5450 578 5498 suamm
599 5429 736 5520 legum,
761 5451 865 5522 saepe
883 5428 1023 5521 magnis
1074 5451 1116 5497 ex
1138 5438 1348 5498 testamento
1374 5425 1532 5516 legitime
1551 5427 1643 5496 lacto
1661 5439 1790 5499 teneat.
1844 5423 1970 5496 Divini
1987 5425 2075 5495 iuris

113 5528 187 5601 ibus
206 5529 323 5622 punit.
373 5528 445 5600 Sed
465 5530 510 5600 de
531 5526 600 5603 boc
616 5545 825 5623 argumento
840 5531 906 5604 alii
917 5554 1021 5623 saepe
1074 5542 1146 5616 est,
1176 5541 1218 5600 ut
1240 5551 1298 5600 res
1322 5551 1387 5619 per
1408 5541 1611 5602 contractus
1633 5530 1962 5615 communicentur,
2001 5551 2075 5600 ser·
