4664 6022
140 286 192 365 ao
635 272 796 366 onon.
829 270 905 351 nn
936 269 1216 351 nucosno
1246 239 1700 368 nnooonurmn'·
2007 352 2012 360 ,
2089 338 2098 345 .,
2137 271 2190 350 so

142 487 223 535 cero
240 454 355 533 dixit?
387 450 489 545 Quid
509 449 650 521 civilius
667 472 707 521 ea
730 449 847 541 legum
866 448 1143 543 praedicatione,
1189 447 1347 535 abdidit,
1378 447 1569 542 feruntque
1591 445 1871 539 pertinacissime
1892 447 2057 518 fraudato
2082 444 2189 538 genio

142 588 250 665 quam
273 585 316 632 ex
335 549 610 632 Demosthenica
631 552 792 624 oratione
813 548 909 625 κατὰ
933 545 1142 650 ἀριστογεί-
1191 549 1381 635 lucubrare
1416 549 1574 624 solitum.
1631 547 1766 644 Estque
1800 544 2013 621 Plutarchus
2045 543 2191 636 author,

142 689 253 747 soror
268 657 518 735 Iurisconsulti
533 656 573 724 in
590 678 671 726 suos
691 655 963 727 commentarios
984 667 1144 727 transtu·
1192 654 1348 723 lucernis
1368 665 1477 723 noctu
1507 674 1612 722 usum
1641 677 1715 723 esse
1736 653 1913 738 adsiduis,
1944 654 2059 722 donec
2080 651 2191 746 quin·

146 769 240 843 lere?
271 763 343 837 Sed
367 783 538 855 quorsum
563 757 688 837 attinet
710 752 769 826 hic
798 758 971 848 prolixius
993 756 1143 847 scripto-
1193 756 1433 850 quagesimnm
1450 778 1585 825 annum
1604 756 1731 847 attigit.
1781 754 1993 826 Didicerunt
2008 755 2106 825 enirn
2122 777 2192 825 usu

145 895 227 945 rum
245 857 431 967 ἐγκώμιον
446 861 584 933 texere?
618 857 720 948 Quin
734 859 802 948 ipsi
817 859 1013 951 pericnlum
1026 857 1143 942 facite,
1194 857 1461 951 prudentissimi
1477 853 1660 941 homines,
1685 880 1792 951 quam
1808 881 1884 933 non
1900 856 2057 948 vulgaris
2076 855 2193 928 artili-

148 973 235 1069 quid
255 994 297 1040 ex
317 964 471 1038 classicis
488 962 638 1057 quisque
654 974 824 1053 praestet,
851 975 983 1055 quanta
1005 959 1143 1053 perspi·
1195 961 1245 1031 cis
1258 961 1322 1041 sit,
1349 960 1506 1029 dilucide
1519 972 1668 1053 apteque
1683 961 1811 1029 dicere.
1864 956 1970 1030 Alex
1986 958 2201 1043 nostrisin·v

148 1075 278 1148 cnitate
291 1069 471 1160 gratiaque
493 1064 614 1135 omnia
630 1064 795 1155 explicet,
822 1089 927 1157 quam
942 1065 1144 1156 prudenter
1197 1063 1347 1134 renibus
1389 1063 1669 1155 quotusquisque
1710 1063 1767 1131 vel
1806 1076 1979 1154 perpetuo
2012 1061 2192 1131 decennio

148 1175 270 1250 omnia
286 1172 438 1259 colligat,
464 1191 554 1260 quae
568 1167 613 1235 ad
631 1166 832 1236 institutum
848 1167 1039 1256 pertinent.
1065 1164 1145 1235 Nisi
1195 1189 1308 1237 unum
1324 1164 1479 1257 aliquem
1494 1163 1708 1235 versiculum
1722 1165 1876 1235 scribere
1895 1163 2077 1235 instituit?
2110 1161 2193 1234 Ple,

150 1279 247 1352 enim
263 1277 307 1344 ad
322 1269 453 1342 horum
469 1268 704 1340 imitationem
722 1282 755 1339 te
769 1292 973 1360 componas,
999 1289 1145 1361 prorsus
1195 1269 1298 1361 rique
1316 1265 1617 1357 compendiariam
1636 1269 1730 1335 viam
1745 1268 1789 1336 ad
1806 1268 2092 1359 consequendam
2108 1289 2194 1336 ern-

151 1377 371 1471 desperanda
387 1385 439 1443 est
454 1385 548 1441 recte
559 1370 702 1441 dicendi
719 1370 973 1465 iudicandique
986 1371 1145 1442 facultas.
1197 1372 1370 1442 ditionem
1386 1392 1460 1439 esse
1473 1380 1637 1449 censent,
1661 1369 1812 1462 siquam
1835 1368 1988 1461 plurima
2010 1368 2194 1439 audierint

152 1484 337 1575 Superest,
369 1488 411 1547 nt
434 1475 631 1543 indicemus
662 1485 697 1543 et
723 1474 870 1543 alteram
892 1497 1051 1557 cansam,
1082 1493 1146 1541 cnr
1199 1487 1259 1543 aut
1271 1473 1434 1560 legerint.
1462 1469 1585 1563 ltaque
1600 1471 1662 1539 alii
1677 1483 1770 1542 totos
1785 1471 1860 1539 dies
1874 1493 2016 1541 sumum
2031 1493 2072 1541 ac
2087 1471 2194 1541 deon

152 1583 374 1677 eloquentiae
389 1574 517 1649 studiis
532 1576 705 1647 iudicium
723 1575 803 1646 acui
825 1577 1062 1648 statuerimus.
1106 1572 1146 1640 ld
1198 1599 1277 1646 snm
1290 1587 1451 1656 currunt,
1466 1569 1604 1642 scholas
1618 1596 1740 1643 omnes
1756 1570 1969 1664 pe‘rreptant,
1987 1585 2195 1664 praecepto*

151 1711 237 1757 vero
255 1685 313 1768 lit,
338 1683 434 1774 quod
450 1680 540 1748 bene
555 1677 699 1748 dicendi
714 1701 797 1747 cura
820 1702 884 1769 per
899 1700 973 1746 sese
990 1676 1144 1766 vegetio·
1200 1700 1255 1747 res
1277 1675 1406 1767 passim
1428 1676 1598 1764 andiunt,
1627 1674 1872 1768 miranturque
1888 1698 1962 1745 non
1982 1674 2194 1760 intellectus,

152 1813 228 1860 rem
241 1785 402 1857 animum
419 1781 555 1864 reddit,
577 1780 718 1872 utquid
735 1779 773 1848 in
789 1803 929 1873 quaque
944 1805 981 1849 re
998 1778 1147 1848 maxime
1200 1780 1327 1850 dictata
1342 1776 1543 1871 excipiunt,
1568 1777 1768 1846 uncialibus
1782 1777 1895 1847 literis
1915 1772 2082 1847 elenchos
2098 1800 2196 1847 corn-

153 1887 356 1970 conveniat,
381 1897 443 1954 aut
460 1883 582 1975 prosit,
609 1883 738 1951 rectius
753 1882 949 1973 perspiciat.
1003 1880 1093 1950 Nam
1109 1891 1149 1948 ut
1200 1879 1454 1951 mentariorum
1475 1893 1619 1962 notant,
1646 1880 1758 1947 minio
1777 1880 1965 1950 illustrant.
2017 1877 2061 1949 ln
2076 1878 2196 1972 precio

154 2012 342 2083 corporum
359 1987 471 2055 robur
488 1983 653 2053 exercitio
679 1984 884 2052 confirmari
903 1985 1075 2067 videmus,
1099 1982 1148 2049 ita
1201 1997 1285 2053 sunt
1296 1982 1521 2073 interpretes,
1545 1982 1729 2074 quiquam
1753 1982 1905 2074 plurima
1921 1981 2091 2052 dictando
2107 1994 2196 2051 tem,

155 2093 233 2165 fieri
259 2088 400 2182 nequii,
437 2087 525 2178 quin
551 2079 742 2154 h0b²⁸⁰³111
768 2109 890 2156 e0ru¹11
917 2086 1047 2163 animi,
1086 2081 1148 2176 qui
1203 2108 1269 2176 pus
1292 2079 1502 2167 extrahunt,
1532 2107 1598 2152 nec
1617 2083 1805 2176 quisquam
1826 2084 1967 2153 semisse
1991 2097 2196 2176 praecepto·

156 2195 258 2269 nullo
283 2190 468 2280 ingenioso
500 2188 623 2256 labore
651 2187 859 2259 excitantur.
910 2185 1056 2257 Nemini
1082 2186 1151 2253 dn·
1203 2211 1276 2257 rem
1292 2185 1428 2264 emerit,
1455 2184 1518 2278 qui
1533 2185 1576 2254 ab
1593 2181 1928 2255 hacconsuetudine
1944 2187 2001 2256 vel
2016 2201 2196 2257 transver-

156 2302 256 2370 bium
282 2307 351 2372 est,
378 2290 466 2383 quin
487 2290 640 2358 multum
666 2290 840 2358 conducat
863 2291 1039 2358 bonorum
1063 2286 1151 2356 scri·
1203 2313 1280 2359 sum
1295 2309 1450 2375 unguem
1467 2286 1675 2358 discesserit.
1728 2286 1887 2358 Rursum
1905 2287 1965 2356 alii
1982 2290 2092 2358 domo
2111 2309 2196 2359 nnt-

157 2412 302 2494 ptorum
323 2392 443 2462 lectio:
472 2387 608 2459 Verum
628 2389 698 2458 nisi
718 2392 762 2458 ad
784 2389 881 2458 illam
897 2389 1075 2459 scribendi
1095 2386 1152 2455 di·
1204 2414 1309 2483 quam
1334 2391 1459 2480 pedem
1484 2390 1686 2478 proferunt,
1712 2390 1884 2482 librisque
1900 2413 1937 2458 se
1952 2402 2126 2483 tanquam
2143 2390 2196 2482 pi.

157 2497 332 2590 cendique
349 2493 568 2563 consuetudo
587 2491 786 2575 accesserit,
816 2515 931 2584 neque
955 2489 1151 2583 perspicere
1203 2494 1315 2562 strino
1346 2492 1488 2560 cuidam
1516 2491 1706 2577 addicunt,
1737 2487 1875 2562 chartas
1902 2493 2053 2563 volvunt
2077 2514 2119 2561 ac
2144 2516 2198 2563 η.

159 2602 242 2674 satis
265 2609 365 2668 acute
389 2593 520 2685 poteris
548 2591 694 2661 illorum
716 2595 907 2662 sententias
929 2619 969 2662 ac
991 2593 1153 2674 virtutes,
1205 2595 1372 2679 volvunt,
1397 2596 1520 2663 beatos
1542 2601 1577 2662 s'e
1598 2606 1744 2684 putant,
1770 2594 1833 2663 ubi
1848 2594 2010 2687 qnotidie
2028 2615 2197 2682 magnum

158 2726 275 2797 neque
306 2698 425 2770 animo
453 2708 583 2765 certam
613 2694 795 2763 indicandi
821 2694 1153 2788 commentandique
1206 2718 1394 2766 numerum
1416 2691 1617 2765 chartamm
1639 2695 1890 2786 percurrerint.
1941 2691 2002 2775 An
2018 2719 2094 2767 non
2110 2696 2198 2769 utri,

159 2804 319 2896 regulam
341 2795 538 2889 concipere.
588 2793 781 2884 Propterea
803 2798 846 2867 ad
876 2798 1151 2888 comparandam
1208 2822 1275 2893 qne
1308 2797 1430 2866 miseri
1463 2798 1649 2878 videntur,
1693 2822 1784 2870 cum·
1807 2811 1907 2869 tanto
1941 2800 2081 2885 labore,
2121 2812 2198 2871 tan·

70 2966 76 2976 .
160 2923 237 2980 tum
261 2899 452 2996 loquendi,
485 2913 561 2970 tum
589 2897 772 2968 iudicandi
799 2900 1019 2983 facultatem,
1057 2894 1154 2966 nihil
1206 2915 1312 2993 taque
1349 2899 1564 2970 valetudinis
1598 2899 1731 2970 iactura
1766 2900 1926 2993 desipere
1968 2913 2109 2973 tantum
2146 2901 2198 2973 di..

160 3008 311 3104 perinde
333 3001 571 3072 necessarium
595 3013 664 3083 est,
699 3012 804 3092 atque
827 3001 910 3095 styli
937 3001 1154 3071 exercitium.
1208 3015 1318 3074 scant.
1371 2999 1533 3072 Primum
1549 3000 1644 3070 enim
1662 3003 1731 3071 nisi
1747 3004 1838 3096 stylo
1855 3003 2025 3074 excitetur
2045 3003 2197 3090 animus,

162 3111 260 3201 Quid
285 3106 382 3178 enim
405 3103 503 3172 aliud
526 3102 667 3172 volebat
684 3098 876 3203 Ascanius,
908 3128 989 3173 cum
1010 3105 1155 3192 lingeret
1208 3129 1271 3197 per
1296 3093 1369 3172 sese
1395 3099 1569 3174 hebescit:
1602 3104 1732 3175 deinde
1760 3130 1840 3175 cum
1868 3105 2058 3177 immodica
2082 3129 2122 3176 ,e
2147 3106 2197 3177 γει

161 3237 231 3284 usn
250 3222 350 3302 patre
372 3205 579 3295 sapientiam
605 3217 812 3295 prognatam
828 3228 920 3291 esse,
940 3230 1046 3298 quam
1069 3204 1155 3274 assi·
1209 3205 1483 3291 auscultatione,
1508 3206 1564 3275 vel
1588 3206 1738 3278 lectione
1761 3209 1939 3292 obruunt,
1971 3207 2197 3298 ingeniorum

162 3318 234 3385 duo
253 3307 397 3381 dicendi
419 3306 752 3398 commentandique
770 3307 889 3377 studio
912 3309 1072 3377 animum
1096 3330 1157 3376 ex·
1209 3310 1338 3393 aciem,
1359 3308 1472 3407 siqua
1488 3308 1653 3398 contigit,
1680 3310 1898 3380 obtundunt.
1933 3306 2008 3381 Iam
2025 3323 2061 3383 et
2074 3312 2197 3384 ludicii

161 3412 344 3513 pergelieri
359 3433 399 3478 ac
416 3408 576 3480 erudiri?
609 3404 771 3501 Reliquit
785 3409 823 3477 in
839 3433 916 3479 eam
933 3400 1156 3497 sententiam,
1209 3411 1329 3501 inopia
1352 3411 1412 3495 lit,
1447 3423 1487 3480 ut
1510 3410 1583 3479 iere
1607 3411 1758 3502 pessima
1786 3434 1946 3505 quaeque
1974 3413 2200 3506 cupidissime

162 3519 306 3609 diguam
322 3513 529 3582 memoriam
552 3510 765 3601 posteritatis
779 3535 901 3581 vocem
917 3508 1158 3602 Anaxagoras,
1210 3512 1358 3596 audiant
1389 3536 1428 3581 ac
1457 3512 1594 3600 legant,
1627 3536 1673 3581 ne
1701 3538 1775 3582 non
1810 3516 1922 3585 mirlta
1953 3532 2200 3607 pervagentur.

164 3616 234 3712 τὴν
256 3617 385 3709 χεῖρα,
430 3607 566 3707 σοφίας
590 3607 716 3682 αἰτίαν
745 3607 859 3702 εἶναι,
899 3617 994 3705 qnod
1016 3613 1157 3681 videbat
1212 3613 1313 3703 Quos
1339 3614 1369 3683 si
1397 3613 1476 3705 quis
1507 3637 1570 3681 ceu
1605 3616 1752 3684 domum
1785 3629 1967 3686 revocatos
1997 3617 2202 3712 interroget,

144 3735 259 3791 ‘artes
282 3738 405 3786 omnes
423 3737 490 3783 usn
511 3712 725 3802 comparari,
750 3713 899 3809 ocioque
919 3715 1060 3803 ingenia
1086 3714 1158 3782 lere
1213 3717 1300 3809 quid
1329 3710 1395 3783 hac
1414 3714 1575 3784 discendi
1600 3716 1739 3785 ratione
1767 3731 1977 3811 sequantur,
2011 3722 2092 3814 quis
2115 3723 2201 3809 linis,

166 3821 391 3894 sterilescere.
433 3814 524 3885 Nam
542 3829 581 3884 ut
596 3809 817 3884 mechanicas
831 3830 922 3887 artes
940 3815 1157 3908 experiundo
1212 3841 1303 3911 quae
1320 3831 1410 3886 meta
1425 3816 1545 3886 animo
1568 3818 1748 3910 proposita
1764 3811 1829 3905 sit,
1854 3820 2027 3912 intelliget
2043 3848 2123 3894 non
2141 3826 2203 3896 ali.

166 3923 345 4003 discimus,
370 3940 486 4013 neque
502 3916 690 4009 quisquam
708 3929 781 3987 tam
796 3919 941 3988 demens
956 3931 1019 4003 est,
1046 3917 1107 4009 qni
1124 3940 1159 3985 se
1211 3934 1266 3990 ter
1294 3942 1334 3988 ac
1362 3932 1481 3989 mente
1509 3933 1646 4009 captos,
1679 3921 1766 4012 quid
1795 3937 1902 4013 agant
1932 3925 2079 3999 nescire.
2134 3926 2201 3999 Nee

167 4049 250 4097 mox
273 4021 426 4113 Apellen
457 4021 533 4088 fore
559 4017 730 4103 confidat,
761 4020 825 4089 ubi
853 4020 1062 4111 penicillum
1086 4018 1161 4109 pri·
1213 4020 1307 4091 euim
1324 4022 1380 4090 vel
1396 4021 1600 4106 sententias,
1622 4023 1679 4090 vel
1699 4046 1897 4095 sermonem
1914 4027 2203 4118 scriptorumob.

166 4150 266 4198 mum
293 4126 331 4191 in
356 4144 483 4192 manus
500 4120 693 4213 acceperit,
717 4120 767 4191 ita
786 4123 901 4192 multo
918 4144 985 4192 usu
1007 4121 1160 4191 assuela-
1212 4137 1364 4203 servant,
1390 4147 1470 4192 cum
1487 4123 1653 4192 imitandi
1668 4149 1750 4195 cura
1767 4141 1903 4206 vacent.
1942 4126 2102 4200 Tantum
2121 4156 2204 4203 000.

169 4229 292 4301 cienda
310 4247 410 4293 mens
426 4237 494 4307 est,
519 4237 561 4293 ut
574 4244 648 4297 sese
664 4223 779 4294 acrius
793 4225 832 4293 in
848 4225 970 4295 omnia
990 4224 1161 4295 intendat.
1212 4227 1256 4296 lis
1272 4226 1489 4317 auribusque
1513 4226 1699 4314 negocium
1718 4227 1872 4315 faciunt,
1898 4230 2040 4303 animus
2060 4232 2203 4307 interim

170 4329 295 4423 ltaque
324 4340 462 4397 tautum
495 4324 588 4418 stylo
619 4324 745 4397 tribuit
771 4324 915 4396 Marcus
945 4323 1091 4409 Cicero,
1121 4337 1162 4393 nt
1214 4325 1487 4417 Epimenideum
1510 4318 1689 4420 quendam
1710 4351 1875 4400 somnum
1890 4332 2042 4406 dormit:
2067 4349 2104 4408 et
2126 4360 2204 4408 eum

169 4434 345 4526 optimum
370 4442 404 4498 et
432 4426 769 4520 praestantissimum
792 4429 936 4497 dicendi
963 4428 1160 4497 effectorem
1214 4430 1354 4499 nullum
1375 4443 1509 4499 eertum
1532 4431 1711 4522 exemplar
1728 4432 1925 4523 exprimere
1948 4437 2135 4526 studeant,
2157 4438 2205 4523 fit,

169 4561 210 4609 ὅθ
237 4532 444 4622 'mimium
473 4551 545 4598 ⁰⁵⁸⁸
572 4529 770 4620 ⁸⁰flP⁸⁰¹5b
805 4531 998 4624 solitusque
1030 4531 1074 4600 sit
1100 4552 1163 4620 per
1214 4545 1255 4601 ut
1267 4544 1302 4601 et
1317 4532 1460 4601 dicendi
1480 4544 1514 4600 et
1530 4532 1712 4603 iudicandi
1728 4534 1819 4605 ratio
1834 4538 2059 4629 depravetur.
2114 4538 2207 4613 Gra«

169 4639 306 4718 ocium,
341 4633 428 4703 alias
450 4627 633 4705 eGraecis
654 4629 783 4702 Latina
804 4634 935 4716 lacere,
961 4632 1048 4702 alias
1071 4655 1162 4700 nova
1215 4634 1350 4705 tulatnr
1371 4634 1440 4703 sibi
1456 4630 1712 4706 Demosthenes
1726 4639 1820 4726 apud
1838 4634 2074 4711 Athenienses
2091 4643 2207 4715 diem.

170 4739 317 4821 cndere,
343 4736 430 4804 alias
445 4733 661 4816 declamare,
687 4758 756 4825 qna
779 4734 952 4804 industria
970 4748 1005 4806 et
1028 4733 1163 4824 ingenii
1216 4759 1296 4818 rus,
1328 4737 1423 4829 quod
1440 4736 1509 4827 ipsi
1523 4761 1586 4826 per
1601 4759 1674 4808 sese
1690 4762 1780 4831 qnae
1800 4741 1932 4831 optima
1956 4742 2027 4814 sint
2049 4758 2221 4820 cernant.

170 4840 243 4911 rim
266 4863 306 4908 ac
329 4840 487 4926 vigorem
518 4836 683 4905 tuebatur
710 4850 746 4906 et
773 4835 1012 4928 locupletabat
1038 4837 1163 4907 sacun-
1216 4835 1265 4907 At
1279 4861 1344 4908 nos
1359 4839 1441 4932 styli
1456 4840 1658 4909 exercitium
1677 4843 1920 4932 praedicamus
1933 4839 2008 4930 his,
2034 4848 2097 4940 qui
2113 4872 2209 4930 nun·

171 4941 279 5012 diam.
332 4937 391 5009 Sic
408 4939 503 5007 enim
522 4939 566 5006 de
581 4960 616 5004 se
632 4937 707 5028 ipse
731 4938 767 5006 in
782 4936 916 5023 Bruto,
940 4963 984 5008 ne
1000 4941 1088 5032 quid
1113 4952 1163 5007 te·
1217 4963 1322 5034 quam
1344 4940 1541 5032 periculum
1567 4943 1618 5011 rei
1639 4944 1816 5028 iecerunt,
1841 4968 1907 5016 nec
1927 4949 2209 5037 commodorum,

169 5066 266 5113 mere
284 5040 503 5110 comminisci
527 5039 665 5109 videar:
700 5064 766 5110 nos
782 5055 899 5112 autem
922 5064 996 5110 non
1020 5043 1165 5112 desiste·
1217 5067 1307 5137 quae
1327 5067 1445 5112 secum
1462 5037 1547 5111 haec
1565 5046 1766 5115 exercitatio
1781 5049 1916 5132 adfert,
1942 5049 2015 5119 vim
2038 5054 2210 5146 amplitu.

170 5146 314 5229 bamus,
339 5167 419 5212 cum
436 5142 534 5210 omni
550 5164 676 5230 genere
697 5143 974 5223 exercitationis,
997 5158 1073 5215 tum
1089 5167 1165 5212 ma-
1217 5145 1409 5238 dinemqne
1425 5145 1481 5212 vel
1497 5170 1560 5238 per
1582 5160 1809 5218 transennam
1826 5150 2013 5233 viderunt,
2040 5179 2113 5248 qno
2135 5180 2211 5226 ma.

170 5249 264 5318 xime
281 5245 383 5339 stylo,
406 5256 565 5311 nostrum
581 5243 672 5312 illud
687 5246 784 5337 quod
799 5258 884 5329 erat,
910 5269 1036 5333 augere
1051 5270 1166 5339 quan·
1217 5248 1269 5336 gis
1291 5263 1430 5330 metuo,
1462 5271 1508 5317 ne
1529 5272 1655 5339 parum
1678 5251 1761 5319 fidei
1782 5247 1912 5323 habeat
1931 5256 2046 5326 oratio
2076 5271 2211 5345 nostra,

170 5364 389 5440 tumcnnqne
416 5358 500 5413 erat.
563 5341 820 5417 Demosthenes
852 5347 1063 5440 aliquandiu
1093 5371 1166 5415 me·
1217 5372 1297 5418 cnm
1319 5350 1410 5443 stylo
1433 5362 1572 5420 tantum
1594 5351 1798 5427 tribuimus.
1850 5352 1983 5426 Verum
2008 5357 2039 5427 si
2060 5360 2141 5454 quis
2161 5374 2212 5432 eet

171 5450 339 5521 ditandae
364 5445 536 5520 orationis
565 5471 667 5519 cansa
690 5471 727 5519 se
755 5449 795 5518 in
819 5471 961 5539 specum
987 5448 1166 5545 quendam
1218 5474 1293 5521 non
1317 5454 1422 5543 plane
1449 5452 1597 5549 iniquus
1620 5451 1755 5541 Musis,
1788 5456 1819 5527 is
1838 5460 1932 5549 apud
1957 5484 1994 5530 se
2023 5463 2208 5554 expendat,
