4664 6022
137 278 193 357 ss
640 256 803 341 unct.
836 255 913 337 nn
943 255 1225 339 nncosno
1255 229 1708 356 nnoounurran'·

140 474 226 527 sess
240 437 358 519 dixit?
391 434 495 531 Quid
514 434 657 507 civilius
673 458 713 507 ea
736 434 854 525 legum
873 434 1152 528 praedicatione,
1198 434 1356 523 abdidit,
1386 435 1578 531 feruntque
1600 435 1879 529 pertinacissime
1899 420 2073 508 fraudato
2090 435 2200 529 genio

141 572 253 653 μω
274 568 320 617 rx
337 534 616 617 Deumtheuica
636 536 799 610 oratione
820 533 917 610 κατὰ
941 531 1150 637 dpsnroyes'-
1199 536 1390 611 lucubrare
1425 538 1583 613 solitum.
1639 536 1774 634 Estque
1808 534 2022 612 Plutarchus
2055 535 2201 627 ¹author,

146 675 256 734 ωας
271 642 523 721 lurisconsulti
540 642 579 711 in
595 663 678 711 suos
698 641 971 713 commentarios
994 654 1153 715 transtu·
1200 640 1358 713 lucernis
1376 654 1487 713 noctu
1516 664 1621 712 nsum
1649 667 1724 712 esse
1744 643 1922 728 adsiduis,
1952 645 2068 713 donec
2088 643 2201 737 quin-

145 756 242 833 tus?
272 748 347 823 Sed
369 768 544 841 quorsum
570 742 696 821 attinet
718 736 777 813 hic
806 742 979 835 prolixius
1001 744 1152 836 scripto-
1202 744 1442 838 quagesimum
1459 767 1593 815 aunum
1612 745 1739 837 attigit.
1789 744 2001 817 Didicerunt
2017 745 2115 815 enim
2131 768 2202 816 usu

145 883 229 935 m
245 844 436 955 iynipssur
451 846 591 921 texere?
626 842 727 934 Quin
742 845 809 937 ipsi
825 847 1023 939 periculum
1035 846 1152 931 facite,
1202 845 1470 939 prudentissimi
1487 841 1668 932 homines,
1693 870 1800 941 qnam
1816 870 1892 919 non
1908 845 2066 938 vulgaris
2085 846 2202 919 artili-

148 962 239 1059 quid
256 980 301 1027 es
319 950 479 1025 classicis
494 949 646 1045 quisque
662 962 832 1040 praestet,
859 963 992 1043 quanta
1014 949 1152 1042 perspi·
1204 949 1254 1020 cis
1268 949 1331 1030 sit,
1358 949 1515 1019 dilucide
1528 960 1677 1042 apteque
1692 951 1819 1019 dicere.
1873 947 1922 1020 At
1937 974 1980 1020 ex
1995 950 2202 1021 nostrisiu·

149 1064 282 1139 coitate
292 1057 478 1149 gratiaque
500 1051 621 1122 omnia
638 1051 803 1142 explicet,
830 1075 936 1144 quam
957 1054 1154 1144 prudenter
1206 1052 1356 1122 venibns
1398 1052 1678 1145 quotusquisque
1718 1052 1775 1121 vel
1815 1066 1987 1145 perpetuo
2020 1052 2201 1123 decennio

149 1165 273 1241 omnia
288 1160 444 1246 colligat,
469 1178 561 1247 quae
575 1155 621 1224 ad
638 1154 840 1224 institutum
855 1154 1048 1245 pertinent.
1075 1152 1154 1224 Nisi
1203 1178 1317 1225 unum
1333 1154 1487 1248 aliquem
1503 1153 1717 1224 versiculum
1731 1154 1884 1225 scribere
1903 1154 2085 1225 instituit?
2118 1153 2203 1225 Pto.

151 1269 250 1341 enim
265 1265 311 1332 ad
326 1257 459 1330 horum
475 1256 712 1328 imitationem
730 1269 763 1326 te
778 1279 982 1347 componas,
1008 1278 1154 1349 prorsus
1205 1258 1307 1351 rique
1326 1255 1627 1346 compendiariam
1645 1258 1738 1325 viam
1753 1258 1798 1325 ad
1814 1258 2100 1348 consequendam
2116 1281 2204 1328 eru·

153 1365 376 1460 desperanda
392 1372 443 1430 cst
459 1358 710 1430 rectedicendi
728 1358 982 1454 iudicandique
995 1359 1154 1429 facultas.
1206 1361 1378 1430 ditionem
1395 1382 1469 1428 esse
1482 1371 1646 1439 censent,
1670 1359 1820 1452 siquam
1844 1358 1998 1451 plurima
2018 1359 2203 1431 audierint

153 1474 342 1564 Superest,
373 1476 416 1536 ut
440 1463 638 1531 iudicemus
669 1474 705 1531 et
731 1461 879 1530 alteram
900 1486 1061 1546 causam,
1091 1483 1156 1530 cur
1207 1476 1268 1533 aut
1281 1462 1443 1552 legerint.
1471 1458 1594 1555 ltaque
1608 1460 1671 1529 alii
1686 1472 1779 1531 totos
1793 1460 1869 1530 dies
1883 1482 2023 1531 sursum
2039 1484 2081 1532 ac
2095 1463 2203 1533 deor-

153 1571 379 1667 eloquentiae
393 1564 523 1639 studiis
538 1564 713 1635 iudicium
732 1564 811 1633 acui
833 1565 1071 1637 statuerimus.
1114 1563 1155 1631 ld
1208 1588 1286 1636 sum
1299 1577 1461 1648 currunt,
1475 1559 1612 1634 scholas
1626 1587 1749 1633 omnes
1765 1575 1978 1655 perreptant,
1996 1577 2204 1656 praecepto*

153 1701 241 1747 vero
258 1675 317 1757 fit,
342 1671 438 1764 quod
455 1666 706 1737 benedicendi
722 1689 806 1735 cura
829 1691 893 1758 per
908 1689 982 1736 sese
998 1664 1153 1755 vegetio·
1208 1688 1264 1737 res
1286 1666 1416 1757 passim
1437 1667 1607 1756 audiunt,
1635 1665 1881 1758 miranturque
1896 1689 1972 1736 non
1991 1665 2203 1752 intellectos,

154 1805 231 1852 rem
244 1777 407 1849 animum
424 1770 561 1854 reddit,
583 1783 624 1839 ut
640 1769 726 1861 quid
744 1769 782 1837 in
797 1792 938 1863 quaque
953 1793 991 1838 re
1007 1767 1157 1837 maxime
1209 1769 1338 1839 dictata
1351 1768 1551 1862 excipiunt,
1577 1768 1777 1837 uncialibus
1791 1767 1903 1838 literis
1923 1763 2091 1838 elenchos
2107 1792 2205 1839 com,

155 1878 360 1961 eonveniat,
385 1887 449 1944 aut
466 1873 590 1966 prosit,
616 1872 746 1942 rectius
761 1873 958 1963 perspiciat.
1011 1869 1102 1940 Nam
1118 1882 1157 1938 ut
1209 1870 1464 1941 mentatiorum
1485 1882 1628 1952 notant,
1653 1870 1767 1939 minio
1785 1870 1973 1941 illustrant.
2025 1867 2071 1939 ln
2085 1870 2204 1963 precio

155 2004 346 2077 corporum
364 1979 477 2047 robur
494 1974 661 2044 exercitio
686 1974 891 2043 confirmari
911 1975 1084 2056 videmus,
1109 1971 1157 2040 ita
1210 1988 1295 2045 sunt
1307 1973 1531 2063 interpretes,
1554 1972 1738 2064 quiquam
1761 1972 1914 2063 plurima
1929 1972 2099 2043 dictando
2115 1985 2204 2043 tern-

156 2088 235 2158 ficri
261 2081 405 2176 nequit,
441 2077 531 2172 quin
558 2071 749 2147 hebescant
776 2100 899 2146 eorum
926 2076 1057 2153 animi,
1095 2072 1159 2167 qui

157 2188 261 2261 nullo
286 2183 474 2274 ingenioso
507 2179 630 2249 labore
658 2179 867 2251 excitantur.
919 2175 1065 2248 Nemini
1091 2177 1161 2244 du-

156 2294 259 2363 bium
284 2301 355 2367 est,
382 2283 471 2378 quin
493 2280 648 2351 multum
674 2282 849 2351 conducat
872 2282 1047 2349 bonorum
1072 2276 1160 2346 scri-

158 2408 305 2489 ptorum
327 2387 449 2458 lectio:
478 2381 614 2452 Verum
636 2381 705 2450 nisi
725 2384 770 2451 ad
791 2381 889 2450 illam
905 2379 1084 2450 scribendi
1104 2378 1161 2446 di-

158 2495 335 2587 cendique
352 2487 574 2559 cousuetudo
593 2482 792 2566 accesserit,
823 2506 939 2575 neque
962 2480 1160 2575 perspicere

159 2598 245 2671 satis
267 2605 370 2667 acute
394 2586 526 2679 poteris
554 2586 699 2654 illorum
722 2586 914 2655 sententias
936 2609 977 2654 ac
1000 2583 1161 2666 virtutes,

159 2724 277 2795 neque
308 2693 429 2765 animo
457 2701 588 2758 certam
618 2686 800 2756 iudicandi
828 2685 1161 2778 commentandique

160 2802 321 2893 regulam
343 2790 542 2882 concipere.
593 2785 786 2877 Propterea
810 2791 853 2859 ad
883 2787 1160 2880 comparandam

159 2923 238 2979 enm
263 2893 456 2993 loquendi,
489 2906 566 2963 turn
595 2889 777 2961 isnlieandi
805 2891 1025 2973 facultatem,
1065 2883 1162 2957 nihil

161 3004 312 3103 perinde
336 2994 574 3069 necessarium
599 3006 668 3075 est,
704 3004 810 3085 atque
833 2993 915 3088 styli
944 2991 1162 3063 exercitium.

160 3109 261 3199 Quid
286 3102 384 3173 enim
407 3096 506 3167 alind
530 3094 671 3165 volebat
690 3090 882 3180 Ascanius,
914 3119 995 3165 cum
1018 3096 1162 3183 fingeret

161 3236 231 3285 usn
252 3220 352 3300 patre
374 3198 582 3289 sapientiam
609 3208 817 3289 pugnatam
833 3219 925 3282 esse,
947 3221 1052 3290 quam
1076 3193 1162 3265 assi·

161 3316 235 3385 den
253 3300 398 3379 dicendi
421 3298 757 3393 consmentsndiqne
776 3298 895 3371 studio
918 3299 1077 3369 animum
1102 3319 1163 3366 ex·

163 3406 402 3515 perpederint
419 3402 580 3473 erardiri?
614 3398 776 3497 lleliquit
791 3402 828 3471 in
844 3425 921 3473 eam
939 3392 1163 3489 sententiam,

161 3518 308 3609 dignam
324 3506 532 3577 nsenusriasn
556 3504 769 3597 posteritatis
785 3528 906 3575 vocem
924 3499 1164 3593 Anaxagoras,

165 3644 234 3715 ψ
256 3614 388 3711 χήρα,
431 3602 569 3705 erupisse
592 3600 720 3677 alsien
749 3599 865 3695 εἶναι,
903 3608 999 3699 quod
1022 3603 1163 3672 videbat

144 3736 258 3795 cartes
280 3734 407 3787 censam
425 3732 492 3781 nsn
512 3704 729 3799 eassnparari,
754 3706 903 3801 serioque
924 3705 1066 3795 ingonia
1092 3705 1164 3773 lere

164 3824 393 3901 ansteum.
436 3810 526 3883 asse
545 3824 583 3879 nt
599 3802 821 3879 mairanicas
835 3822 927 3881 artes
945 3807 1163 3901 experiundo

163 3926 345 4003 distinere,
371 3936 488 4011 sseqne
503 3912 693 4007 qnisquam
712 3922 784 3983 tarn
799 3912 945 3981 demens
961 3923 1025 3995 est,
1051 3908 1112 4004 qui
1129 3931 1164 3978 se

165 4052 248 4105 m
272 4022 426 4115 Apellen
458 4016 535 4089 aare
560 4012 733 4097 rasssblat,
764 4013 828 4085 ubi
858 4012 1067 4107 penicillum
1091 4011 1166 4102 pri-

165 4152 264 4207 nmsn
292 4126 329 4195 in
356 4140 485 4193 marens
504 4114 696 4213 arrepserit,
718 4116 769 4189 lta
789 4116 904 4189 multo
922 4138 990 4187 usn
1012 4115 1165 4185 assuefa-

165 4234 291 4307 daada
309 4244 411 4297 nm
424 4236 496 4307 est,
521 4232 650 4291 estsere
664 4218 781 4291 sedeo
797 4220 834 4291 in
850 4220 974 4291 ornnia
996 4217 1167 4288 intendat.

169 4332 293 4431 lraspsae
322 4342 463 4397 sansana
496 4322 590 4417 stylo
620 4320 748 4395 trilasit
775 4320 918 4395 Marcus
948 4318 1095 4403 Cicero,
1126 4329 1166 4387 ut

165 4436 344 4535 ussum
367 4444 401 4499 et
431 4422 771 4523 prudentissimum
794 4424 938 4495 diremti
966 4422 1165 4493 ellectorem

166 4566 201 4615 μ
235 4534 444 4625 saepissume
471 4548 546 4597 esse
573 4526 772 4621 seripnerit,
806 4527 1002 4623 nditnsqne
1033 4526 1079 4596 sit
1104 4547 1168 4618 per

164 4666 304 4723 assem„
339 4634 426 4707 aaa
448 4654 467 4693 a
485 4628 633 4701 laesereis
657 4626 785 4701 latina
806 4630 938 4712 faeere,
964 4628 1052 4699 alias
1075 4651 1166 4697 nova

164 4758 316 4825 amasa,
342 4736 661 4817 aliasdaslssnase,
686 4758 756 4828 qna
781 4731 955 4802 indsntria
973 4745 1007 4804 et
1032 4729 1166 4821 ingenii

169 4868 240 4925 pau.
264 4866 299 4911 aa
332 4860 487 4925 nea-um
517 4838 682 4905 ssutnnn
710 4850 746 4907 et
775 4833 1015 4926 locupletabat
1042 4836 1167 4905 lacun-

167 4964 278 5023 ama.
329 4942 384 5013 bn
406 4962 503 5009 anem
520 4942 566 5007 ds
581 4960 616 5005 se
634 4938 707 5029 ipss·
732 4938 767 5009 in
784 4934 918 5023 llrntn,
943 4938 1091 5031 nequid
1116 4949 1167 5005 tc·

166 5074 260 5127 ma
280 5066 501 5117 semestres
529 5042 664 5109 sidem<
701 5064 767 5111 ness
782 5054 900 5111 sertem
924 5064 999 5109 nrm
1023 5040 1169 5112 desiste-

166 5160 311 5233 mse,
336 5171 417 5217 strn-
433 5142 532 5213 meni
549 5164 677 5231 aalma
695 5142 977 5223 esmitatinnis.
1001 5158 1076 5215 tnm
1093 5164 1168 5211 ma-

168 5280 260 5331 m
278 5262 377 5349 apsa,
404 5268 564 5317 mensem
581 5248 670 5317 illaad
686 5246 783 5341 qsnnl
799 5258 885 5329 erat,
911 5269 1039 5334 attgere
1054 5269 1169 5340 quan-

166 5372 386 5451 mmps
413 5362 486 5419 ssd
564 5342 821 5419 trecea-dmm
853 5348 1064 5443 aliquandiu
1095 5371 1169 5416 me-

242 5460 337 5537 m
359 5462 536 5527 manens
563 5472 667 5523 sesses
690 5474 727 5521 ss
756 5450 794 5523 in
819 5472 963 5543 specum
988 5450 1167 5547 quendam

1213 2097 1278 2167 pus
1302 2068 1511 2156 extrahunt,
1542 2073 1813 2166 necquicquam
1834 2074 1975 2144 semisse
1998 2089 2204 2168 praecepto-

1212 2200 1286 2248 rem
1301 2174 1437 2254 emerit,
1464 2173 1528 2268 qui
1542 2175 1585 2244 ab
1602 2170 1936 2246 hacconsuetudine
1953 2178 2008 2246 vel
2024 2192 2204 2249 transver-

1212 2302 1290 2349 sum
1305 2298 1460 2365 unguem
1475 2276 1685 2348 discesserit.
1736 2274 1895 2348 Rursum
1913 2278 1973 2347 alii
1989 2281 2100 2350 domo
2118 2302 2204 2351 nus·

1213 2402 1318 2475 quam
1344 2380 1467 2470 pedem
1493 2379 1694 2469 proferunt,
1720 2379 1892 2473 librisque
1908 2404 1945 2450 se
1960 2394 2134 2475 tanquam
2150 2382 2204 2475 pi·

1212 2484 1325 2553 strino
1356 2481 1496 2551 cuidam
1524 2480 1714 2567 addicunt,
1745 2476 1884 2553 chartas
1910 2483 2061 2554 volvunt
2085 2506 2126 2554 ac
2151 2508 2205 2555 res

1214 2586 1381 2669 volvunt,
1406 2585 1527 2652 beatos
1549 2595 1752 2674 reputant,
1778 2584 1841 2653 ubi
1856 2584 2017 2678 quotidie
2035 2607 2206 2674 magnum

1214 2709 1402 2758 numerum
1424 2679 1625 2754 chartarum
1647 2686 1898 2776 percurrerint.
1949 2681 2010 2766 An
2026 2710 2102 2758 non
2116 2689 2206 2761 utsi-

1215 2812 1284 2884 que
1316 2787 1436 2856 miseri
1470 2786 1656 2868 videntur,
1702 2812 1792 2859 eum
1814 2801 1915 2860 tanto
1948 2790 2089 2877 labore,
2127 2805 2206 2863 tan·

1214 2906 1319 2984 taque
1356 2889 1571 2960 valetudinis
1606 2888 1738 2959 iactura
1773 2890 1933 2983 desipere
1974 2903 2116 2965 tanturn
2152 2893 2206 2966 di-

1216 3004 1325 3063 scant.
1378 2988 1541 3061 Primum
1556 2990 1652 3060 enim
1669 2993 1738 3060 nisi
1753 2993 1845 3087 stylo
1862 2994 2032 3067 excitetur
2051 2995 2204 3082 animus,

1216 3116 1277 3187 per
1303 3082 1376 3162 sese'
1402 3087 1576 3163 hebescit:
1609 3093 1739 3164 deiude
1767 3120 1847 3166 cnm
1874 3095 2065 3168 immodica
2088 3120 2128 3169 se
2153 3098 2204 3170 vel

1215 3194 1490 3280 auscultatione,
1515 3194 1571 3264 vel
1594 3194 1746 3267 lectione
1767 3198 1947 3283 obruunt,
1979 3198 2204 3290 ingeniorum

1216 3299 1345 3383 aciem,
1366 3297 1480 3396 siqua
1495 3296 1660 3387 contigit,
1687 3300 1905 3371 obtundunt.
1941 3297 2015 3372 lam
2032 3315 2067 3374 et
2080 3305 2203 3377 indicii

1216 3400 1336 3492 inopia
1360 3400 1419 3484 fit,
1453 3413 1494 3470 ut
1517 3399 1590 3469 fere
1614 3401 1765 3492 pessima
1793 3425 1952 3497 quaeque
1981 3405 2207 3499 cupidissime

1216 3503 1365 3585 audiant
1395 3525 1435 3571 ac
1465 3501 1601 3591 legant,
1634 3526 1680 3572 ne
1708 3527 1781 3573 non
1816 3506 1928 3576 multa
1960 3525 2206 3600 pervagentur.

1219 3603 1320 3693 Quos
1346 3603 1376 3673 si
1403 3602 1482 3696 quis
1514 3627 1578 3672 ceu
1612 3605 1758 3674 domum
1791 3622 1974 3679 revocatos
2002 3610 2208 3705 interroget,

1218 3706 1306 3800 qnid
1335 3700 1402 3774 hac
1420 3704 1581 3773 discendi
1606 3706 1745 3780 ratione
1773 3721 1984 3802 sequantur,
2016 3714 2098 3807 quis
2120 3716 2207 3802 linis,

1217 3832 1309 3903 quaa
1326 3821 1416 3878 meta
1430 3806 1551 3878 animo
1573 3810 1754 3901 proposita
1770 3810 1835 3896 sit,
1860 3811 2032 3905 intelliget
2049 3839 2128 3887 non
2146 3819 2209 3889 sli-

1217 3925 1272 3982 ter
1300 3934 1340 3980 ac
1368 3922 1486 3980 mente
1515 3922 1651 4000 captos,
1685 3912 1772 4004 quid
1801 3927 1908 4004 agant
1938 3916 2085 3991 nescire.
2138 3918 2206 3992 Nec

1218 4012 1314 4083 enim
1330 4013 1386 4082 vel
1401 4011 1606 4097 sententias,
1627 4013 1683 4082 vel
1704 4037 1902 4086 sermonem
1919 4019 2134 4111 scriptorum
2147 4024 2208 4094 ob

1218 4127 1369 4194 servant,
1395 4138 1475 4184 curn
1492 4113 1658 4184 imitandi
1673 4141 1756 4186 cura
1773 4133 1909 4198 vacent.
1947 4119 2107 4193 Tantum
2125 4148 2209 4196 ocu·

1219 4219 1262 4288 lis
1278 4217 1494 4311 auribusque
1518 4217 1704 4308 negocium
1723 4220 1877 4308 iaciunt,
1903 4222 2045 4295 animus
2066 4225 2209 4299 interim

1219 4316 1493 4411 Epimenidcum
1515 4322 1694 4413 quendam
1714 4342 1880 4393 somnum
1895 4325 2047 4397 dormit:
2071 4342 2107 4400 et
2131 4352 2208 4400 cum

1219 4422 1360 4492 nullum
1381 4436 1514 4492 certum
1537 4422 1716 4515 exemplar
1733 4424 1930 4516 exprimere
1952 4429 2139 4518 studeant,
2161 4431 2209 4516 n,

1219 4538 1259 4596 ut
1273 4538 1307 4595 et
1322 4523 1465 4595 dicendi
1484 4536 1519 4593 et
1535 4524 1718 4594 iudicandi
1733 4526 1824 4598 ratio
1838 4529 2064 4621 depravetur.
2118 4530 2210 4604 Grae

1221 4627 1355 4699 tulatus
1375 4626 1444 4696 sibi
1461 4621 1717 4698 Demosthenes
1731 4630 1824 4720 apud
1842 4625 2079 4704 Athenienses
2094 4635 2211 4708 dictu·

1220 4753 1301 4814 rns,
1333 4731 1428 4823 qnod
1446 4728 1513 4820 ipsi
1528 4752 1590 4819 per
1605 4752 1678 4801 sese
1695 4753 1785 4824 qnae
1805 4733 1936 4824 optima
1959 4734 2031 4806 siut
2053 4751 2210 4812 cernant.

1221 4830 1270 4904 At
1283 4856 1349 4902 nos
1363 4831 1445 4928 styli
1461 4832 1664 4901 exercitium
1681 4834 1923 4925 praedicamus
1937 4830 2012 4922 his,
2038 4840 2100 4932 qui
2116 4864 2212 4913 nun-

1221 4959 1326 5030 quam
1348 4934 1546 5026 periculum
1571 4935 1622 5004 rei
1644 4936 1820 5019 iecerunt,
1845 4960 1911 5006 nec
1930 4943 2212 5030 commodorum,

1221 5061 1310 5133 quae
1330 5062 1449 5107 secum
1465 5031 1552 5106 haec
1569 5037 1770 5107 exercitatio
1787 5039 1920 5124 adfert,
1945 5041 2019 5111 vim
2042 5046 2213 5139 amplitu-

1221 5140 1413 5234 dinemque
1429 5138 1484 5208 vel
1501 5162 1564 5232 per
1586 5153 1813 5210 transennam
1830 5141 2016 5226 viderunt,
2043 5171 2117 5241 quo
2138 5173 2213 5219 ms-

1220 5242 1272 5333 gis
1295 5257 1434 5324 metuo,
1466 5265 1512 5311 ne
1532 5265 1658 5334 parum
1681 5242 1764 5311 lidei
1785 5236 1914 5315 habeat
1934 5248 2049 5319 oratio
2079 5264 2214 5338 nostra,

1220 5368 1300 5416 cum
1322 5343 1413 5440 stylo
1436 5357 1575 5415 tantum
1598 5343 1801 5418 tribuimus.
1853 5341 1987 5418 Verum
2011 5351 2042 5420 si
2063 5354 2144 5446 quis
2164 5368 2216 5427 est

1220 5472 1295 5521 non
1320 5449 1425 5542 plane
1452 5447 1601 5543 iniquus
1623 5444 1758 5534 Musis,
1790 5448 1821 5518 is
1840 5453 1935 5541 apud
1959 5476 1996 5522 se
2026 5456 2212 5548 expendat,
