4664 6022
143 333 221 407 att
603 324 764 404 nuel,
805 323 883 401 DE
915 315 1186 401 lo'ttaNNtt
1216 320 1737 404 REGIOMONTANO.
2125 336 2199 406 ets

140 503 326 634 &lo-³,
620 536 623 541 ·
954 529 1005 570 sn.
1030 506 1125 574 tots.
1167 507 1373 572 tterrarom
1394 501 1532 594 spacia,
1556 517 1591 575 et
1618 525 1746 596 corpus
1764 502 1932 575 discurrit
1958 528 2020 597 per
2041 502 2195 576 Germa-

941 598 1147 635 sem
1196 605 1313 686 uiam,
1343 602 1500 686 ltaliam,
1524 602 1769 692 Pannoniam,
1794 606 1898 678 discit
1921 604 2094 678 Graecam
2122 611 2194 679 lin-

284 714 360 799 ΗΘ
385 709 593 797 Iohanne
618 708 1003 827 Reqt‘omonlano.
1195 731 1313 799 guam,
1335 708 1524 801 etquidem
1537 708 1641 779 illum
1658 700 1872 802 peculiarem
1887 734 2085 780 sermonem
2097 709 2194 783 Geo-

214 874 224 928 Ι
302 874 309 928 Ι
387 872 414 928 D
450 875 457 927 Ι
567 870 593 925 Τ
622 870 660 927 m
741 868 794 923 252
924 867 991 923 Μ
1024 868 1040 921 d
1074 865 1134 919 ,Η
1196 810 1319 882 metris
1336 810 1538 904 proprium:
1566 813 1704 884 confert
1719 835 1800 884 suas
1813 813 2004 884 sententias
2018 837 2098 885 curn
2112 816 2193 885 aliis

228 885 365 1011 offudit,
395 883 563 1000 smne
580 909 626 998 tit.
645 890 748 1013 piget.
766 949 792 994 et
809 887 1146 996 iiq't'omfitiftbto'rtt
1196 913 1354 985 eruditis.
1407 912 1488 984 Noa
1511 916 1625 986 solum
1652 916 1775 987 scribit
1801 916 1876 1007 ipse
1897 916 2008 987 multa
2031 917 2110 986 usui
2135 919 2193 988 su-

244 962 292 1138 ἓξ,
303 1012 456 1137 Ifl'lff'bffi
469 1012 587 1136 fflhff
607 1011 750 1137 agpqnttm
771 1009 844 1064 ‘⁶¹¹⁸
866 1006 964 1065 Μ·
989 1007 1065 1062 ¹⁵⁴⁹·
1102 1005 1147 1061 cf·
1195 1031 1276 1088 tura
1291 1015 1459 1108 posteris,
1483 1016 1665 1089 sedetiam
1680 1014 1863 1089 machinas
1879 1043 1987 1089 manu
2004 1043 2065 1089 sua
2080 1021 2193 1091 sabri-

294 1101 311 1135 ⁰
332 1101 377 1138 Η.
410 1101 456 1138 ¹⁸
501 1103 537 1137 θ’
580 1099 607 1135 θ’
674 1119 683 1139 ’
1196 1133 1268 1205 cat,
1296 1119 1441 1191 instruit
1464 1122 1581 1212 praela
1607 1118 1874 1216 typographica.
1932 1120 2036 1192 Hauc
2058 1136 2192 1194 tautam

141 1248 277 1320 (propp,
314 1242 360 1316 de
400 1249 581 1316 poam
620 1245 1012 1341 pe9pom0„50„0‚
1057 1239 1148 1309 Ma.
1196 1222 1398 1296 varietatem
1414 1223 1591 1310 laborum,
1617 1226 1745 1315 ignava
1761 1239 1887 1296 natura
1904 1250 2020 1320 neque
2035 1227 2194 1317 suscipit,

141 1347 369 1435 thomarico,
395 1352 437 1421 g„
459 1349 746 1420 smmum
766 1343 908 1444 wau,
928 1344 1147 1440 Mwmmt
1196 1349 1312 1420 neque
1327 1326 1502 1396 sustinere
1521 1340 1645 1420 potest.
1697 1326 1767 1399 Sed
1785 1329 2044 1423 qualiscunque
2066 1332 2194 1399 umbra

138 1449 394 1548 ppgpmppfcg
416 1452 583 1523 „cnm
601 1448 648 1523 αὖ
662 1453 819 1522 gram,
839 1447 1035 1536 Mngopp,
1060 1446 1148 1519 Sal.
1196 1429 1369 1499 virtutum
1390 1428 1502 1521 ipsius
1527 1431 1564 1499 in
1589 1431 1653 1500 tali
1676 1433 1880 1502 narratione
1907 1431 2046 1503 ostendi
2069 1446 2195 1522 potest,

273 1552 464 1643 velam,
489 1553 772 1627 mathomum,
792 1548 1019 1648 profemre,
1195 1546 1330 1624 gratam
1346 1532 1448 1602 vobis
1463 1527 1555 1603 hanc
1571 1535 1944 1605 commemorationem
1960 1535 2035 1604 fore
2051 1559 2166 1627 spero.

197 1709 234 1727 ,,
357 1708 366 1726 ,
843 1706 851 1722 ,
966 1703 1015 1721 ,,
1137 1700 1145 1718 ,
1298 1633 1411 1705 Natus
1430 1648 1481 1705 est
1502 1635 1652 1707 loannes
1667 1633 1977 1727 Regiomontanus
2000 1637 2038 1706 in
2059 1639 2193 1729 oppido

143 1695 259 1780 lartio
277 1724 407 1800 gratias
424 1730 489 1797 ago
504 1703 581 1777 Deo
599 1722 743 1778 aeterno
761 1720 853 1798 patra
868 1706 1017 1777 Domini
1033 1715 1147 1774 nostri
1196 1737 1293 1808 Fun

322 1811 377 1829 ,,
510 1810 519 1825 ,
584 1809 593 1826 ,
689 1809 698 1827 ,
1095 1805 1104 1822 ,
1295 1737 1385 1818 ciee,
1413 1739 1469 1807 cui
1493 1762 1624 1810 nomeu
1648 1753 1700 1812 est
1721 1738 1830 1810 Mons
1847 1737 2000 1830 Regius,
2027 1743 2195 1835 quodque

145 1810 228 1886 lesu
244 1807 391 1897 Christi,
412 1811 595 1882 conditori
610 1810 701 1880 coela
716 1824 753 1880 et
767 1823 893 1893 terrae,
920 1821 954 1878 et
968 1802 1148 1878 Ecclesiae
1197 1854 1342 1933 propter
1358 1840 1573 1912 vicinitatem
1597 1842 1776 1936 plerisque
1801 1835 1955 1913 vatnam
1978 1857 2103 1911 nomm
2130 1856 2192 1913 m·

145 1939 231 2037 *Ψ
246 1915 424 2006 ‘'niem'‘
439 1927 474 1986 ‘t
489 1908 685 2033 humalm’
710 1936 784 1983 ⁰¹¹⁸
799 1935 880 2032 ⁰,¹¹¹,¹¹
895 1911 970 1981 5¹3⁰
985 1935 1050 1982 ⁸¹¹⁰
1067 1910 1147 1980 ΒΟ·
1197 1942 1365 2014 Parcutes
1388 1945 1496 2015 audio
1516 1944 1623 2015 luisse
1650 1941 1837 2030 honestos,
1866 1959 1900 2016 et
1922 1946 2105 2015 facultates
2129 1940 2195 2015 ha·

149 2042 248 2091 ΜΟ
282 2031 404 2092 ”mm
426 2015 506 2088 1⁰⁸³
530 2011 675 2089 Ch²¹⁸¹⁰
708 2028 743 2086 Εἰ
764 2013 903 2106 Sinum
928 2037 993 2085 ⁸¹¹⁰
1015 2025 1149 2097 *πεῖθ’
1197 2046 1315 2117 buisse
1330 2047 1537 2132 mediocres,
1560 2061 1601 2118 ut
1614 2061 1697 2119 sunt
1710 2073 1767 2119 res
1781 2048 1819 2116 in
1834 2047 1965 2119 nostris
1980 2047 2197 2139 municipiis,

148 2125 243 2218 quod
264 2116 350 2194 hacc
364 2121 547 2192 doctrinae
560 2120 678 2192 studia
694 2143 767 2188 nou
784 2117 896 2188 deleri
912 2115 1008 2190 sinit.
1033 2112 1148 2186 Eum·
1198 2152 1295 2220 unde
1319 2164 1510 2244 meumque
1533 2151 1665 2221 liberos
1688 2152 1840 2221 educare
1854 2165 1887 2221 e,
1910 2152 2053 2221 erudire
2068 2167 2197 2243 potue.

148 2249 220 2346 ‘luf
238 2239 314 2296 ¹⁰t⁰
338 2237 478 2344 ΜΨ
496 2247 580 2304 ⁰¹⁰⁹
607 2237 646 2295 ¹¹¹
666 2245 732 2343 ¹³1⁸
754 2223 946 2339 guberna?
972 2231 1007 2290 ‘t
1030 2217 1149 2337 3ωάξᾶ
1198 2267 1294 2324 runt.
1347 2250 1429 2325 Scio
1446 2267 1480 2324 et
1496 2256 1669 2347 quosdam
1687 2254 1724 2323 iu
1738 2277 1775 2323 ea
1792 2254 1926 2324 familia
1944 2267 2057 2338 natos,
2086 2255 2197 2324 colle·

147 2331 313 2412 adiuvet,
344 2351 385 2398 ac
411 2340 506 2396 auter
535 2350 600 2396 nos
631 2327 775 2415 colligat
796 2318 1049 2393 haereditatem
1073 2321 1148 2391 filio
1198 2357 1251 2447 εἰς
1271 2357 1403 2425 nom
1425 2372 1529 2429 „0103
1545 2357 1664 2426 fuisse·
1713 2353 1762 2427 Et
1778 2358 1860 2451 quia
1884 2379 1940 2425 m
1963 2358 2117 2428 ostendit
2137 2357 2196 2425 in·

148 2456 214 2502 ⁸¹¹⁰
232 2428 391 2500 D⁰¹⁰i¹¹⁰
407 2439 530 2497 ΜΝ
548 2424 626 2496 ¹³¹¹
642 2421 799 2508 (ΜΨ
818 2425 983 2496 “ucffim
1001 2448 1068 2519 ¹³¹⁰
1081 2447 1149 2493 ‘¹⁰'
1199 2458 1300 2549 genia
1325 2481 1462 2529 sumere
1484 2459 1636 2552 impetus
1657 2459 1795 2553 aliquos
1810 2485 1828 2529 a
1846 2460 2056 2530 coelestibus
2072 2460 2199 2544 causis,
2268 2514 2284 2545 ⁸.

1200 2561 1355 2632 recitabo
1371 2563 1476 2633 etiam
1494 2575 1644 2653 tempus,
1670 2588 1742 2656 quo
1757 2563 1794 2630 in
1811 2563 1924 2633 lucem
1943 2562 2058 2632 editus
2073 2578 2135 2646 est,
2161 2576 2196 2634 ct

1200 2665 1357 2734 siderum
1374 2665 1550 2757 positum,
1575 2689 1667 2758 quae
1682 2665 1840 2735 nascenti
1857 2664 2045 2739 iulsemnt.
2083 2664 2196 2736 Natus

1201 2780 1253 2836 est
1278 2767 1373 2837 iuxta
1389 2768 1554 2837 usitatam
1570 2768 1784 2838 numerandi
1805 2768 1979 2838 rationem
1995 2792 2092 2838 anno
2113 2767 2199 2837 mil·
2236 2793 2239 2799 ’

1202 2869 1326 2938 lesimo
1341 2869 1703 2961 quadringentesimo,
1724 2884 1821 2941 sexto
1836 2884 1870 2940 et
1885 2871 2076 2956 tricesimo,
2100 2885 2197 2942 sexto

1202 2973 1261 3041 die
1279 2970 1393 3051 lunii,
1414 2987 1537 3066 quarta
1555 2970 1640 3043 hora
1655 2987 1736 3065 post
1750 2973 1954 3054 meridiem,
1980 2974 2120 3043 minuto
2136 2971 2198 3044 40.

253 3071 344 3144 Cum
370 3089 487 3146 autern
513 3074 681 3145 usitatum
706 3069 842 3143 sithoc
864 3074 943 3143 loco
969 3074 1152 3142 interdum
1202 3070 1281 3144 Etsi
1306 3085 1423 3143 autem
1446 3075 1599 3166 optarim
1624 3077 1662 3145 in
1686 3076 1855 3145 omnibus
1881 3071 2039 3146 historiis
2062 3077 2200 3168 integra

150 3179 302 3253 recitare
332 3176 511 3247 clarorum
534 3177 694 3247 virorum
722 3170 908 3256 historias,
945 3175 1151 3267 praesertim
1203 3171 1357 3246 themata
1373 3199 1496 3245 eorum
1512 3191 1638 3260 extare,
1664 3178 1702 3246 in
1717 3178 1849 3270 quibus
1864 3178 1921 3247 vel
1937 3179 2080 3249 bonitas
2093 3195 2199 3249 natu·

150 3282 389 3363 eruditorum,
415 3280 498 3374 quia
513 3282 558 3349 de
572 3275 628 3349 his
642 3278 728 3370 ipsis
743 3278 878 3349 artibus
893 3302 981 3373 quas
996 3276 1153 3347 illustra·
1203 3302 1263 3349 rae
1288 3278 1472 3363 excelluit,
1499 3279 1556 3348 vel
1578 3293 1779 3350 monstrosa
1801 3281 2012 3371 perversitas
2033 3282 2118 3351 fuit:
2145 3296 2200 3351 ta-

151 3398 239 3457 runt
261 3384 370 3453 multa
389 3399 554 3467 monent,
581 3395 617 3451 et
636 3381 834 3452 recordatio
851 3380 975 3451 talium
992 3380 1153 3450 virorum
1204 3404 1286 3451 men
1303 3404 1385 3450 cum
1401 3395 1517 3452 totum
1533 3375 1651 3452 thema
1672 3383 1785 3453 oculis
1802 3382 1951 3452 iudicari
1967 3382 2095 3453 melius
2115 3407 2199 3474 pos·

155 3487 258 3558 bunis
280 3485 460 3556 mentibus
489 3499 584 3575 grata
608 3499 675 3555 est:
709 3484 837 3575 collegi
866 3508 965 3554 nunc
994 3482 1153 3577 qualern-
1204 3485 1267 3565 sit,
1293 3496 1545 3555 nunctautum
1567 3479 1805 3578 horoscopum
1823 3500 1857 3556 et
1881 3484 1957 3554 loca
1978 3486 2200 3577 planetarum

152 3613 295 3684 cunque
329 3587 571 3658 narrationem
606 3588 651 3656 de
687 3584 821 3658 Ioanne
853 3584 1154 3677 Regiomontano,
1204 3587 1328 3657 recito.
1379 3585 1464 3659 Fuit
1490 3583 1708 3681 horoscopus
1723 3588 2045 3682 quintusdecimus
2069 3591 2200 3678 gradus

153 3694 284 3787 partim
299 3717 340 3762 ex
358 3691 470 3783 ipsius
487 3690 643 3782 scriptis,
668 3690 797 3781 partim
815 3714 856 3759 ex
874 3690 941 3759 viri
957 3688 1153 3760 doctissimi
1204 3688 1364 3780 Scorpii,
1388 3688 1474 3775 sot,
1499 3689 1625 3776 Luna,
1651 3690 1799 3762 Marcet
1814 3688 2017 3761 Mercurius
2032 3692 2139 3761 simul
2161 3691 2199 3760 in

157 3795 303 3868 loannis
327 3787 502 3866 &honeri
527 3816 712 3882 sermone,
739 3817 830 3887 quae
855 3792 992 3862 etiamsi
1010 3791 1154 3862 brevior
1206 3790 1383 3874 Geminis,
1401 3796 1495 3887 quod
1514 3794 1654 3885 signum
1665 3794 1812 3864 minime
1827 3793 1999 3884 siguificat
2016 3793 2201 3879 feritatem,

153 3912 226 3980 est,
253 3920 319 3968 nec
342 3896 546 3966 aviditatem
568 3908 720 3968 vestram
744 3895 919 3989 explebit,
956 3909 1075 3966 tamen
1097 3893 1153 3964 iu·
1205 3899 1265 3966 sed
1289 3909 1452 3967 naturam
1473 3898 1711 3989 moderatam,
1735 3896 1908 3981 docilem,
1935 3909 1970 3967 et
1990 3897 2200 3989 disciplinae

154 4000 295 4072 ventuti
321 3999 494 4071 tradenda
516 4009 587 4083 est,
619 4013 660 4070 ut
682 4021 786 4068 nosse
810 4012 846 4070 et
867 3998 1038 4069 admirari
1056 3990 1155 4066 hunc
1205 3999 1390 4079 idoneam,
1424 3998 1552 4093 inqua
1578 4025 1659 4071 curn
1682 4013 1716 4070 et
1744 3999 1881 4070 lumina
1907 4000 2141 4069 convenerint
2165 4012 2201 4069 et

154 4101 428 4177 tantumvirum
452 4101 619 4193 incipiat,
642 4113 677 4171 et
691 4095 821 4171 hanam
843 4100 1002 4193 ipsarum
1023 4100 1154 4171 artium
1205 4100 1305 4172 Mars
1327 4117 1358 4172 et
1387 4099 1608 4186 Mercurius,
1640 4103 1709 4173 fuit
1729 4102 1914 4193 ingenium
1943 4126 2058 4196 neque
2082 4100 2201 4185 hebes,

155 4207 293 4279 semina
316 4227 406 4298 quae
429 4205 575 4299 sparsit,
607 4216 760 4295 appetat.
812 4199 860 4275 Et
875 4225 1081 4298 quanquam
1097 4202 1153 4272 in·
1205 4226 1450 4299 nequesegne.
1501 4201 1550 4277 Et
1572 4205 1766 4276 bonitatem
1783 4205 2052 4298 temperamenti
2073 4217 2202 4294 augent

155 4309 254 4404 genii
276 4305 329 4376 vis
359 4318 394 4377 et
420 4308 530 4393 acies,
571 4305 726 4376 eruditio
759 4319 794 4377 et
824 4305 949 4378 iudicii
979 4306 1154 4378 rectitudo
1207 4307 1341 4400 lupiter
1358 4308 1394 4376 in
1408 4304 1532 4392 Libra,
1560 4323 1594 4378 et
1608 4306 1730 4378 Venus
1745 4308 1784 4377 in
1796 4303 1949 4379 Cancro.
1981 4305 2198 4379 Necaddam

155 4413 346 4507 praecipue
370 4408 409 4480 in
426 4410 501 4481 eius
526 4408 768 4479 monumentis
784 4408 1072 4503 conspiciuntur,
1097 4432 1156 4479 ea-
1207 4411 1404 4500 longiorem
1421 4410 1696 4502 expositionem,
1721 4413 1780 4482 sed
1804 4411 1953 4481 eruditis
1971 4408 2201 4479 consideran·

157 4540 229 4613 que
256 4513 516 4584 animadversio
543 4512 701 4582 solorum
729 4512 904 4584 artificum
930 4527 997 4583 est:
1036 4527 1155 4583 tamen
1206 4514 1287 4583 dam
1302 4512 1484 4607 relinquo,
1510 4514 1571 4609 qui
1589 4514 1730 4598 vident,
1755 4514 1818 4608 qui
1836 4513 1971 4604 positus
1984 4513 2077 4581 vitae
2093 4511 2201 4580 mini-

157 4614 247 4691 haec
263 4616 555 4688 commemoratio
573 4617 617 4684 de
634 4615 832 4700 sedulitate,
857 4617 902 4685 de
917 4614 1023 4685 editis
1038 4614 1156 4707 operi·
1206 4628 1338 4687 tentur.
1390 4614 1461 4686 seu
1484 4616 1668 4707 ingeniiet
1684 4641 1825 4687 morum
1847 4615 2119 4704 significationes
2138 4637 2201 4682 ne-

158 4724 248 4804 bus,
274 4721 318 4789 de
337 4718 589 4789 certaminibus
605 4740 695 4810 quae
709 4717 741 4786 ei
765 4743 845 4788 cum
863 4718 1059 4788 artificibus
1079 4717 1158 4788 iue·
1207 4742 1384 4813 quaquam
1414 4733 1654 4810 praeposteras
1674 4743 1749 4790 esse
1771 4719 1989 4790 fatebuntur.
2048 4716 2202 4787 Fuerint

159 4837 266 4905 runt,
292 4823 336 4890 de
360 4819 723 4914 peregrinationibus,
748 4822 793 4891 de
817 4842 1038 4892 summorum
1061 4820 1159 4890 viro·
1207 4844 1290 4891 sane
1305 4822 1394 4892 laeta
1412 4835 1561 4891 naturae
1581 4822 1734 4906 semina,
1758 4821 1868 4891 fuerit
1889 4819 2070 4907 ingenium
2087 4818 2203 4889 docile

159 4950 243 4999 rum
276 4922 462 5009 amicitiis,
501 4946 583 4993 cum
609 4921 697 4991 alias
720 4923 850 4993 multas
876 4923 916 4992 in
940 4947 983 4995 eo
1009 4923 1158 4993 virtutes
1208 4937 1352 4995 etacre:
1379 4946 1495 5018 neque
1512 4936 1629 4993 tamen
1646 4923 1869 4995 aineadflatu
1885 4921 2009 4992 divino
2023 4934 2086 5009 tot,
2112 4936 2205 4994 tam-

158 5030 270 5102 iuissc
295 5026 471 5110 ostendit,
489 5039 567 5096 turn
591 5046 674 5093 vero
699 5038 734 5096 et
757 5023 891 5116 ingenii
909 5025 1000 5107 vim,
1026 5038 1062 5097 et
1081 5022 1160 5096 Eu-
1210 5050 1279 5119 que
1311 5025 1425 5095 varias
1457 5040 1549 5097 artes
1575 5028 1716 5118 penitus
1749 5026 1947 5116 percipere,
1983 5036 2038 5094 tot
2064 5026 2204 5114 linguas

159 5128 398 5206 thusiasmum
422 5124 597 5200 divinitus
619 5127 773 5197 inditum
800 5130 844 5198 ad
875 5122 940 5196 has
960 5142 1053 5198 artes
1075 5128 1161 5198 illu·
1211 5129 1364 5212 discere,
1397 5141 1515 5199 tantos
1538 5129 1693 5220 perferre
1715 5129 1871 5213 labores,
1897 5127 2004 5198 simul
2029 5127 2204 5210 discendi,

159 5234 345 5317 strandas,
391 5234 427 5300 iu
461 5252 504 5300 eo
536 5230 646 5301 fnisse
680 5230 801 5324 aliquo
837 5231 944 5299 modo
976 5230 1161 5322 significat·
1211 5231 1383 5314 docendi,
1414 5230 1612 5301 fabricandi
1639 5225 1841 5315 machinas,
1873 5229 2055 5324 spectandi
2083 5229 2203 5299 stella·

161 5332 341 5431 Equidem
360 5348 401 5405 ut
423 5331 586 5404 acumine
614 5332 691 5403 eius
713 5333 871 5404 delector
894 5331 934 5400 in
957 5332 1078 5417 libris,
1112 5333 1161 5405 its
1211 5357 1292 5403 rum
1325 5334 1417 5416 loca,
1452 5333 1634 5405 scribendi
1665 5333 1920 5406 eruditissimas
1951 5332 2205 5415 enarrationes,

162 5442 329 5512 ardorem
353 5435 467 5508 animi
490 5436 661 5506 admiror.
720 5433 837 5511 Simul
861 5448 897 5507 et
919 5456 1021 5507 mens
1035 5434 1161 5507 volitat
1212 5434 1402 5506 evolvendi
1418 5448 1471 5506 tot
1485 5430 1726 5531 labyrinthos,
1750 5437 1881 5507 mendi
1897 5437 2037 5508 tabulas
2053 5457 2144 5518 suas,
2170 5447 2205 5503 et

163 5565 230 5636 per
253 5539 455 5611 universam
479 5560 600 5626 rerum
623 5552 805 5624 naturam,
838 5537 985 5611 metitur
1013 5537 1104 5610 coeli
1127 5547 1163 5609 et
1211 5537 1364 5621 alienas,
1390 5538 1476 5609 item
1497 5532 1755 5628 Ephenierides
1780 5540 1969 5631 potuisset,
2000 5536 2206 5629 praesertim

224 5640 410 5715 Mensura.
438 5646 544 5712 Ona.
570 5643 656 5709 Vos.
682 5642 745 5710 XI.
1501 5636 1551 5710 52

149 2534 207 2604 bis
234 2545 269 2600 et
293 2529 522 2612 resuscitato,
556 2552 646 2622 quae
667 2529 779 2622 ipsius
802 2528 963 2600 bonitate
985 2530 1025 2597 in
1050 2550 1150 2597 orum

150 2631 358 2706 aeternitate
374 2630 525 2715 fruatur,
551 2644 587 2702 et
602 2654 683 2701 eum
697 2631 861 2702 celebret.
898 2627 996 2701 Haec
1009 2653 1149 2700 mecum

152 2758 216 2805 vos
233 2754 356 2803 omnes
378 2733 588 2803 ardentibus
602 2733 694 2803 votis
712 2745 831 2825 petere
845 2736 956 2804 decet.
1009 2731 1101 2802 Nam
1116 2745 1152 2801 et

151 2840 190 2908 in
208 2832 262 2904 his
276 2831 495 2905 scholasticis
510 2835 756 2924 congressibus
773 2835 952 2906 miscenda
969 2848 1054 2906 suut
1067 2845 1150 2904 vota

149 2937 554 3009 commonefactiouibus
568 2939 613 3007 de
627 2938 801 3011 doctrina.
