4664 6022
150 276 228 359 sss
641 348 643 353 ,
695 272 861 353 orca
890 273 967 351 nc
996 246 1200 363 rasse.
1232 274 1292 351 su
1320 226 1647 354 uuuouuu.¹
2110 278 2185 357 sss

152 452 330 547 Principis
352 453 395 527 sd
417 451 584 525 eximiam
600 451 768 522 virtutem
783 448 1016 539 instituendi,
1042 449 1145 542 fingit
1194 472 1267 544 quo
1288 448 1397 520 modo
1418 448 1597 527 duximus.
1654 448 1736 523 Non
1758 452 1902 545 disputo
1922 477 2020 527 nunc
2042 450 2088 525 dc
2112 466 2182 527 tota

152 552 363 629 Evandrum
384 556 577 645 adiungere
589 553 849 625 adolescentem
862 552 976 623 lilium
991 552 1145 639 Aeneae,
1196 551 1362 621 imitandi
1386 552 1542 638 ratione,
1567 554 1627 624 sed
1652 548 1721 625 lsoc
1739 579 1886 627 monere
1909 569 2049 628 tantum
2072 554 2183 643 volui,

153 671 189 729 et
217 658 419 750 praecipere
447 668 572 746 gnato,
611 667 653 726 ut
681 655 765 724 inde
793 676 813 723 a
844 653 957 746 prima
987 654 1144 748 puericia
1196 667 1361 745 oportere
1387 674 1454 726 nos
1476 654 1516 722 in
1540 649 1596 725 bis
1617 655 1745 727 studiis
1764 658 1897 729 nostris
1920 654 2054 731 bsberc
2073 670 2184 729 certas

154 757 312 831 Aeneam
334 759 497 849 effingere
517 769 553 827 et
569 755 704 827 imitari
715 757 867 833 studeat.
916 755 976 828 Sic
990 758 1086 829 enim
1100 758 1143 829 ad
1195 757 1365 850 quasdam
1388 755 1580 827 sententias
1599 780 1737 850 semper
1758 761 1808 829 ob
1827 760 1970 842 oculos,
1994 784 2038 831 ex
2055 758 2184 853 quibus

155 859 314 947 Aeneam
330 859 398 946 ait,
422 884 503 931 cum
519 858 573 928 illi
590 881 747 950 puerum
756 859 996 929 commendat:
1196 857 1253 926 vel
1274 859 1319 928 de
1341 857 1504 927 moribus
1523 859 1579 927 vel
1602 861 1648 929 de
1668 861 1775 932 rebus
1790 862 1870 932 aliis
1888 861 2060 934 iudicium
2078 860 2185 931 facis-

597 970 834 1031 rubtetotcrsrs
848 972 991 1049 magistro
1196 981 1294 1043 mus,
1327 972 1361 1029 et
1391 961 1437 1030 ad
1465 982 1554 1054 quas
1575 961 1769 1034 reseramus
1792 987 1876 1049 uos,
1908 987 2124 1057 quacunque
2143 963 2186 1035 dc

257 1069 401 1136 Militiam
415 1082 446 1133 et
459 1091 549 1152 grsvs
563 1068 669 1133 Martis
684 1092 778 1153 opus,
804 1082 857 1131 tus
870 1092 988 1132 cernere
1003 1071 1083 1133 lacta
1196 1085 1234 1131 re
1264 1060 1536 1152 disputabimus.
1617 1059 1757 1133 Deinde
1791 1066 1977 1159 quaedam,
1998 1066 2186 1147 struendae

256 1173 445 1252 Adsussost,
471 1175 578 1255 pumts
592 1186 622 1234 et
635 1187 666 1236 tc
679 1177 805 1234 munuc
817 1174 854 1232 ab
869 1177 967 1238 mnu.
1196 1164 1531 1256 componendaeque
1560 1163 1734 1234 orationis
1763 1169 1913 1237 tenenda
1944 1168 2060 1238 forma
2080 1174 2186 1239 estet

156 1267 279 1342 Sensit
301 1271 397 1339 enim
412 1268 521 1339 Poeta
541 1283 652 1340 artem
675 1268 772 1337 illam
790 1267 1010 1359 imperandi,
1036 1291 1145 1338 unam
1197 1259 1396 1346 character,
1422 1262 1549 1337 similis
1571 1266 1681 1336 veteri
1705 1279 1739 1337 et
1762 1292 1851 1360 pure
1867 1267 1998 1340 Latino
2019 1269 2187 1357 armoni,

156 1372 316 1442 omnium
336 1372 443 1460 longe
465 1369 819 1461 praestantissimam,
844 1369 1022 1439 nemiuem
1044 1371 1148 1440 adse-
1196 1391 1350 1460 quorum
1372 1379 1551 1460 utrunque
1574 1368 1671 1437 deest
1694 1368 1789 1453 istis,
1813 1370 1877 1465 qui
1898 1395 2012 1443 unum
2030 1366 2186 1455 huessa-

156 1472 218 1565 qui
234 1495 355 1565 posse,
383 1473 452 1542 uisi
466 1495 504 1541 se
518 1473 562 1542 ad
579 1470 729 1543 alicuius
742 1471 873 1540 summi
888 1471 957 1541 viri
976 1470 1147 1552 imitatio·
1196 1469 1297 1538 dium
1321 1464 1454 1538 babent
1476 1492 1540 1559 per
1559 1492 1683 1538 omnes
1696 1483 1837 1542 autores
1851 1472 2047 1560 grassandi.
2098 1468 2186 1545 Nam

156 1597 238 1642 nem
261 1587 374 1645 totum
398 1585 606 1664 componat,
625 1573 733 1643 'cuius
756 1572 866 1657 dicta,
892 1574 1002 1658 tacta,
1028 1573 1146 1643 consi·
1199 1594 1278 1641 cum
1296 1568 1372 1639 sinc
1386 1569 1524 1641 delectu
1537 1594 1661 1641 omnes
1673 1575 1865 1643 sententias
1879 1587 2092 1664 congerant,
2115 1596 2186 1647 non

156 1673 275 1768 liaque
301 1677 422 1746 omnia
451 1676 501 1747 ob
524 1674 647 1746 oculos
672 1675 784 1769 posita
809 1669 956 1761 babeat,
988 1677 1031 1743 ad
1057 1698 1147 1769 quae
1198 1684 1313 1763 potest
1338 1671 1434 1756 lieri,
1459 1685 1500 1742 ut
1522 1667 1673 1744 habeant
1695 1689 1807 1745 certas
1824 1675 1962 1769 aliquas
1976 1676 2187 1771 propositas,

156 1799 260 1846 suum
275 1779 349 1870 ipsc
366 1800 508 1847 cursum
523 1777 664 1865 dirigat.
719 1773 934 1869 Quanquam
949 1793 1066 1847 autem
1082 1773 1148 1846 bac
1198 1796 1285 1866 quas
1308 1772 1346 1841 in
1370 1773 1562 1843 iudicando
1583 1791 1788 1867 sequantur.
1840 1776 1980 1850 Deinde
1996 1778 2103 1849 citius
2118 1792 2186 1851 tota

157 1889 300 1949 nostrae
314 1893 406 1952 artes
424 1878 595 1967 dignitate
609 1878 716 1965 longe
733 1878 825 1946 infra
841 1880 933 1948 benc
948 1879 1145 1970 imperandi
1198 1899 1317 1944 rerum
1339 1889 1466 1945 natura
1488 1875 1702 1961 mutabitur,
1726 1901 1834 1972 quam
1855 1879 1916 1950 fiet
1933 1893 1976 1953 ut
1997 1880 2093 1953 iusta
2109 1904 2187 1954 ors·

157 1980 339 2049 scientiam
367 1981 502 2072 positae
522 2002 595 2050 esse
616 1977 879 2064 existimentur,
911 1995 1029 2050 tamen
1052 1981 1146 2050 diffi-
1199 1976 1307 2047 tionis
1324 1987 1500 2046 structura
1516 1991 1664 2047 utantur
1677 1974 1733 2066 hi,
1759 1980 1820 2074 qui
1836 2004 1912 2051 uon
1924 1984 1970 2051 ad
1984 1983 2186 2076 aliquorum

157 2081 287 2153 cultate
315 2082 370 2150 illi
401 2105 503 2175 pares
530 2104 605 2151 esse
632 2104 740 2151 nemo
768 2080 932 2151 dubitare
955 2095 1087 2172 potest,
1117 2081 1146 2152 si
1199 2102 1240 2148 ex
1269 2079 1447 2148 veteribus
1473 2078 1707 2150 imitationem
1740 2105 1813 2152 sese
1833 2084 2087 2156 contulerint..
2118 2081 2186 2157 lts-

158 2185 266 2253 modo
290 2176 516 2275 eipcnderit,
540 2182 663 2276 quanti
686 2182 824 2271 negocii
840 2182 904 2268 sit,
930 2197 1000 2255 tam
1015 2183 1147 2253 multa·
1199 2204 1269 2273 que
1296 2179 1459 2249 videmus
1488 2202 1611 2251 eorum
1640 2181 1856 2269 orationem,
1890 2186 1952 2280 qui
1983 2210 2187 2281 quanquam

158 2306 239 2352 rum
269 2308 387 2355 rerum
420 2285 679 2375 cognitionem,
724 2297 902 2374 praetcrea
934 2286 1148 2354 mediocrem
1198 2282 1309 2352 multa
1341 2282 1512 2368 legerint,
1545 2296 1663 2352 tamen
1688 2284 1725 2353 in
1750 2289 1995 2377 componenda
2019 2290 2187 2377 orations,

158 2387 335 2479 quandam
358 2387 559 2457 facultatem
583 2385 725 2454 dicendi
749 2397 784 2454 et
807 2387 1025 2475 exponendi,
1059 2411 1150 2479 quae
1199 2407 1279 2452 cum
1301 2383 1435 2451 nullam
1459 2395 1612 2453 veterem
1633 2382 2004 2477 formam'imitantur,
2027 2391 2187 2482 persimi-

157 2501 251 2558 recta
284 2510 356 2557 esse
387 2486 622 2578 perspexeris,
655 2510 792 2577 parare.
842 2483 908 2558 Est
939 2490 1034 2556 enim
1064 2513 1149 2580 pro-
1199 2484 1268 2553 lem
1305 2508 1378 2554 csse
1413 2485 1568 2554 mendici
1600 2486 1730 2576 pallio,
1776 2489 1833 2559 cui
1864 2490 1993 2581 passim
2025 2492 2187 2579 lacerato,

157 2588 250 2658 lecto
270 2611 341 2657 una
359 2590 404 2657 de
420 2587 627 2658 difficilimis
643 2589 779 2657 artibus
795 2589 850 2657 vel
869 2591 1057 2659 mediocris
1074 2591 1149 2659 elo-
1199 2586 1315 2656 omnis
1344 2587 1483 2675 generis
1511 2588 1696 2678 panniculi
1724 2591 1832 2662 assuti
1854 2606 1948 2667 sunt.
1998 2592 2094 2665 Nam
2116 2608 2185 2669 tots

158 2687 315 2782 quentia.
366 2686 487 2778 Quare
510 2689 539 2757 si
558 2689 597 2759 in
614 2690 808 2760 levioribus
822 2691 956 2761 artibus
972 2693 1049 2762 sinc
1065 2691 1149 2760 imi·
1199 2688 1347 2757 istorum
1371 2689 1486 2760 oratio
1507 2711 1546 2759 ex
1566 2688 1800 2762 dissimilimis
1813 2706 1848 2763 et
1863 2695 1981 2764 verbis
1995 2709 2032 2766 ct
2046 2710 2189 2769 semeae

157 2791 294 2861 tatione
316 2791 404 2861 ellici
429 2786 522 2860 nibil
545 2803 676 2879 potest,
714 2791 954 2883 eloquentiam
977 2818 1021 2863 nc
1045 2808 1147 2884 puta-
1199 2789 1257 2861 tiis
1280 2804 1465 2878 congesta,
1488 2789 1575 2859 alias
1599 2791 1722 2881 longas
1744 2787 1850 2865 babet
1869 2796 2185 2885 circunductiossrs,

158 2891 277 2961 bimus
306 2916 372 2961 nos
399 2892 475 2962 sine
504 2892 566 2962 illo
592 2891 809 2961 adminiculo
835 2896 1002 2988 consequi
1026 2896 1150 2985 posse?
1199 2891 1285 2961 alias
1314 2892 1462 2983 abrupta
1492 2893 1665 2984 quaedam
1693 2907 1727 2964 et
1747 2896 1870 2967 mutila
1892 2900 2074 2983 membra,
2107 2901 2184 2973 obss

159 2991 325 3065 Ciceroni
350 3018 425 3063 non
450 2990 608 3079 videtur3
632 3017 715 3063 nam
741 2996 834 3086 apud
856 2988 951 3065 bunc
967 2992 1149 3067 Antonius
1199 2993 1374 3064 obsoletas
1399 3006 1431 3063 et
1454 2995 1500 3061 ab
1523 2995 1646 3064 ultima
1670 2996 1880 3089 antiquitate
1901 3001 2029 3090 petitas
2052 3004 2184 3091 figuras,

159 3108 242 3165 ante
259 3095 380 3165 omnia
398 3093 585 3186 praecipit,
612 3114 651 3165 us
667 3094 837 3185 eligamus
851 3096 1023 3189 aliquem,
1049 3097 1150 3168 cuius
1199 3117 1286 3188 quas
1309 3117 1383 3163 non
1406 3094 1577 3185 intelligat
1593 3097 1621 3164 si
1639 3097 1826 3171 reviviscat
1841 3101 1916 3191 ipsa
1934 3098 2181 3199 Evandrigma·

159 3219 226 3266 nos
255 3196 389 3266 similes
421 3221 495 3268 csse
524 3196 675 3267 velimus
701 3209 735 3266 ct
759 3220 897 3268 stimma
921 3199 1149 3270 contentione
1200 3211 1268 3277 ter,
1294 3195 1379 3265 alias
1394 3196 1564 3267 vocabula
1580 3222 1671 3285 nova
1686 3200 1771 3269 etin
1786 3202 1904 3273 media
1918 3203 2179 3277 barbariemts

159 3298 271 3369 animi
295 3299 521 3388 effingamus,
545 3311 652 3392 atque
672 3298 854 3369 imitemur
868 3300 907 3369 in
924 3300 988 3373 illo
1003 3325 1043 3373 ea
1059 3326 1150 3396 quae
1199 3295 1313 3368 Porro
1335 3322 1415 3367 cum
1438 3297 1500 3369 illa
1521 3298 1773 3371 dissimilitudo
1795 3304 2051 3379 obscuritatem
2069 3306 2178 3400 pariat,
2221 3374 2223 3381 .

158 3399 312 3471 maxime
334 3400 522 3483 excellunt,
572 3398 682 3488 Quod
707 3400 738 3469 si
762 3398 872 3489 igitur
893 3403 1045 3475 imitatio
1068 3417 1149 3475 tan·
1199 3413 1235 3469 et
1258 3398 1452 3470 maximum
1475 3399 1601 3471 vitium
1624 3402 1795 3474 orationis
1810 3406 1857 3475 sit
1869 3407 2089 3496 obscuritas,
2112 3405 2176 3503 quis

158 3515 281 3592 topere
296 3502 488 3574 necoesaria
504 3514 568 3588 est,
593 3525 658 3571 nec
669 3501 802 3574 imitari
818 3527 1018 3602 quenquam
1037 3506 1150 3598 possi-
1199 3500 1269 3571 tale
1291 3500 1434 3570 dicendi
1459 3524 1569 3592 genus
1588 3527 1664 3573 non
1686 3506 1825 3576 oderit?
1850 3508 1930 3601 quis
1952 3533 2030 3581 non
2051 3509 2174 3600 lugien-

159 3626 259 3683 mus,
293 3628 399 3697 quem
427 3628 503 3673 non
525 3604 664 3695 penitus
685 3617 810 3674 notum
834 3597 1043 3690 babeamus,
1073 3633 1147 3679 non
1200 3604 1286 3672 dum
1300 3602 1407 3685 velis,
1432 3616 1471 3673 ut
1488 3604 1535 3674 ita
1552 3605 1686 3691 dicam,
1711 3620 1744 3676 et
1761 3609 1868 3678 remis
1883 3611 2039 3683 sentiat?
2085 3610 2170 3703 Quas

160 3704 376 3796 relinquitur
390 3705 560 3789 dubium,
584 3705 673 3798 quin
689 3704 754 3773 diu
770 3704 909 3794 legendi
927 3707 998 3777 sint
1015 3709 1148 3802 aliquot
1197 3726 1279 3773 cum
1303 3703 1352 3773 ita
1373 3703 1465 3794 sint,
1490 3705 1571 3799 quis
1594 3730 1669 3778 non
1691 3708 1842 3780 fateatur
1857 3712 1967 3783 satius
1985 3737 2081 3801 esse,
2102 3734 2172 3807 psu-

161 3805 285 3897 optimi
311 3805 436 3879 libelli.
488 3803 539 3878 Ut
559 3806 654 3875 enim
677 3804 742 3898 qui
764 3806 872 3874 semel
892 3809 1065 3903 oppidum
1083 3809 1149 3878 ali·
1199 3827 1259 3874 cos
1281 3804 1488 3894 scriptores,
1512 3809 1572 3877 scd
1599 3805 1763 3900 optimos'
1775 3812 1927 3884 subinde
1952 3815 2090 3904 legere,
2112 3834 2173 3887 est·

162 3907 258 4000 quod
286 3919 546 3998 praetervectus
575 3919 646 3992 cst,
679 3929 753 3976 non
781 3931 904 3977 omnes
924 3910 1022 3979 urbis
1043 3909 1150 3995 vicos,
1200 3929 1269 3999 quc
1286 3905 1579 3978 familiarissimos
1596 3909 1843 3994 nobisfacerc‚
1869 3939 1976 4008 quam
1992 3916 2174 3989 tumultus·

160 4031 237 4080 non
258 4007 411 4079 civitatis
431 4031 568 4094 mores,
592 4032 668 4079 non
693 4002 880 4078 hominum
902 4009 973 4080 loci
993 4010 1069 4082 cius
1091 4013 1150 4083 in·
1199 4007 1254 4078 ria
1276 4008 1429 4078 lectione
1454 4033 1517 4100 per
1538 4010 1658 4081 omnia
1681 4013 1891 4106 bibliopolis
1916 4018 2057 4108 vagari,
2088 4038 2173 4111 prss·

161 4108 264 4197 genia
279 4110 398 4181 statim
412 4109 554 4196 didicit,
580 4110 628 4181 ita
643 4109 791 4180 consilia
806 4134 845 4180 ac
857 4110 1065 4199 sententias,
1088 4128 1149 4203 aut
1199 4108 1323 4180 sertim
1348 4134 1429 4180 cum
1451 4105 1519 4181 boc
1538 4111 1618 4183 vitii
1641 4108 1770 4187 habeat
1790 4139 1830 4188 ea
1852 4141 1926 4200 res,
1951 4119 2045 4191 utin
2061 4118 2174 4193 malm

80 4286 85 4293 ,
160 4211 334 4280 sermonis
361 4208 652 4302 compositionem
677 4211 716 4282 in
740 4224 883 4297 autore,
914 4236 1021 4305 quem
1043 4216 1150 4286 semel
1199 4209 1313 4281 malos
1334 4210 1446 4283 libros
1468 4236 1575 4306 opera
1598 4214 1808 4303 collocetur,
1831 4221 1929 4292 unde
1950 4221 2051 4294 velut
2067 4233 2174 4295 conts·

161 4312 385 4404 percurristi,
429 4337 502 4383 non
532 4314 651 4385 statim
681 4313 963 4386 animadvertere
993 4317 1150 4407 potuisti,
1198 4311 1305 4404 gione
1330 4327 1394 4384 aut
1420 4336 1545 4408 pravas
1568 4316 1773 4407 opiniones,
1802 4334 1864 4394 aut
1885 4337 2094 4416 corruptum
2117 4342 2175 4395 sst-

161 4415 224 4484 sed
246 4413 310 4485 diu
334 4415 373 4485 in
396 4438 439 4487 eo
460 4417 752 4488 commorandum
773 4428 842 4499 est,
873 4414 903 4485 si
925 4417 1023 4488 voles
1044 4418 1149 4489 altius
1199 4414 1317 4485 monis
1346 4437 1458 4504 genus
1487 4412 1692 4506 contrahas,
1740 4444 1830 4514 quac
1859 4436 1978 4514 postea
2008 4408 2175 4499 dediscere

160 4514 404 4607 introspicere.
457 4514 531 4588 lam
552 4530 594 4589 ut
615 4517 691 4587 eius
706 4517 860 4610 aliquam
877 4517 1148 4590 similitudinem
1198 4514 1362 4587 immensi
1383 4519 1522 4610 negocii
1543 4532 1613 4606 est,
1633 4522 1838 4612 praesertim
1858 4525 1889 4595 si
1910 4525 2032 4599 statim
2052 4526 2175 4601 rudeet

160 4617 384 4711 adaequaris,
425 4632 465 4690 ut
494 4618 601 4690 verba
630 4619 729 4690 illius
755 4619 794 4687 in
824 4635 990 4712 promptu
1019 4616 1149 4691 habeas
1199 4641 1321 4688 recens
1345 4618 1530 4708 ingenium
1553 4621 1752 4700 iniecerint.
1803 4621 1893 4697 Nam
1913 4628 1945 4699 si
1967 4641 2174 4709 metusm-

162 4743 242 4790 cum
265 4741 357 4809 opus
377 4732 447 4802 cst,
471 4733 511 4793 ut
528 4720 702 4792 sermonis
717 4720 926 4812 compositio
943 4746 1018 4792 non
1032 4723 1078 4793 sit
1094 4722 1149 4791 illi
1199 4721 1297 4810 poris
1317 4720 1486 4808 vitiosus,
1511 4723 1651 4818 qualem
1675 4726 1714 4795 in
1735 4721 1942 4801 Alexandro
1963 4737 2174 4812 notaverunt,

159 4819 354 4901 absimilis,
393 4815 462 4893 boc
485 4845 570 4893 vcro
595 4823 672 4893 sinc
694 4835 860 4917 perpetua
882 4823 1035 4896 lectione
1056 4824 1148 4895 effici
1198 4822 1455 4892 consuetudine
1484 4826 1649 4912 duratus,
1687 4826 1816 4919 corrigi
1845 4844 1966 4922 postca
1999 4832 2101 4905 nulla
2126 4852 2173 4903 rs·

160 4945 236 4992 non
256 4934 380 5014 potest.
431 4917 490 4994 An
513 4948 589 4994 nou
612 4925 772 4997 videmus
795 4925 946 5016 pictores
966 4950 1047 4996 cum
1066 4926 1147 4996 vul·
1198 4921 1294 4991 tione
1314 4936 1446 5014 potest,
1480 4950 1570 5019 quae
1591 4950 1670 5019 spes
1692 4942 1746 5000 est
1769 4951 1811 5001 cx
1831 4931 1953 5004 animo
1972 4933 2173 5026 perniciosst

159 5036 238 5095 tom
254 5022 403 5094 alicuius
420 5025 636 5117 depingunt,
658 5051 764 5119 quam
782 5047 883 5118 saepe
897 5028 1087 5120 respiciant
1101 5029 1147 5098 ad
1197 5022 1405 5114 opiniones,
1437 5050 1518 5096 cum
1542 5029 1612 5097 ism
1634 5029 1705 5101 alte
1726 5031 1862 5103 radices
1884 5031 2055 5124 egerunt,
2084 5026 2172 5107 evelli

159 5125 362 5213 exemplar?
399 5151 507 5221 quam
536 5127 713 5199 contentis
741 5128 853 5201 oculis
882 5153 1005 5200 omnes
1034 5130 1147 5199 lineas
1197 5148 1316 5217 posse,
1341 5139 1403 5197 aut
1425 5130 1607 5199 emendari
1629 5132 1804 5204 sermonis
1822 5133 1926 5221 vitia,
1950 5155 2171 5231 quorumna-

158 5226 469 5317 contemplcntur?
525 5227 577 5300 lta
608 5229 714 5300 nobis
743 5250 927 5323 nunquam
955 5230 1147 5302 deiiciendi
1196 5241 1314 5299 turam
1335 5226 1401 5300 tibi
1427 5229 1577 5301 leceris?
1632 5227 1760 5305 Danda
1784 5234 1894 5325 igitur
1915 5260 2024 5330 opera
2044 5254 2096 5313 est
2111 5250 2169 5310 su-

156 5328 251 5399 oculi
274 5341 381 5400 erunt
400 5330 446 5399 ab
470 5355 512 5402 eo
533 5345 658 5403 autore
681 5355 787 5427 quern
811 5330 1081 5421 perdiscendum
1105 5332 1145 5401 in
1196 5328 1260 5400 tim
1283 5343 1324 5401 ut
1348 5329 1492 5421 optimis
1513 5332 1737 5422 imbuamur,
1769 5350 1805 5408 et
1825 5337 1974 5429 perinde
1996 5353 2102 5436 atque
2121 5358 2166 5407 sc·

155 5453 283 5502 manus
302 5431 521 5525 accepimus,
549 5457 727 5530 quemque
747 5432 963 5504 imitandum
982 5457 1056 5506 esse
1077 5434 1145 5525 ali7
1194 5455 1288 5503 nena
1309 5435 1466 5507 cavenda
1490 5448 1631 5508 suntet
1651 5438 1777 5530 procul
1797 5441 1969 5531 arcenda,
1993 5467 2085 5539 quac
2099 5446 2165 5513 suut
