4664 6022
140 282 221 362 css.
599 275 868 361 necnon
898 275 1232 355 ntnntra'ra
1265 273 1715 353 asvaonourau.
1822 232 1832 249 ’
2116 274 2191 357 eos

143 455 380 531 coniiciantur
396 477 438 524 ex
452 477 526 527 uno
544 454 664 549 aliquo
681 468 781 546 gestu
795 466 857 526 aut
869 448 1058 527 cachinno.
1086 452 1138 525 lta
1190 452 1346 537 eliectns,
1369 453 1474 543 plane
1487 453 1755 525 concedendu-
1771 451 1851 537 erit,
1878 446 1972 523 banc
1985 464 2101 522 artem
2116 473 2188 521 esse

144 584 226 633 cnm
239 571 356 631 cenae
372 571 477 628 notae
491 560 715 652 quarundam
734 559 1002 650 praecipuarum
1019 580 1138 627 rerum
1190 552 1358 651 Physices
1382 568 1538 646 partem,
1561 556 1710 647 perinde
1729 570 1769 640 ut
1790 555 2051 648 praedictiones
2068 550 2187 625 Medi-

144 664 218 735 sint
234 662 425 754 impressae
440 673 606 741 naturae,
631 661 765 731 multae
788 686 829 730 ex
845 656 903 730 his
919 675 1037 753 postca
1054 684 1141 729 con·
1191 682 1326 729 cornm-
1369 655 1444 728 Nec
1457 680 1521 748 ego
1536 683 1634 729 nunc
1648 660 1692 729 de
1709 653 1775 729 hac
1789 670 1889 751 parte
1905 658 2044 752 prolixe
2061 656 2187 749 dispu-

143 758 301 838 iecturae
317 778 518 837 sumuntur.
567 762 741 833 Fortassis
754 778 874 837 autern
890 788 964 834 non
980 776 1070 833 esset
1084 786 1141 833 ars
1192 764 1296 841 tabo,
1322 761 1383 830 sed
1403 784 1516 830 unum
1532 758 1664 831 Galeni
1678 762 1862 833 oraculum
1878 760 1917 831 in
1932 755 1999 830 hac
2012 780 2120 831 causa
2134 782 2190 831 re-

146 869 308 939 ducenda
326 862 538 955 astrologia,
563 866 749 937 sitantum
767 880 946 937 constaret
959 866 1141 936 coniectu·
1193 863 1321 948 citabo,
1346 863 1498 957 quinon
1514 865 1629 935 solum
1646 859 1886 955 reprehendit,
1909 862 2097 934 sedetiam
2111 883 2190 952 gra-

147 971 216 1056 ris;
243 994 326 1039 nam
342 991 398 1038 ars
412 982 464 1041 est
480 992 604 1039 eorum
620 993 711 1062 quae
726 993 800 1039 non
823 969 965 1042 fallunt.
1007 966 1140 1037 Verum
1193 968 1285 1036 viter
1303 967 1469 1055 obiurgat
1489 967 1587 1050 illos,
1611 968 1674 1058 qni
1699 981 1829 1057 negant
1851 966 2022 1035 inferiora
2037 988 2189 1060 corpora

150 1088 185 1146 et
200 1068 285 1144 haec
302 1073 377 1163 ipsa
391 1093 466 1158 ars,
488 1086 530 1143 ut
545 1069 728 1141 Medicina
743 1085 777 1143 et
791 1070 961 1157 Politiea,
985 1073 1141 1163 primum
1194 1068 1286 1139 allici
1301 1092 1321 1139 a
1338 1069 1475 1145 lumine
1489 1070 1642 1155 coelesti,
1654 1083 1689 1140 et
1703 1070 1833 1163 inquit,
1856 1063 2092 1161 sophisticum
2107 1090 2190 1155 esse,

150 1176 255 1247 certis
268 1174 576 1245 observationibus
594 1187 749 1254 constat,
774 1188 894 1263 postea
909 1199 950 1244 ex
972 1169 1028 1243 his
1049 1172 1144 1242 rnul-
1180 1194 1323 1261 xnegare
1341 1172 1564 1241 manifestam
1580 1172 1843 1264 experientiam.
1894 1167 1992 1261 Ergo
2009 1183 2044 1240 et
2062 1168 2191 1241 fatetur

151 1291 209 1350 tae
222 1277 390 1348 oriuntur
405 1276 639 1349 coniecturae.
692 1275 791 1347 Vidit
804 1274 1014 1366 Astrologus
1030 1277 1068 1345 in
1084 1299 1146 1364 ge-
1196 1299 1232 1344 se
1253 1274 1468 1365 experientia
1491 1274 1645 1356 victum,
1676 1276 1835 1345 tribuere
1850 1296 2016 1364 magnam
2039 1272 2115 1343 vim
2136 1272 2191 1343 ln·¹

151 1381 227 1451 nesi
244 1377 423 1452 Catilinae
443 1379 541 1449 diros
560 1379 695 1469 positus
720 1392 828 1472 atque
842 1392 1001 1471 aspectus
1014 1376 1144 1447 Plane·
1195 1378 1286 1446 mini
1301 1379 1340 1445 in
1357 1377 1587 1449 inferioribus
1602 1378 1825 1470 corporibus,
1849 1391 1884 1449 et
1900 1374 2038 1469 eosqui
2054 1377 2192 1457 (iissem

151 1496 289 1567 tarum,
314 1482 379 1576 qui
394 1481 641 1571 significabant
654 1481 767 1551 animi
792 1482 1056 1565 crudelitatem,
1082 1505 1147 1550 au·
1196 1481 1310 1565 tiunt,
1349 1479 1568 1549 severissime
1593 1493 1698 1552 taxat.
1757 1477 1817 1551 An
1839 1480 1992 1551 dubium
2011 1491 2078 1548 est
2099 1478 2190 1549 vices

60 1630 83 1660 x
150 1584 307 1669 daciam,
332 1598 576 1675 praeposteros
591 1606 719 1669 mores,
744 1584 902 1678 inquieta
918 1597 953 1654 et
968 1584 1146 1654 infoelicia
1198 1582 1337 1652 aestatis
1354 1595 1461 1675 atque
1478 1577 1616 1676 hyemis
1632 1584 1723 1652 effici
1739 1582 1835 1655 Solis
1849 1604 1989 1653 accessu
2009 1596 2045 1652 et
2061 1580 2189 1651 disces·

154 1686 314 1759 consilia.
366 1682 436 1757 Fac
452 1709 526 1755 non
548 1688 704 1778 potuisse
720 1702 814 1757 certo
833 1687 1051 1779 praedicere,
1077 1683 1145 1756 Ca·
1197 1709 1256 1770 su,
1287 1683 1383 1756 Solis
1404 1687 1527 1754 lumen
1553 1684 1744 1756 calefacere
1766 1699 1801 1757 et
1823 1685 2017 1769 desiccare,
2053 1684 2187 1755 Lunam

154 1789 295 1861 tilinam
318 1785 491 1858 Cicerone
512 1786 669 1859 Consule
691 1803 870 1860 moturum
896 1811 969 1858 esse
998 1789 1146 1859 seditio·
1198 1784 1412 1859 humectare.
1459 1784 1557 1857 Haec
1571 1788 1600 1856 si
1617 1790 1802 1859 manifesta
1816 1800 1852 1858 et
1867 1802 2038 1879 perpetua
2055 1785 2186 1857 suntin

154 1916 258 1976 nem,
282 1890 414 1960 deiude
428 1892 611 1975 futurum,
633 1905 673 1961 ut
689 1892 727 1960 in
743 1893 816 1962 acie
832 1894 869 1960 in
887 1888 1069 1981 Apennini
1090 1916 1147 1969 ra·,¹
1197 1886 1254 1959 his
1269 1891 1409 1959 dnobus
1430 1890 1634 1960 clarissimis
1648 1892 1853 1984 syderibus,
1879 1915 1943 1960 cur
1965 1904 2104 1960 caetera
2125 1910 2186 1983 pn-

155 1994 297 2065 dicibus
321 1993 592 2079 interficeretnr3
618 2008 654 2064 at
668 1994 922 2063 animadversis
937 1994 1009 2061 illis
1028 1994 1146 2063 inlau·
1199 2008 1313 2064 temus
1335 1993 1464 2063 frustra
1486 1993 1628 2062 condita
1652 1994 1749 2063 esse?
1785 1990 1860 2063 lam
1890 2004 2064 2084 perpetua
2088 2014 2184 2082 expe·

156 2096 220 2167 stis
247 2094 583 2185 significationibus,
622 2120 712 2190 quae
731 2097 875 2189 quidem
906 2110 990 2166 sunt
1020 2110 1146 2179 certae,
1199 2096 1328 2165 rientia
1344 2108 1505 2179 testatur,
1530 2096 1688 2184 insignes
1703 2097 1973 2167 coniunctiones
1988 2089 2121 2164 habere
2135 2094 2183 2163 in-
2231 2156 2233 2163 .

156 2199 332 2271 coniicere
345 2198 478 2290 potuit,
503 2199 664 2267 luturntn
676 2199 788 2267 civem
803 2199 1065 2284 turbulentum,
1091 2222 1145 2267 se·
1199 2200 1314 2288 signes
1332 2197 1494 2282 effectus,
1520 2196 1628 2291 idque
1650 2199 1687 2266 in
1711 2200 1979 2290 tempestatibus
1998 2197 2114 2289 palam
2129 2220 2181 2287 ap·
2230 2266 2233 2271 ,

156 2301 327 2371 ditiosum
347 2313 382 2370 et
398 2300 493 2371 vitae
515 2302 676 2371 futurum
698 2300 832 2372 exitum
855 2301 1039 2390 tragicum.
1094 2298 1145 2369 lta
1198 2314 1307 2393 paret.
1347 2298 1497 2369 Vidistis
1512 2323 1721 2370 concursum
1739 2300 1968 2371 Planetarum
1986 2300 2026 2367 in
2044 2294 2178 2371 humido
2229 2364 2233 2385 ,

156 2404 308 2495 insignia
334 2405 508 2496 quaedam
537 2403 575 2471 in
607 2405 893 2496 temperamentis
919 2428 959 2473 ac
986 2403 1147 2472 moribus
1198 2405 1313 2493 signo,
1340 2427 1434 2471 anno
1450 2402 1617 2470 vicesimo
1635 2421 1771 2495 quarto,
1795 2404 2045 2472 intumuerunt
2060 2402 2175 2495 ubique

125 2506 128 2513 ’
156 2500 478 2600 παχυμερέστερον
501 2505 654 2575 iudicari
678 2520 842 2596 possunt,
871 2529 960 2600 qnae
984 2529 1058 2574 non
1079 2505 1148 2573 fal·
1199 2529 1321 2575 omnes
1344 2528 1473 2599 aquae,
1500 2498 1666 2575 humidae
1686 2520 1908 2597 tempestates
1925 2505 2038 2575 totius
2056 2500 2176 2575 biennii

155 2609 249 2680 lunt.
285 2606 370 2677 Non
384 2608 493 2697 igitur
507 2631 549 2677 eo
566 2611 786 2700 aspernanda
802 2622 853 2678 est
867 2603 952 2678 haec
969 2631 1037 2691 ars,
1064 2607 1146 2699 qnia
1199 2610 1354 2680 luerunt.
1406 2604 1483 2675 Hac
1506 2621 1635 2677 aestate
1656 2608 1795 2697 pluvias
1811 2607 2008 2677 crebriores
2030 2606 2176 2677 omniun

157 2734 232 2780 non
255 2710 376 2780 omnia
397 2711 589 2802 praevidet.
641 2708 759 2800 Quam
774 2735 884 2803 panca
900 2724 992 2780 certa
1009 2725 1091 2779 sunt
1110 2711 1145 2777 in
1199 2711 1368 2802 opinione
1403 2723 1436 2778 et
1468 2709 1666 2778 insalubres
1697 2704 1941 2801 tempestatum
1977 2709 2175 2779 variationes

157 2812 454 2904 caeterisoptimis
468 2813 616 2898 artibus,
631 2827 666 2884 et
680 2827 721 2883 ut
735 2815 806 2883 iam
821 2838 895 2882 non
910 2814 953 2883 de
964 2810 1146 2882 Medicina
1198 2813 1413 2895 attulerunt,
1439 2809 1599 2902 luppiter
1620 2813 1658 2879 in
1674 2811 1852 2896 Piscibus,
1878 2809 1981 2881 Mars
2004 2812 2044 2881 in
2060 2810 2175 2883 'l'aurn

155 2927 218 2984 aut
240 2917 285 2984 de
303 2912 450 2984 Politica
475 2916 650 2985 dicamus:
676 2940 763 2985 num
786 2916 867 2986 ideo
890 2928 962 2987 tota
985 2915 1145 2984 doctrina
1199 2914 1341 2985 Possem
1363 2914 1432 2982 alia
1458 2916 1570 2983 multa
1595 2917 1753 3007 exempla
1776 2916 1944 2999 recitare,
1968 2914 1998 2985 si
2026 2912 2174 3005 temporis

156 3018 201 3088 de
222 3015 393 3087 Metenris
414 3020 647 3109 vituperanda
673 3033 742 3102 est,
774 3018 857 3110 qnia
886 3006 1013 3109 pancas
1044 3012 1147 3087 habet
1199 3019 1359 3107 angustia
1379 3041 1453 3085 non
1476 3012 1692 3108 prohiberet.
1743 3017 1817 3089 Nec
1841 3043 1924 3089 vero
1953 3017 2108 3087 dubinrn
2127 3026 2173 3097 et,
2231 3016 2233 3043 ²

155 3119 485 3203 demonstrationes,
504 3135 624 3211 postea
641 3121 795 3213 plurima
812 3122 954 3191 conficit
968 3120 1148 3190 coniectu·
1197 3135 1240 3191 nt
1257 3119 1350 3190 Solis
1367 3133 1402 3189 et
1415 3118 1558 3200 Lunae,
1584 3120 1631 3188 ita
1647 3133 1866 3191 caeterorum
1884 3118 2115 3189 Planetarnrn
2131 3116 2170 3187 lu-

130 3235 133 3241 '
155 3222 229 3292 ris?
256 3218 299 3293 ln
316 3222 392 3313 ipsa
403 3223 617 3313 agricultura
634 3248 741 3317 qnam
755 3247 858 3314 saepe
871 3223 1041 3306 fallimur,
1059 3247 1145 3292 num
1198 3248 1280 3291 men
1296 3223 1433 3291 variare
1446 3235 1684 3313 tempestates,
1706 3237 1742 3292 et
1762 3239 1879 3295 aerem
1902 3237 1935 3293 et
1960 3246 2109 3315 corpora
2124 3242 2172 3287 no·

154 3326 236 3397 ideo
258 3349 332 3395 non
354 3339 438 3395 sunt
456 3326 597 3395 colendi
617 3326 718 3416 agri?
750 3323 849 3415 Quin
873 3326 990 3417 potius
1003 3340 1147 3395 utamur
1198 3339 1269 3396 stra
1287 3326 1436 3394 allicere.
1487 3323 1561 3395 Res
1576 3326 1650 3416 ipsa
1669 3326 1828 3419 loquitur
1844 3326 1883 3393 in
1896 3319 2039 3409 herbis,
2065 3326 2103 3393 in
2117 3345 2172 3391 me·

154 3428 285 3499 artium
306 3427 504 3507 beneficiis,
527 3441 563 3498 ct
584 3430 848 3498 consideremus
871 3452 1055 3522 qttonsque
1077 3423 1146 3497 hn-
1199 3429 1305 3508 tallis‚
1327 3428 1481 3520 deniqne
1498 3428 1536 3497 in
1552 3428 1864 3520 contemptissimis
1879 3430 1985 3497 rebus
2002 3427 2172 3496 maximam

153 3554 258 3599 mana
277 3554 378 3599 mens
392 3531 558 3620 progredi
577 3535 696 3622 possib
749 3530 812 3599 Me
826 3533 969 3625 quidem
991 3556 1065 3600 non
1087 3556 1142 3600 sn·
1198 3532 1270 3599 vim
1288 3554 1379 3608 esse,
1406 3544 1440 3597 et
1458 3531 1533 3598 inre
1549 3530 1817 3600 landatur'illnd
1836 3531 1965 3601 veteris
1981 3529 2126 3603 Poetae:

154 3633 231 3703 lum
247 3632 383 3701 utilitas
405 3633 443 3700 in
459 3628 515 3700 his
541 3634 677 3702 artibus
693 3634 860 3715 delectat,
887 3658 994 3725 quam
1014 3634 1052 3700 in
1071 3658 1145 3699 me·
1263 3626 1328 3691 ὅττι
1350 3627 1401 3689 καὶ
1420 3626 1453 3691 ἓν
1473 3624 1602 3712 μαλάχῃ
1622 3629 1673 3691 καὶ
1697 3625 1863 3714 ἀσφοδέλῳ
1884 3628 1965 3711 μέγα
1983 3625 2100 3717 ὄνειαρ.

155 3733 273 3805 dendo
299 3733 391 3803 etin
415 3733 495 3801 aliis
521 3735 627 3803 rebus
651 3735 916 3817 animadverto,
947 3736 1007 3802 sed
1033 3734 1144 3801 intrito
1198 3732 1306 3822 Quod
1331 3758 1412 3802 cum
1436 3735 1484 3802 ita
1507 3736 1574 3818 sit,
1606 3760 1670 3804 eur
1699 3751 1865 3826 putemus
1889 3735 2020 3805 frustra
2048 3732 2173 3805 contin

153 3835 265 3926 magis
279 3827 365 3919 hoc,
391 3836 487 3927 quod
509 3859 590 3903 cnm
607 3830 703 3905 hunc
727 3836 914 3905 mirificum
934 3860 1145 3905 consensum
1198 3860 1271 3905 esse
1296 3836 1357 3905 illa
1382 3832 1620 3927 pulcherrima
1645 3838 1800 3924 lumina,
1826 3862 1906 3910 cum
1924 3839 2071 3930 quidem
2092 3832 2174 3905 nnlls

153 3960 344 4029 corporum
372 3937 577 4007 coelestium
606 3951 641 4008 et
673 3938 885 4007 inferiorum
912 3939 1145 4029 contemplor,
1196 3940 1242 4008 sit
1256 3952 1381 4007 natura
1399 3941 1633 4029 praestantior
1646 3953 1707 4009 ant
1721 3942 1894 4010 efficacior
1906 3939 2069 4017 licutino?
2091 3936 2176 4027 Quin

152 4042 228 4132 ipse
245 4063 301 4107 me
316 4040 404 4111 ordo
420 4054 455 4110 et
469 4033 655 4109 harmonia
671 4043 857 4123 admonet,
880 4043 1054 4110 mundum
1070 4066 1143 4109 non
1198 4043 1271 4134 ipse
1288 4042 1381 4130 leges
1403 4057 1565 4111 motuum
1578 4066 1700 4111 nonne
1718 4043 1917 4131 significant
1931 4042 2120 4134 temperari
2131 4040 2177 4111 ln·
2231 4036 2233 4081 ³

153 4165 236 4211 casu
257 4140 362 4226 ferri,
395 4143 457 4210 sed
481 4143 554 4231 regi
577 4143 760 4214 divinitus.
812 4140 908 4212 Haec
931 4146 1144 4233 respondere
1194 4166 1277 4212 men
1293 4142 1388 4213 Solis
1401 4157 1436 4213 et
1452 4143 1586 4229 Lunae,
1613 4160 1830 4215 caeterorum
1845 4144 2076 4215 Pheretarnnr
2092 4164 2178 4235 aspe-

151 4242 250 4313 volui
266 4244 310 4311 ad
327 4244 470 4333 vulgare
485 4246 692 4326 convitium,
720 4246 924 4338 priusquam
943 4247 986 4313 de
1000 4259 1073 4313 arte
1088 4248 1143 4315 di·
1196 4246 1280 4317 ctu?
1314 4245 1516 4316 Mercurius
1533 4260 1568 4316 et
1586 4245 1706 4316 Venus
1722 4272 1906 4341 nunquam
1925 4249 2050 4335 procul
2073 4244 2179 4319 asote

152 4369 279 4417 cerem.
327 4342 394 4415 Est
410 4360 528 4416 autern
545 4348 649 4418 initio
667 4350 776 4418 veluti
795 4348 955 4418 delinitio
971 4350 1144 4440 quaedam
1197 4346 1394 4419 discedunt.
1446 4348 1655 4439 Superiores
1672 4348 1839 4421 Planetae
1853 4350 1900 4420 ita
1917 4351 2122 4433 discedunt,
2147 4358 2181 4417 n

151 4448 397 4519 constituenda
422 4446 665 4540 Astrologiae,
691 4464 731 4520 ut
755 4475 830 4519 eam
853 4475 871 4519 a
892 4450 1144 4541 superstitiosis
1195 4465 1312 4521 tamen
1336 4452 1375 4518 in
1397 4450 1562 4543 cpicyclis
1584 4455 1627 4521 ad
1646 4454 1804 4520 medinm
1828 4476 1987 4543 apogeon
2010 4474 2093 4521 curn
2107 4450 2181 4523 sote

149 4551 447 4634 divinationibus,
473 4576 560 4644 quas
577 4551 801 4622 Ptolemaeus
818 4547 1144 4650 ἅναιτιολογήτους
1195 4577 1332 4644 semper
1347 4569 1553 4640 congruant.
1585 4553 1769 4623 Postremo
1786 4569 1820 4625 et
1832 4553 2071 4645 Hippocrates
2085 4566 2181 4624 testa-

150 4668 270 4738 vocat,
304 4678 517 4746 separemus.
577 4652 777 4743 Astrologia
800 4679 881 4744 pars
900 4652 1144 4748 estPhysices,
1196 4671 1254 4725 tur
1270 4667 1492 4747 tempestates
1508 4657 1651 4725 excitari
1670 4672 1703 4727 et
1718 4658 1847 4726 variari
1864 4659 1898 4724 vi
1916 4659 2096 4750 syderum.
2140 4650 2182 4725 Et

149 4779 239 4847 quae
253 4757 372 4841 docet,
397 4780 486 4850 qnos
511 4757 654 4826 effectus
671 4773 845 4826 astrorum
869 4758 989 4826 lumen
1009 4759 1048 4824 in
1072 4760 1143 4826 ele·
1195 4758 1521 4826 dissimilitudinem
1542 4784 1617 4827 non
1639 4760 1754 4829 solum
1773 4761 1978 4848 regionum,
2005 4758 2181 4829 sedetiam

147 4858 277 4926 mentis
291 4871 324 4928 et
341 4861 460 4929 mixtis
477 4859 687 4949 corporibus
701 4853 846 4938 habeat,
873 4861 992 4951 qualia
1008 4876 1144 4950 tempe·
1195 4860 1418 4948 ingeniorum
1435 4885 1475 4928 ac
1491 4885 1631 4930 morum
1645 4863 1682 4929 in
1699 4863 1849 4931 diversis
1865 4862 2074 4950 regionibns
2088 4864 2183 4932 docel

148 4973 326 5043 ramenta,
368 4987 454 5053 quas
488 4962 731 5044 alterationes,
775 4984 862 5053 quas
892 4962 1142 5031 inclinationes
1194 4964 1279 5031 oriri
1305 4987 1325 5030 a
1353 4963 1562 5033 coelestibus
1583 4966 1707 5034 causis.
1760 4962 1858 5035 Haec
1882 4988 1962 5035 cum
1989 4964 2063 5034 sint
2086 4975 2182 5045 certa,

146 5059 274 5150 pariat.
316 5058 362 5130 Et
381 5065 462 5156 quia
480 5064 776 5133 inclinationibus
790 5086 893 5154 saepe
906 5088 1040 5147 mores,
1067 5079 1143 5134 stu·
1194 5079 1330 5134 constat
1346 5066 1430 5134 artis
1449 5067 1592 5135 initium
1611 5092 1733 5136 venun
1757 5093 1798 5136 ac
1816 5080 1950 5137 certum
1969 5090 2063 5151 esse,
2088 5066 2181 5161 vids-

145 5161 223 5246 dia,
250 5164 415 5248 consilia,
441 5189 540 5235 casus
556 5168 790 5256 respondent,
817 5181 856 5235 ut
873 5168 933 5234 ille
947 5167 1081 5259 inquit:
1193 5168 1291 5249 licet,
1318 5170 1412 5259 qnod
1429 5168 1550 5238 lumen
1570 5170 1718 5239 coeleste
1734 5194 1896 5260 magnam
1911 5169 1985 5237 vim
2005 5164 2132 5239 habeat
2145 5166 2178 5235 itt

273 5264 411 5333 Naturae
427 5280 563 5357 seqnitur
579 5279 692 5336 sentina
708 5280 836 5359 quisque
851 5298 932 5338 stiae.
1193 5269 1375 5338 elementis
1416 5285 1450 5341 el
1485 5273 1603 5339 mixtis
1642 5274 1880 5364 temperandis
1918 5285 1953 5342 el
1985 5269 2178 5341 alterandi&

145 5361 231 5433 Ideo
256 5360 386 5435 horum
411 5394 552 5462 quoqne
573 5372 848 5461 significationes
876 5373 1012 5463 aliquas
1035 5396 1140 5439 mon·
1192 5368 1330 5440 Deinde
1346 5387 1381 5442 et
1399 5369 1465 5442 hnc
1480 5377 1664 5444 manifesta
1686 5375 1916 5468 temperantia
1936 5387 2105 5459 testatur,
2126 5372 2177 5441 lu·

143 5479 241 5541 strat.
294 5468 401 5559 Quod
433 5472 463 5540 si
495 5478 670 5546 constabit
692 5476 817 5570 sydera
848 5469 978 5543 habere
1003 5474 1142 5567 aliquos
1163 5532 1169 5562 ,
1193 5498 1276 5542 men
1299 5472 1528 5546 Planetarurn
1554 5478 1726 5548 dissimile
1751 5502 1841 5549 esse:
1878 5476 2026 5549 Saturni
2048 5476 2175 5546 melan·
2223 5512 2233 5579 '.
