4664 6022
140 265 218 354 523
627 259 789 341 nnec
829 261 903 341 on
934 260 1342 346 ruraaaroaa
1373 264 1626 348 orronn
1659 272 1694 355 1.
2115 280 2186 361 osc

245 444 358 537 Digni
376 455 471 516 certe
491 437 746 534 Imperatores,
772 464 926 535 quorum
950 464 1007 513 res
1026 453 1141 533 gestae
1192 440 1351 537 quinon
1375 454 1446 513 tam
1474 444 1647 538 opinione
1664 473 1771 546 qnam
1793 464 1890 527 meto
1906 452 2061 547 patriam
2078 455 2188 530 virtu-

145 554 183 623 in
197 543 483 641 singulisharum
498 544 657 635 gentium
670 543 822 614 urbibus
839 544 1143 638 publicequotan-
1193 557 1264 615 tem
1287 543 1533 637 proiicientes,
1564 551 1761 643 quinetiam
1784 554 1870 625 vino
1895 558 2116 653 caeterisque
2135 585 2188 631 re-

145 656 202 725 nis
225 654 478 733 decantentur,
506 648 601 740 quod
626 647 786 738 ipsorum
812 670 918 738 opera
937 641 1143 719 Christiana
1192 648 1259 717 bus
1282 649 1326 717 ad
1348 646 1527 719 luxuriam
1539 653 1806 742 pertinentibus
1827 656 2068 747 effoeminati,
2089 662 2190 755 papi·
2221 722 2226 729 .

147 756 272 846 religio
289 757 333 824 ad
348 747 414 822 bos
430 750 582 842 populos
595 748 751 838 primum
768 747 814 820 sit
826 751 1006 822 translata.
1042 745 1143 838 Quid
1193 748 1299 819 eticae
1312 748 1479 821 factionis
1492 755 1736 828 crudelitatem
1753 753 1919 831 horrent:
1936 774 1974 833 et
1986 786 2226 858 qunnqoarrn.

44 918 50 927 .
148 873 265 931 autem
279 852 506 925 Elemosinae
520 849 771 931 Constantini,
796 849 885 945 quid
907 851 1073 921 immensi
1089 850 1144 921 la-
1195 851 1327 921 bonam
1350 867 1485 941 partem
1510 855 1693 929 doctrinae
1715 860 1935 951 intelligant,
1966 876 2087 936 tamen
2108 866 2226 961 qui.

147 965 252 1032 bores
268 954 408 1038 Caroli,
431 976 645 1045 magnopere
669 952 870 1044 profuerint
894 949 1080 1038 Ecclesiis,
1105 952 1144 1021 in
1196 951 1355 1043 imperiis
1370 954 1443 1024 suis
1457 957 1696 1046 periculosum
1710 984 1785 1032 esse
1799 963 2030 1054 arbitrantur,
2047 982 2221 1061 proptet

149 1063 278 1158 quibus
323 1057 517 1149 impiorum
564 1068 599 1126 et
642 1056 893 1125 sceleratorum
931 1053 1145 1125 Pontificum
1194 1050 1382 1144 Evangelii
1404 1057 1603 1129 doctrinam
1621 1060 1804 1134 Pontificis
1828 1066 1978 1155 gratiam
1999 1070 2206 1162 repudiari,

149 1165 262 1235 libido
279 1160 507 1230 anteferenda
521 1157 567 1227 sit
583 1159 841 1249 lmperatorum
861 1155 1015 1247 legibus,
1039 1171 1145 1250 atque
1196 1178 1323 1244 magna
1344 1148 1498 1229 anientia
1523 1161 1686 1253 impulsi,
1711 1166 1882 1237 adiuvant
1901 1170 2108 1259 saevitiam,
2130 1174 2193 1245 de-

151 1263 419 1356 Magistratihus
437 1262 598 1351 adempta
615 1273 766 1350 potestas
779 1259 827 1330 sit
837 1257 1146 1329 animadvertendi
1196 1257 1349 1329 lendunt
1381 1258 1600 1351 impietatem
1633 1280 1756 1337 contra
1783 1270 2056 1359 conscientiam,
2093 1296 2188 1367 prse-

149 1371 189 1437 in
214 1370 377 1436 doctores
410 1361 559 1453 impios,
592 1362 660 1432 soli
684 1360 910 1451 Magistratui
933 1361 971 1431 in
999 1359 1147 1454 reliquis
1197 1372 1353 1429 texentes
1369 1362 1528 1446 studium
1548 1365 1754 1439 retinendae
1780 1371 2035 1445 ecclesiasticae
2057 1378 2182 1449 antori-

150 1464 453 1539 rnandatisaDeo
470 1464 576 1533 data?
625 1461 735 1533 Multi
759 1474 930 1555 perpetuo
944 1462 1023 1533 ocio
1040 1478 1075 1532 et
1089 1463 1148 1531 lu·
1198 1462 1291 1535 tatis.
1341 1456 1410 1547 Et,
1435 1467 1532 1556 qnod
1556 1470 1800 1561 turpissimum
1822 1487 1875 1544 est
1896 1469 2041 1547 heroico
2061 1480 2183 1568 generi

152 1571 253 1642 xuria
278 1569 394 1639 effecti
420 1567 569 1636 fuissent
597 1562 785 1657 Epicurei,
816 1565 1021 1635 derisissent
1050 1564 1148 1633 iudi-
1199 1588 1273 1633 non
1296 1575 1435 1634 tantum
1450 1561 1796 1656 EcclesiamChristi
1818 1593 2048 1667 oppugnant,
2071 1586 2185 1653 rerem
2221 1642 2225 1667 ,

152 1675 248 1745 cium
267 1670 344 1750 Dei,
366 1669 581 1738 iudicassent
595 1664 828 1757 Evangelinm
844 1666 1046 1738 fabulosum
1063 1688 1148 1737 esse.
1200 1679 1344 1757 propter
1365 1678 1499 1737 metum
1520 1670 1626 1740 etiam
1655 1674 1799 1745 destitui
1822 1700 1844 1747 a
1866 1700 1902 1747 se
1922 1679 2138 1770 religionem
2157 1696 2186 1757 et
2222 1680 2225 1715 ⁴

152 1775 289 1857 Postea,
314 1771 547 1841 cumanimus
564 1771 725 1860 impurus
741 1781 840 1853 esset,
866 1793 940 1840 non
956 1781 1149 1858 temperas·
1199 1767 1376 1837 iusticiam
1396 1763 1673 1866 haudquaquam
1699 1777 1830 1867 pudet,
1854 1782 1951 1872 quod
1967 1782 2040 1853 alia
2058 1785 2187 1857 ratione
2220 1788 2225 1893 l'

53 1940 56 1947 .
154 1890 231 1947 sent
255 1898 291 1943 se
314 1875 360 1942 ab
384 1873 514 1961 apertis
535 1872 715 1940 maleficiis
739 1872 861 1942 etiam:
896 1895 1017 1941 nonne
1039 1869 1147 1939 satius
1199 1891 1320 1959 pacem
1346 1871 1511 1942 factionis
1535 1875 1736 1965 pontificiae
1764 1881 1919 1954 sentiant
1949 1906 1989 1955 se
2021 1886 2189 1959 redimere
2222 1896 2225 1925 ⁵

152 1982 275 2051 fuisset
290 1975 437 2045 servatis
452 1975 605 2043 cultibus
621 1973 814 2053 idolorum,
841 1974 971 2065 quibus
985 1994 1149 2040 assueve-
1200 1995 1273 2040 non
1294 1994 1406 2061 posse.

154 2095 237 2152 rant
253 2093 335 2148 ante
351 2073 520 2146 Carolnm
544 2075 717 2165 Magnum
734 2072 907 2159 Vandali,
931 2074 1045 2157 Dani,
1070 2097 1149 2142 cae·
1300 2071 1480 2145 Historiae
1496 2079 1693 2167 affirmant,
1718 2085 1813 2176 qnod
1832 2070 2019 2158 Romanos
2040 2114 2190 2182 prosca-

153 2183 292 2275 terique
315 2179 487 2247 idolatrae
513 2175 708 2249 Germani.
741 2175 915 2268 populum
943 2175 1088 2246 retineri
1110 2176 1149 2243 in
1200 2175 1273 2243 lere
1305 2175 1464 2265 ipsorum
1491 2192 1674 2273 tantopere
1695 2186 1792 2255 ultus
1814 2187 1860 2257 sit
1881 2183 1991 2274 Otto,
2026 2204 2070 2263 ut
2097 2216 2190 2285 agros

155 2285 285 2361 officio,
311 2294 416 2373 atque
430 2293 523 2348 certa
537 2278 724 2370 disciplina
740 2277 930 2362 assuefieri,
953 2291 995 2348 ut
1007 2277 1150 2350 statuis-
1202 2274 1324 2344 ltaliae
1340 2293 1476 2348 vastare
1495 2306 1569 2351 non
1584 2285 1819 2371 dubitaverit,
1837 2290 1969 2380 oppida
1983 2316 2189 2387 expugnare,

155 2401 207 2457 set
223 2381 287 2455 hos
301 2385 386 2453 deos
400 2378 574 2478 (quorum
591 2381 772 2472 opibusse
787 2380 903 2451 iuvari
920 2375 1150 2473 opinabatur)
1201 2378 1363 2447 consules
1383 2375 1500 2452 Roma
1524 2398 1622 2477 capta
1644 2390 1882 2477 proscribere,
1915 2407 2105 2467 senatores
2121 2420 2182 2469 trs·

155 2485 320 2559 homines
344 2508 407 2575 pro
426 2484 555 2552 scelere
575 2484 734 2574 ipsorum
752 2481 873 2552 ulcisci
895 2483 1002 2552 velle:
1028 2494 1149 2551 contra
1201 2481 1332 2573 pendio
1364 2482 1554 2570 mulctare,
1586 2488 1670 2581 quia
1699 2488 1856 2560 Leonem
1885 2516 2067 2567 consensu
2093 2498 2188 2589 totius

156 2614 241 2658 vero
262 2586 590 2676 obtemperantibus
611 2585 767 2676 praemia
785 2609 857 2654 uon
874 2586 1036 2655 defutura
1052 2582 1151 2651 esse?
1202 2581 1344 2651 concilii
1361 2577 1578 2678 Episcopum
1595 2587 1780 2661 Romanae
1793 2589 1973 2664 Ecclesiae
1990 2597 2142 2685 factum,
2161 2614 2190 2673 el

157 2690 316 2762 Praestat
347 2688 442 2757 enim
473 2687 641 2757 omnibus
671 2687 788 2756 modis
821 2687 975 2779 aliquam
1003 2683 1151 2756 retineri
1202 2683 1306 2754 toties
1336 2687 1382 2752 ab
1417 2682 1633 2779 Imperatore
1662 2695 1864 2767 restitutum
1898 2684 1944 2765 in'
1973 2702 2189 2791 pontificiam

157 2791 402 2884 disciplinam,
437 2811 559 2881 ‘quam
592 2787 806 2859 Pontificum
847 2788 1001 2858 amentia
1041 2801 1150 2861 totam
1202 2784 1431 2875 dignitatem,
1464 2790 1604 2861 civitate
1629 2794 1755 2864 eiicere
1778 2821 1851 2865 non
1875 2799 2113 2891 desisterent,
2137 2802 2188 2901 qri

157 2918 176 2965 e
200 2895 334 2964 mundo
356 2890 434 2962 tolli
458 2890 647 2962 iusticiam.
1202 2882 1441 2958 Octavianum
1466 2893 1653 2983 profugum
1673 2896 1711 2965 in
1736 2899 1922 2992 antiquum
1938 2901 2065 2975 locum
2090 2902 2209 2981 hono·¹

257 2993 362 3067 Certe
386 2989 604 3065 hortantum
622 2992 890 3062 incommodum
905 2990 989 3061 satis
1006 3012 1152 3082 perspe-
1203 2990 1252 3058 ris
1276 2990 1414 3062 restitui
1439 2995 1641 3086 cupiebant.
1691 2998 1729 3070 Si
1752 3000 1860 3089 igitur
1882 3016 1953 3075 tam
1974 3008 2180 3095 graviterio

157 3092 378 3180 xeratOtto,
402 3110 437 3165 et
452 3095 589 3164 viderat
613 3090 709 3163 barad
730 3094 839 3164 dubie
854 3089 920 3163 hos
943 3092 1151 3165 utilissimos
1189 3091 1408 3161 'manifestos
1439 3097 1625 3187 religionis
1657 3094 1775 3170 lrostes
1808 3104 2067 3180 animadvertit
2102 3108 2183 3195 Otto,

157 3199 385 3275 Constantini
407 3210 441 3268 et
463 3193 582 3267 Caroli
604 3198 743 3265 labores
764 3196 868 3265 facile
891 3196 1067 3286 perituros
1082 3190 1152 3263 Ec'-
1203 3218 1273 3287 quo
1290 3196 1417 3265 dolore
1437 3200 1604 3270 adversus
1626 3202 1708 3271 illos
1730 3205 1931 3291 exarsisset,
1961 3234 2059 3303 quos
2082 3206 2185 3285 inEt

159 3304 309 3391 clesiae‚
334 3300 404 3368 nisi
421 3312 454 3369 et
471 3322 534 3368 suo
556 3298 717 3389 exemplo
731 3298 871 3369 doceret
893 3311 1070 3390 posteros,
1096 3296 1151 3365 ius
1203 3294 1329 3365 clesioe
1350 3319 1452 3366 causa
1477 3304 1696 3373 desertonrm
1724 3330 1765 3374 ac
1790 3308 2017 3398 proditorum
2050 3336 2185 3389 nurnero

160 3402 469 3477 animadvertendi
498 3401 537 3469 in
567 3398 756 3469 Pontifices
783 3422 889 3491 penes
917 3397 1150 3491 Imperatores
1202 3394 1545 3482 luissethabiturns,
1566 3406 1596 3474 si
1612 3407 1800 3476 incolumis
1817 3411 1932 3481 esset?

159 3532 250 3579 esse:
277 3519 312 3577 et
325 3507 402 3593 lege
415 3504 518 3573 etiam
532 3502 663 3572 sanciri
677 3515 834 3587 curaret,
856 3502 1043 3573 autoritate
1059 3499 1152 3571 Leo·
1304 3499 1412 3589 Quod
1430 3520 1546 3575 autem
1564 3531 1635 3577 non
1661 3510 1775 3578 solum
1793 3514 2002 3602 opposuerit
2019 3538 2063 3587 se
2078 3516 2188 3591 Pauus

160 3612 218 3682 nis
247 3606 379 3691 octavi,
413 3605 591 3673 neminem
623 3605 701 3673 loco
733 3602 916 3676 Pontificio
947 3598 1151 3675 habendum
1203 3601 1278 3682 hei,
1310 3607 1541 3678 verumetiam
1575 3609 1703 3679 acriter
1733 3635 1799 3703 pru
1820 3612 1945 3685 Leone
1975 3620 2188 3711 pugnaverit,

160 3730 255 3794 esse,
279 3708 348 3778 nisi
371 3708 558 3777 autoritate
574 3703 802 3798 Imperatoris
823 3718 911 3775 esset
928 3705 1152 3787 constitutus,
1203 3704 1348 3795 probari
1371 3720 1505 3796 potest,
1537 3709 1574 3779 id
1596 3711 1726 3781 lactum
1749 3738 1823 3785 esse
1843 3718 1890 3786 ab
1910 3713 2075 3809 Ottone,
2106 3724 2187 3819 qnod

160 3837 230 3909 quo
254 3806 401 3881 Ottonis
424 3811 588 3892 decreto,
620 3808 702 3900 quia
726 3831 800 3876 non
823 3806 920 3877 stetit
943 3805 1151 3898 imperator,
1203 3806 1331 3897 impias
1344 3804 1556 3879 Pontificum
1573 3813 1762 3903 opiniones
1779 3819 1817 3887 in
1835 3830 1887 3889 tot
1902 3824 2189 3912 occupationiltt!

76 3908 80 3915 ’
161 3915 224 4011 qni
240 3909 413 3983 Ottonem
428 3923 565 3981 secutus
582 3921 656 3993 est,
681 3906 859 3979 llcnricus
873 3906 1030 4000 quintus,
1054 3908 1151 4000 quod
1204 3931 1278 3977 non
1297 3907 1382 3977 satis
1404 3911 1616 3984 deliberatae
1634 3916 1834 4009 reliquisset
1852 3921 2112 3997 existimandae
2132 3923 2190 3999 soti

161 4015 283 4087 omnia
306 4035 428 4083 rursus
450 4012 636 4082 donaverit
659 4007 816 4096 Calixto,
848 4008 926 4079 iure
948 4011 993 4078 ab
1015 4005 1153 4083 Ottone
1203 4009 1370 4080 concilio:
1398 4023 1432 4081 et
1446 4018 1541 4106 qnod
1560 4017 1767 4107 opinaretur
1781 4045 1822 4091 ex
1836 4046 1905 4092 usu
1919 4019 2189 4109 Ecclesiaeru,

160 4115 393 4189 Pontificibus
415 4118 590 4197 detracta,
622 4136 746 4183 eorum
774 4135 925 4183 numero
952 4106 1153 4196 habebitur,
1204 4126 1256 4193 ut,
1282 4111 1517 4208 qniaSynodi
1533 4121 1636 4191 toties
1654 4121 1730 4210 cogi
1748 4146 1824 4191 non
1836 4138 1991 4215 possent,
2019 4126 2190 4203 inEcole·

161 4221 221 4313 qui
243 4230 386 4308 propter
400 4214 613 4306 imperitiam
631 4214 721 4306 lapsi
745 4213 915 4284 maximas
939 4213 1151 4284 calamitates
1203 4215 1254 4284 sia
1274 4228 1378 4305 eaput
1402 4232 1510 4302 esset,
1535 4244 1554 4289 a
1579 4246 1651 4314 quo
1676 4227 1957 4307 controversiae,
1983 4253 2083 4323 qnae
2097 4252 2190 4327 saep

159 4318 382 4392 Christianae
398 4316 600 4385 intulerunt
613 4312 801 4391 Ecclesiae.
1202 4338 1350 4406 magnae
1374 4331 1551 4410 etgraves
1575 4323 1759 4410 incidunt,
1780 4327 2043 4421 minuerentur.
2095 4334 2190 4409 Aeri-

263 4419 436 4509 Magnum
455 4418 564 4507 igitur
586 4418 763 4504 laborem,
788 4431 828 4489 ut
840 4417 1034 4489 Ecclesiam
1052 4416 1153 4487 iuva·
1203 4418 1264 4509 pio
1295 4419 1389 4487 enim
1421 4417 1569 4493 Ottonis
1597 4426 1803 4515 opinionem
1835 4454 2064 4528 nequaqnam
2092 4438 2192 4509 fuisse

161 4542 234 4611 ret,
260 4522 409 4614 sumpsit
424 4520 490 4589 sibi
506 4517 774 4604 Constantinus,
799 4544 967 4608 magnum
983 4520 1067 4588 item
1082 4516 1152 4590 Ca·
1204 4544 1302 4605 eam,
1326 4538 1481 4614 quaeest
1497 4523 1722 4613 Pontificum,
1748 4525 1816 4600 hoc
1839 4548 1903 4621 est,
1928 4536 2115 4629 deprecari
2131 4518 2209 4612 hoe*

160 4630 277 4710 rolns,
303 4627 363 4694 sed
381 4623 555 4691 minorem
572 4616 660 4693 Otto
675 4646 909 4716 nequaquam.
960 4620 1151 4691 Nouenim
1203 4623 1318 4691 mines
1339 4624 1427 4693 iram
1444 4626 1601 4696 divinam
1627 4631 1852 4703 invocatione
1870 4649 1905 4707 et
1925 4660 2035 4729 opera
2059 4656 2191 4715 undo-

159 4731 280 4798 minor
303 4740 354 4795 est
378 4726 510 4808 virtus,
534 4748 640 4816 quam
663 4747 831 4817 quaerere
850 4736 949 4815 parta
974 4723 1088 4805 tueri,
1112 4737 1153 4794 ut
1205 4749 1285 4794 rum
1300 4729 1439 4795 debere.
1489 4725 1626 4800 Docere
1643 4728 1727 4803 haec
1742 4748 1909 4826 poterunt
1926 4742 2047 4813 resch
2064 4740 2193 4817 Ottou

160 4832 222 4900 ille
235 4831 295 4899 ait.
350 4828 425 4896 lmo
444 4826 474 4895 si
490 4825 689 4895 audiendus
703 4821 961 4897 Demosthenes
974 4837 1042 4894 est:
1063 4829 1151 4895 πολ·
1204 4838 1320 4916 gestae
1346 4827 1383 4896 in
1405 4828 1499 4899 hello
1517 4836 1671 4925 quodam
1695 4833 1846 4907 Gallico.
1900 4838 2089 4937 Principes
2102 4846 2191 4919 ent·

160 4927 263 5010 adase
278 4926 383 5001 δοκεῖ
399 4923 475 5026 γὰρ
496 4918 657 5023 φύλαξαι
679 4925 714 4999 τ’
736 4922 869 5026 ἀγαθὰ
883 4930 951 4998 τοῦ
971 4919 1153 4998 miceam
1205 4926 1394 4999 Gallorum
1421 4933 1567 5003 natione
1589 4932 1781 5024 Germani,
1813 4942 1849 5010 id
1876 4956 1946 5026 est,
1980 4942 2133 5037 Franci,
2160 4960 2197 5021 et

157 5024 415 5126 χαλεπώτερον
430 5025 536 5101 εἶναι.
573 5026 652 5098 lloc
661 5044 726 5115 est,
745 5029 891 5099 maioris
904 5029 1153 5119 saepenegocii
1204 5031 1529 5125 propinquitatibus
1571 5038 1750 5110 coniuncti
1787 5040 1998 5134 imperatori
2031 5046 2192 5123 Conrado

161 5150 232 5221 est,
266 5131 435 5214 retineri,
468 5154 558 5223 quae
580 5125 759 5203 habentur
786 5132 899 5216 bona,
932 5155 1038 5224 quam
1063 5153 1153 5225 quae
1204 5130 1363 5218 Franco,
1390 5135 1447 5204 cui
1462 5154 1673 5210 successerat
1690 5140 1867 5215 Henricus
1883 5144 1990 5236 Saxo,
2013 5148 2195 5245 pater0l⁴

160 5260 232 5307 non
249 5231 446 5311 habentur,
474 5256 609 5322 parare.
1204 5234 1299 5302 tonis
1316 5237 1432 5325 primi,
1457 5238 1581 5328 ingens
1600 5243 1780 5328 dicuntur,
1806 5247 1915 5317 fratre
1930 5245 2084 5326 Ottonis
2098 5254 2193 5327 Heu-

260 5336 377 5427 Quam
395 5334 514 5423 igitur,
536 5334 565 5402 si
583 5332 716 5402 viveret
730 5330 833 5420 Otto,
859 5334 966 5405 vellet
981 5333 1047 5403 sibi
1062 5333 1153 5402 ami·
1204 5336 1278 5404 rico
1293 5352 1408 5426 capto,
1432 5340 1565 5410 bellum
1581 5342 1840 5418 lecisseOttoni
1857 5349 2083 5443 imperatori,
2102 5358 2192 5453 qnod

159 5441 277 5511 citiam
293 5462 365 5508 esse
381 5460 461 5506 com
477 5433 705 5527 Principibus
719 5451 923 5508 nostrornm
940 5450 1154 5529 temporum,
1204 5461 1331 5527 magno
1360 5441 1445 5531 ipsis
1471 5444 1587 5564 dolpri
1621 5462 1731 5528 esset,
1773 5452 1950 5542 superiori
1976 5455 2189 5533 Frurmmrn
