4664 6022
154 268 235 345 sss
438 246 441 251 ’
609 259 814 399 ΙΜκῂ
864 259 945 341 nu
984 261 1370 381 sunl-suusne
1411 262 1702 391 turmas.
2131 281 2208 363 esc

151 441 283 515 multis
298 439 391 512 vitae
407 437 569 530 partibus
581 439 793 511 admonent:
804 480 809 489 ·
819 452 938 511 umen
955 463 1081 513 censeo
1097 439 1156 509 in·
1206 442 1251 512 ad
1268 441 1435 513 virtutem
1451 443 1544 515 etad
1562 443 1668 514 dcem
1683 440 1845 522 incitata.
1884 442 2101 526 Adolescens
2118 481 2203 529 enn-

153 548 301 621 terdum
323 558 358 616 et
379 562 436 611 res
452 537 683 613 Germanicas
707 542 906 613 recitandas
928 566 1019 631 csse3
1051 557 1155 637 turpe
1205 543 1286 615 silio
1304 545 1414 636 patris
1431 544 1620 636 diligenter
1635 546 1674 616 in
1691 544 1803 620 literis
1818 548 2002 624 institutus
2017 550 2087 646 est,
2112 585 2202 654 qua·

153 663 206 723 est
221 647 323 719 enim
338 643 531 718 domestica
543 642 719 734 ignorare.
752 639 802 717 Et
815 657 1019 717 nostrarum
1033 648 1154 717 rerum
1204 670 1285 719 rum
1311 648 1466 737 cognitio
1494 662 1614 740 postea
1636 649 1669 718 ei
1691 649 1730 720 in
1752 651 2009 741 gubernatione
2029 663 2201 734 maxima-

152 748 290 825 noticia
307 745 419 837 magis
443 746 611 819 conducit
626 749 671 816 ad
695 745 888 839 iudicanda
905 749 1051 839 negocia
1065 747 1154 822 Rei·
1202 773 1284 819 rum
1300 772 1420 821 rerum
1438 773 1566 839 magno
1586 751 1668 823 usui
1692 751 1769 823 init.
1821 750 1928 826 Pater
1949 758 1983 828 ei
2000 758 2200 835 Marcbiarn

151 856 291 950 pubet
306 846 485 929 Ecclesiae
500 843 629 919 borum
644 864 858 943 temporum.
910 847 996 921 ldeo
1011 849 1154 922 decrevi
1202 848 1582 946 Brandenburgensem
1603 866 1638 925 et
1653 851 1855 925 Moraviam
1870 857 2034 954 reliquit,
2061 863 2099 934 in
2115 866 2199 961 qui·

151 960 195 1031 de
208 953 446 1049 sigismundo
463 949 677 1042 imperatore
692 952 831 1037 dicere,
861 977 967 1046 quem
984 968 1025 1024 ut
1040 953 1152 1045 potis·
1202 954 1269 1025 bus
1284 956 1446 1046 regendis
1463 978 1544 1026 curn
1561 955 1639 1027 eiu's
1656 957 1859 1049 prudentia,
1878 962 2068 1035 dexteritas
2084 990 2124 1037 ac
2141 967 2198 1038 iu·

151 1061 286 1133 simum
304 1056 492 1144 eligerem,
517 1054 623 1124 etiam
641 1056 794 1148 quadam
813 1054 941 1146 privati
960 1056 1067 1127 officii
1092 1080 1149 1126 ra·
1201 1056 1299 1128 stiria
1323 1057 1457 1151 ubique
1480 1057 1762 1144 celebrarentur,
1786 1059 1954 1152 Hungari
1979 1087 2060 1136 eum
2078 1092 2196 1141 accer-

152 1164 251 1239 sione
274 1160 453 1242 adducor3
486 1180 569 1225 nam
589 1154 810 1246 sigismundi
829 1158 955 1228 eximia
978 1159 1047 1231 luit
1070 1181 1151 1250 erga
1199 1160 1378 1245 siverunt,
1403 1185 1444 1231 ac
1463 1158 1598 1250 Regem
1621 1160 1691 1232 sibi
1710 1163 1964 1253 praeiecemnt.
2019 1165 2090 1240 Hic
2110 1193 2195 1243 vero

155 1264 304 1361 pariam
330 1283 445 1329 meam
468 1255 704 1349 Noribergam
734 1258 992 1361 benevolentia.
1045 1258 1150 1331 Pater
1200 1283 1325 1351 magua
1350 1284 1431 1332 eum
1449 1263 1611 1333 lortunae
1630 1262 1780 1334 varietas
1799 1266 1946 1359 excepit.
1999 1265 2109 1343 Initio
2127 1274 2196 1345 do·

153 1391 255 1454 mo,
285 1360 437 1436 Carolus
454 1374 621 1453 quartus,
646 1360 824 1433 civitatem
841 1363 1032 1435 domestica
1055 1363 1150 1433 sedi-
1199 1365 1359 1435 mesticas
1380 1361 1637 1457 Hungarorum
1659 1366 1855 1437 discordias
1882 1368 2043 1457 diremit,
2077 1387 2112 1444 et
2130 1397 2195 1465 pa-

152 1470 247 1543 u‘one
261 1488 357 1559 pene
377 1455 540 1535 fundiius
555 1463 748 1553 perditam,
773 1461 850 1535 Deo
871 1464 1035 1552 iuvante,
1060 1489 1149 1537 con·
1198 1489 1274 1536 cem
1301 1465 1456 1539 restituit
1486 1467 1663 1562 aequitate
1696 1478 1731 1538 et
1759 1470 2003 1542 moderatione
2029 1470 2194 1567 Imperii,

148 1572 229 1645 n'lio
254 1582 293 1639 et
310 1567 441 1638 virtute
463 1563 634 1655 singulari
658 1566 825 1639 restitnit.
877 1563 1019 1639 Deinde
1034 1566 1148 1657 sigis-
1198 1567 1274 1638 sine
1295 1568 1412 1638 armis.
1464 1567 1556 1639 Nam
1579 1592 1660 1640 cnm
1677 1592 1719 1639 eo
1740 1566 1900 1663 tempore
1915 1567 2096 1647 Baiazetes
2115 1578 2193 1649 cin-

148 1672 280 1747 rsundi
304 1691 437 1740 nomen
459 1691 500 1736 eo
532 1667 666 1757 gratius
687 1692 762 1741 esse
786 1667 954 1740 studiosis
979 1670 1147 1742 omnibus
1194 1669 1304 1743 risset
1326 1670 1514 1742 obsidione
1539 1668 1898 1763 Constantinopolin,
1931 1687 1965 1746 et
1994 1672 2192 1770 Imperator

145 1778 278 1860 tebet,
300 1772 488 1866 quiscum
513 1783 603 1840 esset
628 1771 666 1841 in
692 1783 772 1860 toga
786 1769 955 1865 Princeps
968 1772 1146 1859 salutaris,
1182 1768 1459 1868 .Byzantius·in
1494 1770 1652 1843 Galliam
1686 1774 1902 1864 navigasset,
1946 1789 1986 1847 ut
2017 1780 2190 1852 auxilium

149 1890 339 1953 etnostras
353 1886 446 1943 artes
462 1870 613 1962 benigne
629 1872 737 1958 fovit,
760 1887 796 1944 et
812 1869 1001 1961 Ecclesiae,
1028 1898 1144 1968 quan-
1196 1869 1447 1947 aChristianis
1465 1873 1626 1965 Regibus
1645 1888 1798 1968 peteret,
1823 1900 2047 1973 nequequam
2071 1882 2190 1955 deesse

147 1996 224 2057 tum
237 1994 328 2051 tunc
341 1975 485 2069 quidem
500 1973 687 2064 providere
701 1975 829 2065 potnit,
853 1988 945 2047 recte
961 1976 1145 2047 consulere
1196 1976 1313 2046 vicino
1330 1974 1484 2068 lmperio
1498 1977 1623 2058 voluit,
1640 2000 1789 2073 suasque
1807 1978 1901 2048 vires
1914 2003 1954 2051 ac
1969 2004 2053 2074 opes
2064 2007 2190 2054 omnes

145 2096 298 2159 conatus
317 2093 381 2149 est.
431 2073 522 2146 Nam
546 2074 782 2171 etSynodum
806 2075 938 2149 indixit
953 2077 992 2149 in
1008 2077 1144 2150 discor·
1194 2078 1238 2148 ad
1266 2078 1468 2150 societatem
1494 2079 1580 2149 belli
1615 2080 1829 2152 collaturum
1856 2103 1893 2150 se
1919 2103 1993 2152 esse
2018 2085 2189 2157 ostendit.

144 2186 220 2259 diis
240 2180 412 2275 publicis,
446 2177 576 2271 inqua
601 2177 737 2249 etiamsi
762 2180 935 2273 quaedam
965 2180 1041 2250 sine
1067 2181 1143 2251 eius
1194 2180 1277 2250 ldeo
1298 2181 1508 2252 domesticas
1531 2179 1770 2251 dissensiones
1792 2205 1867 2252 non
1889 2182 2100 2274 irritandas,
2126 2189 2199 2258 sed

144 2285 302 2361 oonsilio
326 2280 518 2355 crudeliter
551 2280 641 2350 lacta
667 2294 771 2371 sunt,
812 2294 932 2351 tamen
957 2282 1047 2352 illud
1073 2283 1141 2353 tuis
1194 2306 1337 2376 quoquo
1355 2284 1462 2353 modo
1477 2282 1695 2352 dirimendas
1719 2304 1794 2352 esse
1812 2285 1923 2353 duxit.
1975 2284 2103 2357 statim
2119 2290 2188 2380 igi·

142 2391 236 2465 utile
257 2390 457 2468 decretum,
483 2395 524 2453 ut
546 2381 682 2453 decimo
698 2406 840 2477 quoque
862 2406 957 2453 anuo
975 2383 1142 2479 Synodus
1192 2384 1303 2455 turin
1321 2382 1475 2479 Mysiam
1493 2383 1595 2455 duxit
1610 2384 1799 2469 exercitus,
1824 2399 1860 2457 et
1875 2386 2006 2457 multas
2024 2412 2080 2458 res
2103 2415 2187 2481 pro·

134 2488 323 2585 generalis
337 2482 544 2561 haberetur:
569 2486 665 2579 quod
684 2497 802 2555 tamen
819 2499 937 2576 postea
952 2483 1141 2559 Pontifices
1191 2509 1293 2577 spere
1326 2487 1447 2579 gessit:
1485 2486 1671 2578 occupavit
1708 2482 1949 2575 Muldaviam,
1980 2503 2015 2560 et
2048 2491 2187 2585 aliquot

143 2594 298 2687 asperbe
320 2591 558 2677 abrogarunt,
582 2585 645 2680 qui
665 2611 746 2691 cum
770 2587 912 2672 volunt,
947 2602 1045 2679 pacta
1065 2612 1141 2657 non
1193 2588 1335 2680 praeliis
1353 2588 1447 2659 ludit
1465 2613 1505 2657 ae
1523 2587 1724 2680 profligavit
1742 2585 1912 2658 Turcicas
1933 2589 2061 2683 copias.
2114 2591 2185 2664 Sed

131 2708 228 2773 sunt
251 2707 375 2787 pacta,
399 2703 440 2761 ut
464 2687 580 2782 inquit
603 2684 762 2763 Plautus.
814 2687 998 2778 Quantum
1023 2705 1139 2763 autem
1193 2702 1419 2785 posteaquam
1436 2686 1569 2760 Gallici
1591 2689 1762 2760 exercitus
1787 2690 1824 2779 in
1840 2687 2059 2782 Hungariam
2078 2717 2186 2765 vene-

139 2798 331 2899 ‚nodewet
352 2789 459 2862 bodie
481 2791 526 2860 ad
549 2814 774 2860 communem
798 2792 1044 2880 concordiam,
1078 2789 1140 2863 illa
1190 2805 1294 2877 runt,
1321 2815 1427 2886 seque
1445 2814 1527 2863 cum
1541 2788 1722 2881 Hungsris
1739 2790 2020 2881 coniunxerunt,
2043 2795 2095 2866 ibi
2111 2797 2184 2867 Ba-

125 2902 336 3009 *storum
359 2892 568 2976 collocutio,
594 2890 624 2961 si
641 2892 799 2987 Synodi,
826 2908 865 2963 ut
883 2894 949 2964 luit
968 2895 1141 2967 constitn—
1191 2893 1336 2981 iazetes,
1359 2893 1417 2965 cui
1439 2906 1582 2987 propter
1604 2893 1819 2964 celeritatem
1844 2917 1863 2962 a
1884 2893 2025 2986 fulgore
2050 2921 2184 2968 nomen

127 2996 239 3095 ζμ,
263 2994 508 3072 haberentur?
532 3018 600 3089 qua
618 2992 657 3062 in
679 3019 717 3064 re
734 3008 852 3065 tamen
874 2995 1063 3066 consilinm
1081 2996 1140 3067 Si·
1189 2996 1275 3082 luit,
1313 2997 1447 3067 maiore
1471 2993 1654 3085 vigilantia
1687 3010 1721 3066 et
1743 2996 1938 3067 maioribus
1969 2998 2081 3091 copiis
2108 3023 2183 3070 rem

127 3099 328 3199 ¹gismundi
349 3112 383 3170 et
408 3099 571 3168 voluntas
592 3096 735 3166 laudern
755 3111 950 3169 merentur.
1011 3096 1139 3187 Quam·
1189 3120 1310 3188 gerere
1324 3098 1455 3189 coepit.
1502 3092 1617 3167 Erant
1631 3095 1734 3167 initia
1750 3096 1837 3167 belli
1854 3096 2085 3188 sigismundo
2100 3101 2184 3172 satis

128 3225 253 3303 quam
274 3202 386 3295 igitur
409 3223 464 3269 res
484 3200 559 3269 eius
580 3212 693 3288 gestas
717 3198 891 3290 explicare
912 3199 1047 3289 integre
1064 3224 1139 3270 non
1188 3201 1298 3280 laeta,
1324 3200 1416 3291 cepit
1432 3198 1527 3268 enim
1544 3196 1737 3290 Nicopolin
1755 3199 1857 3270 sitam
1879 3199 1918 3268 in
1945 3201 2047 3272 aditu
2062 3199 2184 3273 Mace·

140 3322 288 3403 potero,
310 3319 430 3376 tamen
445 3300 650 3394 praecipuas
669 3300 825 3371 breviter
847 3300 1033 3392 colligam,
1057 3325 1139 3372 vos·
1188 3301 1329 3372 doniae.
1364 3298 1490 3372 Postea
1506 3323 1590 3369 vcro
1604 3323 1684 3370 cnm
1700 3296 1798 3369 Galli
1815 3299 1954 3370 avidius
1971 3302 2009 3371 in
2026 3325 2181 3394 pugnam

145 3432 219 3507 que
234 3430 337 3499 rogo,
357 3418 399 3478 ut
411 3425 509 3475 meae
527 3401 684 3472 orationi
699 3402 840 3472 veniam
855 3401 959 3478 detis.
1188 3415 1353 3487 ruerent,
1385 3424 1512 3494 magna
1541 3400 1643 3471 clade
1665 3414 1824 3492 accepta,
1858 3401 1968 3493 captis
1991 3400 2181 3474 Gallorum

250 3508 385 3605 Sequar
411 3516 528 3578 autem
553 3504 721 3575 usitatum
751 3505 933 3590 ordinem,
967 3504 1137 3597 primum,
1188 3502 1436 3595 Principibus,
1460 3500 1711 3592 sigismundus
1734 3501 1793 3570 vix
1816 3502 1944 3583 evasit,
1968 3526 2041 3573 una
2057 3505 2183 3600 cymba

140 3627 183 3687 ut
196 3613 245 3685 sle
259 3632 389 3705 mere
408 3631 521 3702 pauca
546 3604 678 3693 dicam,
706 3608 804 3701 quod
831 3606 870 3678 in
890 3607 1029 3697 magnis
1050 3605 1138 3676 viris
1186 3631 1268 3677 cum
1285 3604 1457 3695 Magistro
1472 3600 1620 3677 Rhodio
1635 3602 1842 3676 Danubium
1863 3603 2044 3676 traiiciens
2061 3606 2183 3700 inspe-

139 3716 299 3790 libenter
319 3713 603 3795 consideremus3
635 3709 720 3803 quia
745 3711 839 3780 enim
871 3710 1007 3780 semina
1028 3731 1136 3804 quse-
1187 3708 1368 3781 etantibus
1391 3703 1572 3791 hostibus,
1604 3707 1770 3800 quicum
1796 3705 1897 3798 sequi
1920 3728 1982 3778 eos
2004 3731 2079 3778 non
2101 3732 2183 3802 pos-

138 3820 224 3891 dam
249 3817 423 3891 virtutum
443 3837 464 3882 a
484 3808 681 3882 maioribus
708 3811 746 3881 in
769 3824 928 3905 posteros
948 3810 1137 3906 propagari
1186 3826 1283 3891 sent,
1305 3808 1440 3900 sagittis
1458 3810 1636 3902 petebant.
1686 3803 1764 3878 Etsi
1780 3820 1897 3877 antem
1915 3822 2062 3881 eventus
2079 3833 2183 3904 prae-

138 3920 401 4003 existimamus,
437 3912 665 3985 incendimur
691 3914 840 4000 animis,
879 3926 921 3985 ut
953 3912 1137 4006 cupiamus
1186 3913 1248 3998 lii,
1270 3912 1408 3996 utdisi,
1434 3912 1593 3983 funestus
1608 3908 1689 3995 luit,
1715 3923 1832 3980 tamen
1847 3909 2026 3981 laudanda
2041 3912 2183 3983 estvir·

139 4024 248 4097 &am
262 4021 354 4094 scire
365 4019 487 4114 quales
502 4014 556 4086 illi
573 4014 726 4101 luerint,
751 4015 918 4112 aquibus
931 4014 1052 4107 magni
1068 4014 1138 4097 viri
1185 4030 1243 4088 tus
1258 4014 1498 4105 sigismundi,
1524 4027 1559 4084 et
1575 4011 1747 4096 aliorum,
1773 4010 1836 4104 qui
1853 4012 1972 4080 deesse
1988 4008 2183 4106 Reipubli-

139 4126 212 4199 orti
233 4136 331 4196 sunt.
384 4118 525 4192 Deinde
542 4116 681 4203 inillis,
698 4142 790 4213 quos
807 4117 922 4212 patria
939 4133 1060 4190 nostra
1076 4140 1136 4208 ge-
1185 4140 1247 4186 cae
1261 4116 1467 4221 uoluerunt,
1482 4115 1545 4210 qui
1560 4137 1634 4183 nou
1650 4134 1714 4184 sua
1728 4110 1878 4202 segnitie
1894 4105 2012 4184 bostes
2029 4114 2183 4187 invitare

138 4228 240 4308 nuit,
274 4220 512 4296 inhumanum
534 4232 625 4291 esset
642 4221 782 4310 generis
797 4219 1016 4291 mentionem
1034 4244 1136 4313 prae·
1185 4219 1365 4304 solebant,
1403 4217 1484 4311 qui,
1525 4228 1699 4311 quantum
1733 4228 1947 4306 potnerunt,
1989 4216 2183 4308 reprimere

136 4330 354 4415 termittese3
386 4349 469 4396 nam
495 4322 619 4393 multis
640 4323 820 4394 decausis
842 4323 963 4393 laudes
986 4345 1134 4413 magno·
1184 4317 1375 4390 Turcicam
1402 4319 1600 4389 barbariem
1624 4316 1742 4387 conati
1764 4329 1866 4402 sunt3
1893 4331 1928 4387 et
1952 4317 2089 4409 proluit
2113 4314 2182 4388 bo·

135 4456 222 4507 snm
243 4429 424 4515 virorum,
453 4428 500 4497 sd
523 4424 672 4517 patriam
691 4425 811 4521 aliqua
835 4449 878 4496 es
901 4438 1001 4517 parte
1026 4423 1136 4516 perti.
1184 4446 1265 4493 sum
1308 4422 1423 4495 sirtus
1463 4421 1507 4490 ad
1545 4419 1777 4490 retardandos
1817 4411 1973 4489 bostium
2015 4420 2180 4510 impetus.

136 4547 247 4620 aaut,
278 4556 368 4628 quae
391 4529 530 4624 aliquos
551 4526 650 4598 addit
675 4526 828 4617 ingeniis
842 4527 1017 4619 impetus,
1042 4549 1134 4621 quae
1185 4521 1306 4612 Quare
1322 4546 1449 4613 magna
1465 4523 1544 4592 laus
1556 4520 1662 4592 etiam
1678 4515 1736 4590 his
1750 4520 1902 4589 lortibns
1916 4519 2004 4588 viris
2020 4520 2183 4602 debetur,

134 4633 434 4726 ostsdisciplins
446 4632 540 4705 cives
559 4629 755 4704 assuefacit.
805 4628 879 4703 sed
903 4652 948 4698 ne
966 4629 1034 4698 sim
1051 4653 1134 4721 pro-
1183 4626 1245 4720 qni
1260 4648 1462 4720 quanquam
1477 4621 1690 4695 infoeliciter
1703 4620 1932 4705 dimicamnt,
1957 4632 2076 4690 umen
2092 4616 2182 4691 Rei·

134 4741 265 4822 tutor.
289 4750 396 4810 natus
410 4748 462 4807 est
476 4732 729 4824 sigismundus
746 4746 845 4823 patre
858 4726 989 4801 Carolo
1006 4744 1133 4824 quarto
1184 4727 1347 4821 publicae
1370 4750 1474 4798 suum
1495 4724 1654 4797 officium
1672 4720 1935 4814 praestiterunt.
1987 4719 2089 4792 sicut
2109 4716 2182 4789 De·

133 4844 376 4938 imperatore,
405 4862 536 4930 proavo
564 4832 724 4905 Henrico
757 4831 1031 4924 Lucelbergensi
1061 4833 1134 4903 lm·
1182 4824 1385 4900 mosthenes
1411 4829 1477 4899 ait:
1503 4826 1627 4898 Laude
1645 4824 1773 4915 dignos
1790 4844 1864 4892 esse
1889 4823 2002 4906 cives,
2028 4821 2092 4916 qui
2117 4845 2182 4913 pa·

134 4960 318 5043 maore,
349 4940 449 5011 cuins
469 4951 568 5009 tauta
590 4936 659 5008 luit
678 4936 791 5008 virtus
814 4949 850 5008 et
872 4934 1067 5027 sapientia,
1093 4948 1134 5006 ut
1183 4932 1287 5002 triam
1312 4930 1456 5002 sortiter
1480 4930 1697 5007 defendunt,
1723 4924 1879 4996 etiamsi
1902 4946 2027 4993 eorum
2054 4923 2182 4995 virtuti

134 5048 175 5125 in
189 5048 366 5121 diuturno
380 5042 584 5131 interregno
600 5039 762 5108 omnium
777 5034 987 5130 Principum
1003 5036 1133 5107 suffra·
1183 5058 1257 5103 non
1280 5033 1491 5127 respondeat
1512 5031 1667 5101 fortuna.
1727 5025 1809 5097 Non
1833 5025 1927 5094 enirn
1951 5040 2082 5096 eventu
2105 5050 2183 5095 me-

131 5152 203 5249 m’is
222 5147 397 5241 expetitus
424 5143 472 5214 sit
494 5144 538 5213 ad
568 5141 863 5232 gubernationem
890 5153 925 5212 et
958 5140 1133 5209 sedandos
1181 5134 1303 5208 tienda
1325 5148 1410 5206 sunt
1434 5128 1581 5204 honesta
1602 5129 1770 5213 consilia,
1799 5129 1860 5195 sed
1882 5150 1966 5197 vcra
1988 5127 2129 5199 ratione
2145 5138 2182 5197 et

134 5254 300 5346 ingentes
315 5246 439 5320 ltaliae
452 5268 494 5315 ac
510 5239 725 5314 Germaniae
741 5256 870 5317 motus.
1180 5236 1310 5312 officio.
1351 5238 1438 5338 Ideo
1453 5248 1487 5307 et
1504 5234 1544 5305 in
1558 5226 1752 5326 Epitaphio
1769 5227 1901 5300 civium
1917 5227 2081 5319 inscripti
2097 5239 2184 5299 sunt

237 5352 364 5427 Pontes
377 5360 543 5420 creantur
555 5345 709 5415 fortibus
726 5357 761 5416 ct
778 5344 903 5426 bonis,
924 5340 1042 5437 inquit
1058 5340 1132 5416 ille.
1182 5334 1223 5410 bi
1239 5362 1379 5410 versus:

139 5456 196 5534 sb
208 5452 269 5529 bis
285 5453 373 5527 visis
388 5450 499 5543 igitur
513 5461 614 5521 ortus
628 5444 902 5540 sigismundus,
926 5443 1048 5517 indole
1061 5442 1131 5517 luit
