4672 6016
147 321 220 396 341
472 332 488 345 “
809 318 987 399 -·DECL.;
1012 320 1088 394 DE
1112 319 1520 399 atatsTOTELE.
2099 322 2194 409 ‚dib

94 576 99 585 ,
139 507 366 580 exenterato,
382 492 547 587 stigmata¹
563 492 733 582 inureret,
751 492 1145 589 inscriberetquelmn-
1165 499 1170 545 ¹
1194 520 1286 591 quae
1315 511 1356 569 ut
1388 499 1477 569 boui
1509 492 1704 569 consulatis
1728 524 1805 572 oro.
1864 494 1930 571 nn
1957 498 2052 570 enim
2083 500 2192 571 etiam

144 599 174 671 ti
203 594 291 668 haec
313 601 435 669 cerba:
478 597 616 691 Hospes
633 599 805 689 ingratus.
829 638 833 647 ·
856 598 972 669 'l'aut'a
998 614 1143 670 naturae
1167 588 1170 637 ³
1194 603 1285 689 grati
1320 601 1449 687 animi,
1499 605 1782 696 qualemcunque
1819 624 1962 694 operam
1993 597 2193 685 honestam,

144 700 201 772 vis
218 715 281 783 est,
303 718 343 774 ut
359 725 466 772 nemo
480 716 552 773 tam
568 703 682 771 ferreo
698 703 819 772 animo
837 701 894 787 sit,
919 703 981 795 qui
996 702 1143 772 audiens
1167 694 1170 758 i
1194 704 1357 795 publicae
1372 704 1537 775 utilitatis
1553 728 1654 777 causa
1671 719 1879 798 susceptam,¹
1900 708 2062 798 probare.
2097 704 2192 777 Diri.

144 800 240 876 hane
274 800 478 889 historiam,
511 829 586 876 non
620 806 724 875 valde
754 807 882 897 probet
914 805 1141 875 iustissimam

143 902 309 999 Philippi
330 908 552 982 sententiam.
605 905 790 997 Quantum
814 922 932 979 autem
962 911 1143 999 prodesset
1197 902 1244 911 ’“’

145 1006 401 1100 Reipublicae,
437 1006 505 1081 hoc
523 1015 632 1080 modo
658 1006 796 1081 notatos
818 1034 892 1082 esse
915 1007 1142 1081 scholasticos
1194 1015 1260 1085 No.
1275 1012 1336 1086 47.
2017 1044 2065 1084 aa.
2086 1020 2179 1087 test.

146 1114 327 1203 ingratos,
359 1112 424 1182 eos¹
450 1110 638 1200 videlicet,
676 1114 736 1208 qui
772 1116 816 1184 ad
846 1113 1140 1204 ingratitudinem
1197 1114 1334 1141 W*
1699 1190 1707 1205 ι
2012 1110 2183 1163 ‘'W-'‘-

141 1217 254 1286 etiam
275 1218 415 1287 addunt
440 1212 678 1308 impietatem,
704 1217 766 1310 qui
789 1241 918 1287 nocere
936 1229 1141 1309 praecepto-
1499 1183 1576 1269 De
1611 1183 1878 1269 Artaioiele.

142 1319 266 1401 fibusss
282 1334 323 1411 ‚ei
340 1320 425 1413 ipsis
445 1320 573 1389 iiudiii
595 1320 754 1411 cupiunt·
806 1318 884 1390 H⁰³
904 1320 1064 1412 ⁰P01'illii
1078 1318 1141 1388 iii·
1262 1345 1369 1400 Prodiit
1389 1344 1549 1416 separatimc
1577 1342 1679 1398 Oratio
1700 1344 1733 1398 de
1750 1343 1801 1396 vita
1821 1342 1980 1398 Aristotelis
2000 1342 2077 1401 1537.
2107 1342 2131 1395 8.
2155 1356 2191 1383 -·

143 1421 276 1513 gmatis
291 1436 430 1493 notatos
445 1446 530 1503 esse,
557 1424 641 1517 quia
657 1424 689 1493 si
702 1437 997 1514 agnoscerentur,
1022 1422 1141 1491 minus
1297 1416 1402 1537 ⁸⁸3⁸7¹⁸⁸
1427 1416 1499 1500 epti
1515 1415 1590 1473 Cret·
1604 1414 1725 1535 liphne·
1740 1416 1880 1537 iligna-2
1912 1413 2085 1537 indflffflpn·
2109 1410 2193 1535 Tglp·

143 1549 276 1595 nocere
290 1522 442 1618 posse'nt.
493 1522 571 1616 Ego
587 1549 671 1596 vero
690 1526 844 1618 optarim
868 1526 942 1597 illis
962 1526 1067 1595 etiam
1082 1525 1139 1593 in·
1295 1487 1413 1625 3:532?
1443 1505 1470 1538 '⁰
1487 1485 1607 1541 sm*
1652 1522 1660 1538 ‘
1703 1504 1756 1554 ’μ’
1789 1488 1938 1555 ‘mm
2000 1502 2023 1538 '⁰
2045 1485 2102 1538 Μ’

143 1628 262 1718 sculpi
278 1628 442 1698 cuculum
458 1627 497 1697 in
509 1629 639 1713 fronte,
663 1630 892 1701 devorantem
906 1652 1006 1699 suam
1023 1627 1141 1698 nutri»

142 1754 235 1801 cem.
274 1730 357 1801 ·Sed
388 1754 593 1825 quanquam
620 1727 680 1803 hic
709 1746 843 1802 cessant
875 1733 987 1821 leges,
1021 1746 1138 1801 tamen

141 1830 245 1903 Deus
270 1834 412 1903 tandem
438 1835 488 1903 eis
510 1834 671 1925 stigmata
694 1835 825 1920 inurit,
856 1859 947 1928 quae
967 1848 1141 1905 testantur

142 1937 269 2030 quales
300 1936 446 2011 inerint.
514 1936 675 2029 Cogitate
714 1938 823 2028 igitur
856 1950 1029 2030 quantum
1064 1934 1140 2005 Deo
1193 1929 1418 2032 Frequentia
1441 1952 1556 2006 vestra
1573 1935 1613 2004 in
1626 1930 1693 2003 hac
1707 1960 1834 2027 pompa
1851 1934 2086 2027 promotionis
2102 1926 2191 2002 mihi

142 2038 331 2132 displiceat
353 2040 591 2130 ingratitudo,
617 2063 724 2133 quam
748 2041 792 2109 sit
814 2039 961 2131 indigna
985 2034 1142 2121 homine,
1197 2042 1413 2136 periucunda
1429 2053 1490 2123 est,
1512 2052 1639 2107 etcum
1658 2038 1775 2107 officio
1791 2052 1907 2107 vestro
1923 2038 2089 2122 delector,
2113 2051 2191 2106 tum

142 2164 255 2235 quam
278 2140 423 2213 inimica
456 2143 522 2214 toti
553 2157 719 2223 naturae,
749 2166 854 2236 quam
878 2143 1014 2233 turpis,
1045 2142 1139 2232 quod
1196 2170 1280 2215 vero
1308 2145 1422 2236 probo
1448 2139 1639 2223 iudicium,
1672 2141 1766 2233 quod
1791 2141 1995 2230 significatis
2019 2162 2082 2208 vos
2102 2140 2194 2209 bene

141 2245 330 2315 divinitus
346 2245 452 2315 etiam
483 2247 670 2338 puniatur;
703 2245 859 2340 denique
882 2246 978 2339 quod
1000 2241 1143 2335 Reipu-
1196 2247 1327 2319 sentire
1348 2247 1392 2314 de
1415 2239 1484 2313 hoc
1507 2241 1651 2334 publico
1673 2266 1790 2326 more,
1828 2244 1866 2311 in
1889 2268 1979 2336 quo,
2021 2242 2084 2312 etsi
2105 2237 2193 2312 haec
2251 2240 2257 2251 ’

142 2348 262 2419 blicae
277 2363 419 2434 noceat,
444 2373 525 2418 cum
542 2348 693 2438 ingrati,
719 2348 803 2418 odio
821 2343 1024 2431 hominum,
1051 2360 1143 2416 artes
1197 2374 1325 2444 pompa
1348 2343 1456 2417 hahet
1477 2345 1581 2415 ludos
1602 2347 1773 2435 quosdam
1793 2346 1963 2437 pueriles,
1988 2357 2107 2415 tamen
2123 2344 2193 2413 sci-

143 2450 252 2522 etiam
269 2452 386 2520 odisse
400 2464 434 2520 et
454 2476 615 2544 premere
629 2451 822 2543 incipiunt.
873 2449 970 2519 Haec
992 2451 1022 2519 si
1038 2449 1144 2518 vobis
1197 2456 1242 2525 tis
1264 2451 1472 2543 gravissimo
1490 2447 1638 2518 consilio
1656 2447 1894 2538 gradus'ipsos
1909 2447 2092 2517 institutos
2106 2468 2194 2531 essa,

150 2576 248 2645 saepe
271 2554 486 2639 subiicietis,
510 2555 708 2625 excitabitis
730 2554 869 2623 animos
885 2556 929 2624 ad
956 2553 1142 2641 gratitudi-
1198 2572 1237 2629 ut
1250 2558 1342 2627 ordo
1357 2555 1395 2622 in
1414 2553 1583 2622 discendo
1598 2551 1915 2642 praescriberetur,
1939 2563 1973 2619 et
1987 2549 2193 2619 adolescen-

145 2680 229 2726 nem
255 2670 290 2726 ct
317 2659 361 2747 ad
381 2656 567 2726 colendam
590 2680 814 2728 communem
837 2656 1143 2748 tranquillitatem.
1198 2676 1249 2733 tes
1278 2660 1322 2727 ad
1349 2669 1480 2726 certam
1512 2655 1713 2724 studiorum
1742 2653 1917 2723 rationem
1940 2653 2193 2723 invitarentur.

143 2756 203 2829 Ad
219 2754 307 2829 haec
322 2760 437 2829 oiticia
454 2761 709 2830 assrrefaciendi
725 2774 809 2831 sunt
824 2760 947 2827 animi.
1004 2757 1142 2828 ldeoin
1197 2762 1302 2835 Certe
1326 2760 1431 2828 nobis
1456 2758 1494 2825 in
1521 2752 1588 2826 hac
1610 2752 1742 2827 Schola
1764 2779 1832 2827 usn
1854 2756 1974 2841 venit,
2006 2768 2049 2825 ut
2069 2750 2108 2824 hi
2130 2753 2195 2848 qui

143 2858 280 2932 scholis
307 2875 342 2932 et
372 2862 410 2931 in
442 2858 499 2933 his
529 2864 675 2957 pptimis
700 2862 827 2943 studiis
854 2860 1064 2945 versamini,
1103 2872 1144 2930 ut
1198 2867 1346 2956 gradum
1376 2873 1516 2954 petunt,
1555 2858 1761 2950 diligentius
1780 2883 1817 2929 se
1840 2852 2094 2950 Philosophiae
2118 2869 2195 2926 stu-

142 2988 263 3036 mores
278 2964 385 3035 vestri
400 2966 486 3039 fiant
500 2968 683 3050 meliores,
708 2980 749 3036 nt
765 2979 857 3035 artes
879 2965 1082 3056 profuturas
1099 2964 1141 3031 ad
1198 2969 1268 3038 diis
1288 2967 1440 3050 dedan13
1465 2986 1541 3033 eam
1565 2963 1774 3041 obcausam
1790 2964 1919 3055 gradus
1937 2962 2196 3032 libenterffln..
2290 3035 2293 3040 Ι

142 3067 397 3138 illustrandam
413 3070 564 3157 gloriam
579 3067 667 3154 Dei,
687 3069 780 3139 etad
797 3070 967 3137 tuendam
983 3089 1144 3137 commu·
1198 3090 1390 3141 servamus.
1442 3065 1582 3136 Deinde
1603 3065 1715 3135 animi
1735 3080 1787 3136 est
1809 3088 1884 3136 non
1903 3059 2130 3135 abhorrentis
2148 3062 2195 3131 ab

145 3194 231 3239 nem
253 3156 457 3240 societatem
472 3170 575 3237 vobis
599 3171 745 3259 paretis,
772 3194 845 3240 non
863 3185 905 3241 ut
925 3169 1068 3239 discatis
1087 3192 1145 3262 sy·
1200 3170 1438 3254 humanitate,
1479 3163 1573 3243 hanc
1607 3164 1834 3239 harmoniam
1875 3160 2063 3257 ordinum,
2104 3187 2195 3258 qnae

146 3268 396 3365 cophanticam
431 3269 630 3339 nocituram
662 3272 767 3339 bonis
799 3273 888 3340 viris
922 3286 958 3342 et
989 3270 1145 3362 Reipub.
1198 3276 1342 3370 quidem
1362 3271 1518 3364 Reipub.
1550 3270 1655 3340 etiam
1683 3272 1855 3341 maximas
1885 3271 2059 3341 utilitates
2083 3268 2196 3352 affert,

146 3374 269 3461 Quam
295 3385 383 3441 tetra
405 3371 522 3461 imago
543 3384 595 3441 est
626 3371 714 3440 civis
738 3369 1145 3463 apud'Demosthenem,
1200 3377 1435 3468 magnifacere
1458 3387 1493 3443 et
1514 3396 1642 3446 amare.
1712 3372 1897 3444 Postremo
1921 3372 2009 3467 quid
2032 3366 2099 3440 hac
2118 3371 2194 3459 ipsa

148 3498 232 3543 cum
248 3475 363 3564 pingit
378 3468 679 3566 Aristogitonem,
705 3473 984 3559 circumeuntem
1005 3477 1044 3543 in
1067 3477 1144 3544 foro
1200 3478 1330 3551 horum
1362 3500 1587 3549 conseseuum
1618 3476 1822 3547 celebritate
1845 3470 2031 3568 pulchrius
2054 3486 2123 3555 est,
2156 3471 2194 3540 in

147 3591 183 3646 et
203 3576 402 3645 vibrantem
427 3578 604 3669 spiculum
627 3600 690 3647 seu
712 3590 866 3648 exertam
890 3579 1057 3663 caudam,
1081 3600 1144 3647 ceu
1199 3586 1330 3680 quihus
1345 3578 1508 3653 honrines
1520 3580 1687 3670 ingeniis,
1714 3580 1877 3650 doctrina
1892 3591 1927 3648 et
1942 3578 2075 3646 virtute
2091 3596 2195 3667 prae-

147 3679 327 3769 κωΡἰιηῃ
366 3679 531 3750 in⁸idi³fi
574 3680 731 3765 civibusss
779 3694 814 3751 ei
854 3678 1145 3772 circumnectere
1199 3702 1329 3759 stantes
1349 3684 1587 3765 conveniunt,
1619 3697 1661 3753 ut
1681 3684 1830 3754 audiant
1852 3682 1892 3751 in
1914 3682 2046 3775 quibus
2067 3676 2196 3749 studiis

147 3804 255 3875 quem
288 3782 412 3864 feriat,
450 3808 556 3876 quem
590 3784 709 3878 aliqua
744 3782 922 3852 calumnia
957 3785 1146 3874 opprimat,
1200 3805 1358 3861 versetur
1379 3789 1567 3872 iuventus,
1601 3809 1690 3880 quos
1710 3787 1816 3856 iaciat
1838 3807 2040 3877 processus,
2066 3781 2195 3850 iuven·

146 3885 279 3953 deiode
294 3883 357 3978 qui
374 3908 454 3954 cum
472 3886 574 3954 nullo
595 3887 672 3955 cive
685 3886 797 3955 ullius
814 3885 923 3954 officii
946 3887 1144 3956 societatem
1200 3910 1255 3964 ms
1279 3895 1496 3962 admonetur
1517 3892 1561 3960 de
1585 3890 1708 3959 multis
1733 3890 1870 3980 magnis
1891 3888 2018 3970 rebus,
2044 3904 2194 3978 quarum

148 3981 296 4070 babeat,
327 3989 388 4055 sed
419 4012 499 4057 com
530 3988 602 4056 illis
624 3989 740 4073 vivat,
775 4009 866 4082 qaaos
887 3988 981 4077 apud
1014 3987 1147 4056 interos
1199 3997 1355 4085 cognitio
1380 3996 1421 4064 ad
1446 3995 1554 4065 vitam
1577 3993 1768 4064 utilissima
1789 4008 1851 4064 ear.
1905 3982 2196 4085 Sidtudi'gtadia-

146 4090 250 4160 aiunt
263 4090 417 4160 assidere
435 4090 565 4182 impiis,
584 4091 749 4160 videlieet
765 4114 846 4159 cum
866 4088 1024 4178 invidia,
1044 4087 1147 4157 furiis
1200 4100 1283 4166 corii
1307 4099 1432 4168 flerent
1452 4111 1513 4167 aut
1531 4097 1561 4165 ai
1577 4095 1784 4189 peregrinae
1799 4116 1952 4177 merces,
1979 4102 2039 4161 aut
2053 4086 2194 4158 belluae

147 4208 184 4262 et
209 4193 288 4261 aliie
311 4193 481 4285 pestibus·
532 4194 585 4262 ltn
602 4193 770 4263 describit
787 4187 1048 4263 Demosthenes
1062 4186 1145 4260 Ati·
1202 4196 1456 4270 exhiberentur
1470 4201 1699 4291 spectandae,
1725 4199 1786 4292 qui
1803 4217 1995 4268 concursus
2006 4188 2195 4261 hominnm

147 4295 375 4379 stogitonem.
418 4294 516 4387 Quid
534 4295 1146 4384 autemalieniusessedebetprae-
1201 4315 1272 4372 tota
1304 4305 1394 4373 urbe
1423 4304 1571 4372 tierent?
1623 4298 1672 4373 At
1701 4325 1741 4371 re
1769 4326 1850 4370 vera
1875 4298 2016 4369 nultum
2040 4307 2092 4362 est
2113 4290 2196 4383 pul-

145 4398 270 4468 sertim
295 4401 342 4469 ab
366 4394 512 4468 homine
537 4401 661 4482 docto,
687 4397 852 4469 instituto
872 4386 921 4467 'ad
943 4392 1145 4468 hnmanita·
1202 4400 1321 4474 chrius
1343 4406 1599 4495 spectaculum,
1621 4428 1728 4499 quam
1750 4406 1930 4474 bonorum
1953 4412 1986 4468 et
2010 4400 2196 4464 doctorum

146 4515 240 4583 tem,
275 4515 307 4571 et
333 4502 434 4572 cuins
453 4525 570 4571 mores
593 4514 629 4570 ct
651 4500 806 4595 eruditio
825 4502 958 4571 debent
982 4503 1147 4590 prodesse
1202 4506 1363 4575 virorum
1394 4519 1532 4592 coetus3
1565 4508 1707 4577 nullum
1729 4507 1828 4575 enim
1849 4500 1955 4574 habet
1978 4493 2195 4585 Respublica

146 4602 307 4692 Reipub.
331 4606 433 4674 cuins
463 4618 536 4674 tota
563 4605 633 4672 vita
664 4604 769 4671 debet
794 4626 867 4672 esse
895 4597 1094 4696 κοινωνικὴ
1115 4618 1147 4672 et
1174 4684 1176 4689 ,
1202 4608 1316 4678 maius
1337 4623 1600 4682 ornamentum.
1652 4607 1802 4680 Etcum
1820 4594 2058 4693 virtutelnihil
2074 4597 2119 4664 sit
2132 4596 2199 4664 ad-

146 4707 255 4799 plena
273 4708 391 4791 officit,
416 4730 521 4800 qnam
541 4708 607 4778 isto
623 4705 877 4794 Aristogitonis
891 4729 990 4775 more
1006 4706 1149 4775 vivere'?
1173 4696 1177 4803 i
1202 4711 1420 4795 mirabilius,
1448 4734 1575 4798 magna
1593 4713 1760 4802 voluptas
1781 4724 1833 4780 est
1852 4712 1969 4778 bonae
1983 4698 2116 4781 menti,
2144 4709 2197 4766 ta-

145 4811 211 4902 qui
237 4809 380 4900 quidem
406 4810 573 4900 proprius
594 4822 645 4879 est
666 4803 985 4902 sycophantarum,
1011 4808 1074 4901 qui
1098 4809 1148 4878 ir·
1174 4812 1177 4865 l
1202 4816 1252 4883 les
1278 4812 1408 4882 intueri
1430 4813 1546 4892 viros,
1579 4813 1618 4881 in
1642 4814 1773 4906 quibus
1797 4814 1890 4882 lucet
1914 4803 2061 4897 egregia·
2128 4797 2197 4866 ltn-

146 4925 263 4981 ruunt
277 4911 315 4979 in
332 4913 424 4981 hene
436 4913 591 4986 meritos.
1173 4870 1177 4975 i
1201 4940 1271 5011 que
1288 4911 1479 4984 honestum
1496 4927 1549 4983 est
1565 4910 1668 4984 vohis
1682 4940 1702 4983 a
1714 4913 1860 5010 Cynicis
1876 4910 1947 4980 illis
1965 4900 2198 4995 opinionibus

253 5012 346 5083 Cum
374 5028 490 5085 autem
523 5010 614 5085 mihi
649 5014 794 5108 quidem
831 5012 1053 5104 impossihile
1084 5014 1149 5100 sit,
1174 5022 1177 5085 l
1203 5018 1408 5099 dissentire,
1436 5038 1525 5107 quae
1545 5010 1610 5084 hos
1625 5040 1741 5086 mores
1757 5004 1991 5086 insulsissime
2004 4996 2198 5094 reprehen-

1264 902 1306 911 --u
1339 902 1351 909 -ι
1363 901 1510 913 ”uo—0
1530 904 1554 911 ..ι
1566 903 1580 912 ,ρ
1589 904 1716 912 -.--......-
1728 906 1787 912 ...--
1800 902 2001 922 -ῳ--ηἿιμ--
2016 906 2067 914 ,ηι-
2082 904 2193 914 ...ιιι-κ

1194 1705 1325 1773 Oratio
1347 1696 1395 1769 de
1419 1700 1500 1767 vita
1515 1696 1751 1783 Aristotelis,
1786 1694 1890 1767 diota
1908 1699 1950 1767 in
1962 1695 2193 1787 promotione

1257 1806 1531 1898 magistrorum
1549 1822 1572 1869 a
1590 1796 1689 1869 Phil.
1703 1800 1792 1871 Mel.
1808 1800 2129 1899 arnamar.

149 5116 436 5205 magnitudinem
452 5112 559 5188 huius
573 5142 698 5189 causae
717 5138 868 5209 aequare
885 5115 1049 5199 dicendo,
1074 5142 1147 5187 non
1174 5098 1177 5175 i
1202 5124 1308 5191 dunt.
1359 5114 1461 5187 Nihil
1486 5130 1602 5187 autem
1626 5118 1664 5185 in
1679 5139 1868 5207 congressu
1886 5111 2106 5183 eruditorum
2122 5122 2199 5167 mn·

148 5218 252 5289 volni
271 5242 343 5288 esse
357 5218 541 5311 prolixior.
586 5218 635 5293 Et
649 5234 769 5290 tamen
786 5213 873 5288 haec
889 5232 1072 5310 praecepta
1090 5222 1149 5289 ln·
1174 5206 1177 5275 i
1202 5224 1255 5314 gis
1278 5225 1398 5303 decet,
1424 5243 1531 5313 quam
1557 5221 1602 5289 de
1629 5220 1734 5288 rebus
1756 5219 1860 5287 bouis
1882 5216 1999 5285 dicere
2018 5206 2198 5293 disputare

152 5323 297 5393 terdum
321 5323 531 5392 inculcanda
552 5339 637 5396 sunt
652 5320 955 5406 adolescentibus,
979 5335 1012 5391 et
1028 5337 1148 5393 osten·
1203 5325 1356 5417 aliquid.
2072 5399 2095 5418 ..
2168 5360 2181 5415 ,-

151 5425 332 5508 dendum,
372 5439 502 5517 quanta
533 5426 580 5497 sit
604 5426 774 5497 vitiorum
804 5423 1002 5515 turpitudo.
1065 5422 1150 5494 ldeu
1305 5424 1463 5494 Proinde
1480 5446 1564 5497 ¹cnm
1580 5418 1649 5490 hoc
1663 5433 1822 5508 tempore
1837 5408 1973 5508 publici
1990 5403 2096 5474 oilicn
2111 5413 2202 5469 ratio

154 5520 242 5595 haec
259 5531 429 5619 paneade
445 5529 717 5619 ingratitudine,
745 5524 812 5597 hoc
832 5540 991 5618 tempore
1013 5526 1150 5617 collegi,
1202 5523 1294 5598 mihi
1316 5522 1380 5597 has
1395 5521 1671 5660 ⁹³”‘⁸,‘¹,⁵,⁶f¹¹‘¹i
1688 5518 1916 5611 imposuerit,
1943 5521 1979 5576 et
1993 5503 2206 5591 si-aguotws
