<?xml version="1.0" encoding="UTF-8"?>
<!DOCTYPE html PUBLIC "-//W3C//DTD XHTML 1.0 Transitional//EN"
    "http://www.w3.org/TR/xhtml1/DTD/xhtml1-transitional.dtd">
<html xmlns="http://www.w3.org/1999/xhtml" xml:lang="en" lang="en">
 <head>
  <title>
</title>
<meta http-equiv="Content-Type" content="text/html;charset=utf-8" />
  <meta name='ocr-system' content='tesseract 3.04.00' />
  <meta name='ocr-capabilities' content='ocr_page ocr_carea ocr_par ocr_line ocrx_word'/>
</head>
<body>
  <div class='ocr_page' id='page_1' title='image "./philippimelanth00bretgoog_0301.png"; bbox 0 0 4664 6022; ppageno 0'>
   <div class='ocr_carea' id='block_1_1' title="bbox 138 244 2198 424">
    <p class='ocr_par' dir='ltr' id='par_1_1' title="bbox 138 244 2198 424">
     <span class='ocr_line' id='line_1_1' title="bbox 138 244 2198 424; baseline -0.004 -51"><span class='ocrx_word' id='word_1_1' title='bbox 138 298 216 374; x_wconf 84' lang='lat' dir='ltr'><strong>sss</strong></span> <span class='ocrx_word' id='word_1_2' title='bbox 305 244 311 257; x_wconf 65' lang='lat'><em>&#39;</em></span> <span class='ocrx_word' id='word_1_3' title='bbox 551 302 558 315; x_wconf 90' lang='lat'><strong>·</strong></span> <span class='ocrx_word' id='word_1_4' title='bbox 844 285 1491 370; x_wconf 78' lang='lat' dir='ltr'><strong>nncunnaunnosro.</strong></span> <span class='ocrx_word' id='word_1_5' title='bbox 2020 406 2029 424; x_wconf 18' lang='grc' dir='ltr'>ἱ</span> <span class='ocrx_word' id='word_1_6' title='bbox 2122 289 2198 368; x_wconf 73' lang='lat' dir='ltr'><strong>sss</strong></span> 
     </span>
    </p>
   </div>
   <div class='ocr_carea' id='block_1_2' title="bbox 37 461 2230 5571">
    <p class='ocr_par' dir='ltr' id='par_1_2' title="bbox 37 461 2230 5571">
     <span class='ocr_line' id='line_1_2' title="bbox 141 461 2199 565; baseline 0 -21"><span class='ocrx_word' id='word_1_7' title='bbox 141 475 210 558; x_wconf 91' lang='lat' dir='ltr'><strong>ita,</strong></span> <span class='ocrx_word' id='word_1_8' title='bbox 244 472 274 542; x_wconf 89' lang='lat' dir='ltr'><strong>si</strong></span> <span class='ocrx_word' id='word_1_9' title='bbox 289 468 455 544; x_wconf 88' lang='lat' dir='ltr'><strong>Creontis</strong></span> <span class='ocrx_word' id='word_1_10' title='bbox 481 470 575 539; x_wconf 88' lang='lat' dir='ltr'><strong>filius</strong></span> <span class='ocrx_word' id='word_1_11' title='bbox 599 480 788 549; x_wconf 89' lang='lat' dir='ltr'><strong>mactatus,</strong></span> <span class='ocrx_word' id='word_1_12' title='bbox 821 465 969 537; x_wconf 90' lang='lat' dir='ltr'><strong>victima</strong></span> <span class='ocrx_word' id='word_1_13' title='bbox 993 469 1052 538; x_wconf 87' lang='lat' dir='ltr'><strong>fiat</strong></span> <span class='ocrx_word' id='word_1_14' title='bbox 1074 493 1137 560; x_wconf 92' lang='lat' dir='ltr'><strong>pro</strong></span> <span class='ocrx_word' id='word_1_15' title='bbox 1291 461 1476 536; x_wconf 88' lang='lat' dir='ltr'><strong>Habuistis</strong></span> <span class='ocrx_word' id='word_1_16' title='bbox 1503 467 1670 539; x_wconf 91' lang='lat' dir='ltr'><strong>vaticinia</strong></span> <span class='ocrx_word' id='word_1_17' title='bbox 1696 469 1979 565; x_wconf 78' lang='lat' dir='ltr'><strong>qualiacunque,</strong></span> <span class='ocrx_word' id='word_1_18' title='bbox 2020 487 2081 546; x_wconf 88' lang='lat' dir='ltr'><strong>aut</strong></span> <span class='ocrx_word' id='word_1_19' title='bbox 2123 488 2199 535; x_wconf 66' lang='lat'><strong>2¹¹1·</strong></span> 
     </span>
     <span class='ocr_line' id='line_1_3' title="bbox 142 565 2197 668; baseline -0.002 -24"><span class='ocrx_word' id='word_1_20' title='bbox 142 575 266 668; x_wconf 88' lang='lat' dir='ltr'><strong>patria.</strong></span> <span class='ocrx_word' id='word_1_21' title='bbox 324 566 475 643; x_wconf 88' lang='lat' dir='ltr'><strong>Calchas</strong></span> <span class='ocrx_word' id='word_1_22' title='bbox 501 572 704 641; x_wconf 88' lang='lat' dir='ltr'><strong>divinatde</strong></span> <span class='ocrx_word' id='word_1_23' title='bbox 727 568 864 637; x_wconf 83' lang='lat' dir='ltr'><strong>excidio</strong></span> <span class='ocrx_word' id='word_1_24' title='bbox 895 568 1044 639; x_wconf 80' lang='lat' dir='ltr'>Troiae:</span> <span class='ocrx_word' id='word_1_25' title='bbox 1078 573 1137 640; x_wconf 89' lang='lat' dir='ltr'><strong>sed</strong></span> <span class='ocrx_word' id='word_1_26' title='bbox 1191 565 1317 655; x_wconf 85' lang='lat' dir='ltr'><strong>bigua,</strong></span> <span class='ocrx_word' id='word_1_27' title='bbox 1343 581 1405 639; x_wconf 90' lang='lat' dir='ltr'><strong>aut</strong></span> <span class='ocrx_word' id='word_1_28' title='bbox 1427 592 1543 638; x_wconf 91' lang='lat' dir='ltr'><strong>rerum</strong></span> <span class='ocrx_word' id='word_1_29' title='bbox 1569 594 1709 657; x_wconf 90' lang='lat' dir='ltr'><strong>earnm,</strong></span> <span class='ocrx_word' id='word_1_30' title='bbox 1736 596 1826 665; x_wconf 91' lang='lat' dir='ltr'><strong>quae</strong></span> <span class='ocrx_word' id='word_1_31' title='bbox 1849 586 1952 643; x_wconf 89' lang='lat' dir='ltr'><strong>erant</strong></span> <span class='ocrx_word' id='word_1_32' title='bbox 1974 588 2082 647; x_wconf 87' lang='lat' dir='ltr'><strong>notae</strong></span> <span class='ocrx_word' id='word_1_33' title='bbox 2114 575 2197 642; x_wconf 86' lang='lat' dir='ltr'><strong>dae-</strong></span> 
     </span>
     <span class='ocr_line' id='line_1_4' title="bbox 145 668 2197 766; baseline -0.001 -17"><span class='ocrx_word' id='word_1_34' title='bbox 145 678 252 749; x_wconf 84' lang='lat' dir='ltr'><strong>simnl</strong></span> <span class='ocrx_word' id='word_1_35' title='bbox 267 677 367 747; x_wconf 94' lang='lat' dir='ltr'><strong>iubet</strong></span> <span class='ocrx_word' id='word_1_36' title='bbox 380 673 488 765; x_wconf 87' lang='lat' dir='ltr'><strong>Regis</strong></span> <span class='ocrx_word' id='word_1_37' title='bbox 503 673 612 741; x_wconf 84' lang='lat' dir='ltr'><strong>filiam</strong></span> <span class='ocrx_word' id='word_1_38' title='bbox 628 672 821 744; x_wconf 89' lang='lat' dir='ltr'><strong>immolari.</strong></span> <span class='ocrx_word' id='word_1_39' title='bbox 876 669 966 741; x_wconf 92' lang='lat' dir='ltr'><strong>Cum</strong></span> <span class='ocrx_word' id='word_1_40' title='bbox 983 670 1140 742; x_wconf 87' lang='lat' dir='ltr'><strong>Alexan·</strong></span> <span class='ocrx_word' id='word_1_41' title='bbox 1192 668 1371 740; x_wconf 91' lang='lat' dir='ltr'><strong>monibus.</strong></span> <span class='ocrx_word' id='word_1_42' title='bbox 1422 668 1492 740; x_wconf 86' lang='lat' dir='ltr'><strong>Sed</strong></span> <span class='ocrx_word' id='word_1_43' title='bbox 1511 668 1617 742; x_wconf 90' lang='lat' dir='ltr'><strong>habet</strong></span> <span class='ocrx_word' id='word_1_44' title='bbox 1632 671 1790 744; x_wconf 86' lang='lat' dir='ltr'><strong>Ecclesia</strong></span> <span class='ocrx_word' id='word_1_45' title='bbox 1808 675 1913 766; x_wconf 91' lang='lat' dir='ltr'><strong>longe</strong></span> <span class='ocrx_word' id='word_1_46' title='bbox 1927 676 1998 746; x_wconf 88' lang='lat' dir='ltr'><strong>alia</strong></span> <span class='ocrx_word' id='word_1_47' title='bbox 2015 674 2197 756; x_wconf 80' lang='lat' dir='ltr'><strong>vaticinia.</strong></span> 
     </span>
     <span class='ocr_line' id='line_1_5' title="bbox 145 768 2191 870; baseline -0.004 -19"><span class='ocrx_word' id='word_1_48' title='bbox 145 768 251 851; x_wconf 84' lang='lat' dir='ltr'><strong>drum</strong></span> <span class='ocrx_word' id='word_1_49' title='bbox 274 779 313 846; x_wconf 93' lang='lat' dir='ltr'><strong>in</strong></span> <span class='ocrx_word' id='word_1_50' title='bbox 338 776 437 846; x_wconf 88' lang='lat' dir='ltr'><strong>aditu</strong></span> <span class='ocrx_word' id='word_1_51' title='bbox 452 775 574 870; x_wconf 86' lang='lat' dir='ltr'><strong>Syriae</strong></span> <span class='ocrx_word' id='word_1_52' title='bbox 597 774 714 844; x_wconf 88' lang='lat' dir='ltr'><strong>subita</strong></span> <span class='ocrx_word' id='word_1_53' title='bbox 738 771 878 864; x_wconf 81' lang='lat' dir='ltr'><strong>eclipsis</strong></span> <span class='ocrx_word' id='word_1_54' title='bbox 894 771 1020 844; x_wconf 89' lang='lat' dir='ltr'><strong>Lunae</strong></span> <span class='ocrx_word' id='word_1_55' title='bbox 1043 799 1143 845; x_wconf 88' lang='lat' dir='ltr'><strong>exce·</strong></span> <span class='ocrx_word' id='word_1_56' title='bbox 1194 773 1239 840; x_wconf 89' lang='lat' dir='ltr'><strong>de</strong></span> <span class='ocrx_word' id='word_1_57' title='bbox 1254 770 1438 843; x_wconf 87' lang='lat' dir='ltr'><strong>voluntate</strong></span> <span class='ocrx_word' id='word_1_58' title='bbox 1452 771 1538 858; x_wconf 90' lang='lat' dir='ltr'><strong>Dei,</strong></span> <span class='ocrx_word' id='word_1_59' title='bbox 1560 776 1603 842; x_wconf 93' lang='lat' dir='ltr'><strong>de</strong></span> <span class='ocrx_word' id='word_1_60' title='bbox 1618 776 1785 845; x_wconf 83' lang='lat' dir='ltr'><strong>fatalibus</strong></span> <span class='ocrx_word' id='word_1_61' title='bbox 1803 799 1864 846; x_wconf 90' lang='lat' dir='ltr'><strong>sen</strong></span> <span class='ocrx_word' id='word_1_62' title='bbox 1882 777 2016 848; x_wconf 91' lang='lat' dir='ltr'><strong>divinis</strong></span> <span class='ocrx_word' id='word_1_63' title='bbox 2032 774 2191 851; x_wconf 85' lang='lat' dir='ltr'><strong>universi</strong></span> 
     </span>
     <span class='ocr_line' id='line_1_6' title="bbox 146 871 2192 976; baseline 0 -27"><span class='ocrx_word' id='word_1_64' title='bbox 146 884 256 975; x_wconf 89' lang='lat' dir='ltr'><strong>pisset</strong></span> <span class='ocrx_word' id='word_1_65' title='bbox 282 902 402 949; x_wconf 90' lang='lat' dir='ltr'><strong>mense</strong></span> <span class='ocrx_word' id='word_1_66' title='bbox 422 872 594 962; x_wconf 81' lang='lat' dir='ltr'>Octobri,</span> <span class='ocrx_word' id='word_1_67' title='bbox 626 888 661 946; x_wconf 94' lang='lat' dir='ltr'><strong>et</strong></span> <span class='ocrx_word' id='word_1_68' title='bbox 682 875 852 944; x_wconf 84' lang='lat' dir='ltr'><strong>nonnulli</strong></span> <span class='ocrx_word' id='word_1_69' title='bbox 876 877 1040 967; x_wconf 91' lang='lat' dir='ltr'><strong>prodigio</strong></span> <span class='ocrx_word' id='word_1_70' title='bbox 1063 901 1144 946; x_wconf 92' lang='lat' dir='ltr'><strong>mo·</strong></span> <span class='ocrx_word' id='word_1_71' title='bbox 1193 871 1322 941; x_wconf 91' lang='lat' dir='ltr'><strong>mundi</strong></span> <span class='ocrx_word' id='word_1_72' title='bbox 1332 876 1601 962; x_wconf 90' lang='lat' dir='ltr'><strong>mutationibus,</strong></span> <span class='ocrx_word' id='word_1_73' title='bbox 1618 878 1662 947; x_wconf 92' lang='lat' dir='ltr'><strong>de</strong></span> <span class='ocrx_word' id='word_1_74' title='bbox 1672 880 1798 948; x_wconf 90' lang='lat' dir='ltr'><strong>ordine</strong></span> <span class='ocrx_word' id='word_1_75' title='bbox 1817 880 2051 970; x_wconf 87' lang='lat' dir='ltr'><strong>imperiorum</strong></span> <span class='ocrx_word' id='word_1_76' title='bbox 2069 904 2192 976; x_wconf 91' lang='lat' dir='ltr'><strong>perpe·</strong></span> 
     </span>
     <span class='ocr_line' id='line_1_7' title="bbox 148 972 2191 1068; baseline 0.002 -17"><span class='ocrx_word' id='word_1_77' title='bbox 148 996 335 1066; x_wconf 90' lang='lat' dir='ltr'><strong>verentur,</strong></span> <span class='ocrx_word' id='word_1_78' title='bbox 360 979 568 1050; x_wconf 88' lang='lat' dir='ltr'><strong>vaticinatus</strong></span> <span class='ocrx_word' id='word_1_79' title='bbox 583 991 635 1048; x_wconf 94' lang='lat' dir='ltr'><strong>est</strong></span> <span class='ocrx_word' id='word_1_80' title='bbox 647 975 858 1047; x_wconf 87' lang='lat' dir='ltr'><strong>Aristander</strong></span> <span class='ocrx_word' id='word_1_81' title='bbox 872 1000 914 1046; x_wconf 89' lang='lat' dir='ltr'><strong>eo</strong></span> <span class='ocrx_word' id='word_1_82' title='bbox 938 976 1143 1049; x_wconf 90' lang='lat' dir='ltr'><strong>menseBa-</strong></span> <span class='ocrx_word' id='word_1_83' title='bbox 1197 986 1271 1045; x_wconf 92' lang='lat' dir='ltr'><strong>tuo.</strong></span> <span class='ocrx_word' id='word_1_84' title='bbox 1323 972 1420 1043; x_wconf 89' lang='lat' dir='ltr'><strong>Haec</strong></span> <span class='ocrx_word' id='word_1_85' title='bbox 1443 978 1514 1049; x_wconf 86' lang='lat' dir='ltr'><strong>lata</strong></span> <span class='ocrx_word' id='word_1_86' title='bbox 1537 993 1572 1049; x_wconf 91' lang='lat' dir='ltr'><strong>et</strong></span> <span class='ocrx_word' id='word_1_87' title='bbox 1597 980 1811 1068; x_wconf 79' lang='lat' dir='ltr'><strong>ignorabant</strong></span> <span class='ocrx_word' id='word_1_88' title='bbox 1833 994 1867 1051; x_wconf 92' lang='lat' dir='ltr'><strong>et</strong></span> <span class='ocrx_word' id='word_1_89' title='bbox 1890 982 2089 1056; x_wconf 83' lang='lat' dir='ltr'><strong>formidant</strong></span> <span class='ocrx_word' id='word_1_90' title='bbox 2115 985 2191 1054; x_wconf 89' lang='lat' dir='ltr'><strong>dae-</strong></span> 
     </span>
     <span class='ocr_line' id='line_1_8' title="bbox 149 1073 2189 1179; baseline 0 -23"><span class='ocrx_word' id='word_1_91' title='bbox 149 1086 328 1179; x_wconf 91' lang='lat' dir='ltr'><strong>bylonem,</strong></span> <span class='ocrx_word' id='word_1_92' title='bbox 352 1081 538 1174; x_wconf 83' lang='lat' dir='ltr'><strong>profligato</strong></span> <span class='ocrx_word' id='word_1_93' title='bbox 552 1079 663 1151; x_wconf 89' lang='lat' dir='ltr'><strong>Dario</strong></span> <span class='ocrx_word' id='word_1_94' title='bbox 682 1093 867 1148; x_wconf 89' lang='lat' dir='ltr'><strong>venturam</strong></span> <span class='ocrx_word' id='word_1_95' title='bbox 882 1079 919 1147; x_wconf 92' lang='lat' dir='ltr'><strong>in</strong></span> <span class='ocrx_word' id='word_1_96' title='bbox 937 1093 1143 1172; x_wconf 87' lang='lat' dir='ltr'><strong>potestatem</strong></span> <span class='ocrx_word' id='word_1_97' title='bbox 1197 1099 1333 1147; x_wconf 89' lang='lat' dir='ltr'><strong>mones.</strong></span> <span class='ocrx_word' id='word_1_98' title='bbox 1387 1073 1497 1147; x_wconf 91' lang='lat' dir='ltr'><strong>lnitio</strong></span> <span class='ocrx_word' id='word_1_99' title='bbox 1522 1079 1617 1150; x_wconf 89' lang='lat' dir='ltr'><strong>Deus</strong></span> <span class='ocrx_word' id='word_1_100' title='bbox 1642 1082 1818 1172; x_wconf 81' lang='lat' dir='ltr'><strong>praedixit</strong></span> <span class='ocrx_word' id='word_1_101' title='bbox 1844 1107 1880 1152; x_wconf 89' lang='lat' dir='ltr'><strong>se</strong></span> <span class='ocrx_word' id='word_1_102' title='bbox 1912 1085 2107 1156; x_wconf 88' lang='lat' dir='ltr'><strong>missurum</strong></span> <span class='ocrx_word' id='word_1_103' title='bbox 2130 1080 2189 1157; x_wconf 87' lang='lat' dir='ltr'><strong>hn-</strong></span> 
     </span>
     <span class='ocr_line' id='line_1_9' title="bbox 150 1172 2187 1278; baseline 0 -19"><span class='ocrx_word' id='word_1_104' title='bbox 150 1172 356 1259; x_wconf 80' lang='lat' dir='ltr'><strong>Alexandri.</strong></span> <span class='ocrx_word' id='word_1_105' title='bbox 407 1179 456 1254; x_wconf 81' lang='lat' dir='ltr'><strong>Et</strong></span> <span class='ocrx_word' id='word_1_106' title='bbox 480 1183 563 1276; x_wconf 90' lang='lat' dir='ltr'><strong>quia</strong></span> <span class='ocrx_word' id='word_1_107' title='bbox 586 1181 826 1273; x_wconf 90' lang='lat' dir='ltr'><strong>periculosum</strong></span> <span class='ocrx_word' id='word_1_108' title='bbox 849 1197 1026 1253; x_wconf 88' lang='lat' dir='ltr'><strong>certamen</strong></span> <span class='ocrx_word' id='word_1_109' title='bbox 1048 1184 1146 1253; x_wconf 83' lang='lat' dir='ltr'><strong>futu·</strong></span> <span class='ocrx_word' id='word_1_110' title='bbox 1196 1201 1304 1248; x_wconf 90' lang='lat' dir='ltr'><strong>mano</strong></span> <span class='ocrx_word' id='word_1_111' title='bbox 1320 1180 1441 1268; x_wconf 79' lang='lat' dir='ltr'><strong>generi</strong></span> <span class='ocrx_word' id='word_1_112' title='bbox 1456 1179 1719 1275; x_wconf 89' lang='lat' dir='ltr'><strong>Liberatorem,</strong></span> <span class='ocrx_word' id='word_1_113' title='bbox 1746 1185 1809 1278; x_wconf 92' lang='lat' dir='ltr'><strong>qui</strong></span> <span class='ocrx_word' id='word_1_114' title='bbox 1828 1185 1939 1275; x_wconf 81' lang='lat' dir='ltr'><strong>possit</strong></span> <span class='ocrx_word' id='word_1_115' title='bbox 1956 1188 2088 1258; x_wconf 88' lang='lat' dir='ltr'><strong>tollere</strong></span> <span class='ocrx_word' id='word_1_116' title='bbox 2103 1213 2187 1259; x_wconf 88' lang='lat' dir='ltr'><strong>mor-</strong></span> 
     </span>
     <span class='ocr_line' id='line_1_10' title="bbox 151 1278 2186 1378; baseline 0 -18"><span class='ocrx_word' id='word_1_117' title='bbox 151 1300 341 1366; x_wconf 76' lang='lat' dir='ltr'><strong>numerat,</strong></span> <span class='ocrx_word' id='word_1_118' title='bbox 366 1278 771 1354; x_wconf 90' lang='lat' dir='ltr'><strong>iussithumanahostia</strong></span> <span class='ocrx_word' id='word_1_119' title='bbox 790 1284 899 1353; x_wconf 89' lang='lat' dir='ltr'><strong>litari.</strong></span> <span class='ocrx_word' id='word_1_120' title='bbox 952 1283 1070 1355; x_wconf 89' lang='lat' dir='ltr'><strong>Multa</strong></span> <span class='ocrx_word' id='word_1_121' title='bbox 1087 1310 1146 1355; x_wconf 86' lang='lat' dir='ltr'><strong>ex·</strong></span> <span class='ocrx_word' id='word_1_122' title='bbox 1199 1293 1284 1351; x_wconf 89' lang='lat' dir='ltr'><strong>tem.</strong></span> <span class='ocrx_word' id='word_1_123' title='bbox 1325 1279 1451 1351; x_wconf 87' lang='lat' dir='ltr'><strong>Postea</strong></span> <span class='ocrx_word' id='word_1_124' title='bbox 1472 1281 1577 1352; x_wconf 90' lang='lat' dir='ltr'><strong>Vates</strong></span> <span class='ocrx_word' id='word_1_125' title='bbox 1593 1286 1704 1354; x_wconf 89' lang='lat' dir='ltr'><strong>nostri</strong></span> <span class='ocrx_word' id='word_1_126' title='bbox 1724 1290 1768 1355; x_wconf 93' lang='lat' dir='ltr'><strong>de</strong></span> <span class='ocrx_word' id='word_1_127' title='bbox 1783 1299 1943 1378; x_wconf 91' lang='lat' dir='ltr'><strong>tempore</strong></span> <span class='ocrx_word' id='word_1_128' title='bbox 1960 1291 2137 1377; x_wconf 88' lang='lat' dir='ltr'><strong>dixerunt,</strong></span> <span class='ocrx_word' id='word_1_129' title='bbox 2158 1303 2186 1361; x_wconf 87' lang='lat' dir='ltr'><strong>et</strong></span> 
     </span>
     <span class='ocr_line' id='line_1_11' title="bbox 150 1382 2183 1478; baseline 0.002 -18"><span class='ocrx_word' id='word_1_130' title='bbox 150 1404 229 1461; x_wconf 89' lang='lat' dir='ltr'><strong>tant</strong></span> <span class='ocrx_word' id='word_1_131' title='bbox 243 1387 373 1459; x_wconf 84' lang='lat' dir='ltr'><strong>similia</strong></span> <span class='ocrx_word' id='word_1_132' title='bbox 392 1387 550 1477; x_wconf 85' lang='lat' dir='ltr'><strong>exempla</strong></span> <span class='ocrx_word' id='word_1_133' title='bbox 566 1386 604 1453; x_wconf 92' lang='lat' dir='ltr'><strong>in</strong></span> <span class='ocrx_word' id='word_1_134' title='bbox 621 1382 786 1465; x_wconf 89' lang='lat' dir='ltr'><strong>Graecis,</strong></span> <span class='ocrx_word' id='word_1_135' title='bbox 813 1383 951 1455; x_wconf 85' lang='lat' dir='ltr'><strong>Latinis</strong></span> <span class='ocrx_word' id='word_1_136' title='bbox 968 1400 1002 1457; x_wconf 88' lang='lat' dir='ltr'><strong>et</strong></span> <span class='ocrx_word' id='word_1_137' title='bbox 1018 1390 1148 1459; x_wconf 91' lang='lat' dir='ltr'><strong>barba·</strong></span> <span class='ocrx_word' id='word_1_138' title='bbox 1198 1383 1242 1452; x_wconf 90' lang='lat' dir='ltr'><strong>iis</strong></span> <span class='ocrx_word' id='word_1_139' title='bbox 1264 1384 1541 1471; x_wconf 86' lang='lat' dir='ltr'><strong>mutationibus,</strong></span> <span class='ocrx_word' id='word_1_140' title='bbox 1574 1411 1664 1478; x_wconf 89' lang='lat' dir='ltr'><strong>quac</strong></span> <span class='ocrx_word' id='word_1_141' title='bbox 1692 1389 1836 1458; x_wconf 90' lang='lat' dir='ltr'><strong>interim</strong></span> <span class='ocrx_word' id='word_1_142' title='bbox 1867 1403 2060 1460; x_wconf 85' lang='lat' dir='ltr'><strong>eventurae</strong></span> <span class='ocrx_word' id='word_1_143' title='bbox 2089 1407 2183 1465; x_wconf 88' lang='lat' dir='ltr'><strong>erant.</strong></span> 
     </span>
     <span class='ocr_line' id='line_1_12' title="bbox 150 1481 2184 1582; baseline 0.003 -23"><span class='ocrx_word' id='word_1_144' title='bbox 150 1494 235 1563; x_wconf 87' lang='lat' dir='ltr'><strong>ricis</strong></span> <span class='ocrx_word' id='word_1_145' title='bbox 259 1488 436 1571; x_wconf 87' lang='lat' dir='ltr'><strong>historiis,</strong></span> <span class='ocrx_word' id='word_1_146' title='bbox 469 1511 560 1579; x_wconf 88' lang='lat' dir='ltr'><strong>quae</strong></span> <span class='ocrx_word' id='word_1_147' title='bbox 582 1510 696 1578; x_wconf 87' lang='lat' dir='ltr'><strong>nuper</strong></span> <span class='ocrx_word' id='word_1_148' title='bbox 720 1489 825 1557; x_wconf 87' lang='lat' dir='ltr'><strong>etiam</strong></span> <span class='ocrx_word' id='word_1_149' title='bbox 850 1489 968 1582; x_wconf 92' lang='lat' dir='ltr'><strong>inquit</strong></span> <span class='ocrx_word' id='word_1_150' title='bbox 990 1489 1148 1561; x_wconf 83' lang='lat' dir='ltr'><strong>Ambro-</strong></span> <span class='ocrx_word' id='word_1_151' title='bbox 1198 1481 1329 1555; x_wconf 89' lang='lat' dir='ltr'><strong>Daniel</strong></span> <span class='ocrx_word' id='word_1_152' title='bbox 1354 1485 1447 1555; x_wconf 89' lang='lat' dir='ltr'><strong>clare</strong></span> <span class='ocrx_word' id='word_1_153' title='bbox 1474 1489 1542 1573; x_wconf 89' lang='lat' dir='ltr'><strong>ait,</strong></span> <span class='ocrx_word' id='word_1_154' title='bbox 1567 1503 1721 1581; x_wconf 90' lang='lat' dir='ltr'><strong>quatuor</strong></span> <span class='ocrx_word' id='word_1_155' title='bbox 1738 1491 1874 1561; x_wconf 83' lang='lat' dir='ltr'><strong>futuras</strong></span> <span class='ocrx_word' id='word_1_156' title='bbox 1896 1489 2138 1581; x_wconf 86' lang='lat' dir='ltr'><strong>monarchias,</strong></span> <span class='ocrx_word' id='word_1_157' title='bbox 2158 1509 2184 1566; x_wconf 87' lang='lat' dir='ltr'><strong>et</strong></span> 
     </span>
     <span class='ocr_line' id='line_1_13' title="bbox 153 1584 2183 1687; baseline 0.001 -23"><span class='ocrx_word' id='word_1_158' title='bbox 153 1597 244 1674; x_wconf 86' lang='lat' dir='ltr'><strong>sius,</strong></span> <span class='ocrx_word' id='word_1_159' title='bbox 270 1602 439 1661; x_wconf 89' lang='lat' dir='ltr'><strong>renovata</strong></span> <span class='ocrx_word' id='word_1_160' title='bbox 462 1590 626 1659; x_wconf 87' lang='lat' dir='ltr'><strong>audimus</strong></span> <span class='ocrx_word' id='word_1_161' title='bbox 642 1614 660 1658; x_wconf 89' lang='lat' dir='ltr'><strong>a</strong></span> <span class='ocrx_word' id='word_1_162' title='bbox 676 1584 834 1677; x_wconf 86' lang='lat' dir='ltr'><strong>iuliano,</strong></span> <span class='ocrx_word' id='word_1_163' title='bbox 861 1592 975 1687; x_wconf 92' lang='lat' dir='ltr'><strong>quise</strong></span> <span class='ocrx_word' id='word_1_164' title='bbox 991 1590 1148 1663; x_wconf 83' lang='lat' dir='ltr'><strong>Alexan·</strong></span> <span class='ocrx_word' id='word_1_165' title='bbox 1199 1586 1238 1655; x_wconf 91' lang='lat' dir='ltr'><strong>in</strong></span> <span class='ocrx_word' id='word_1_166' title='bbox 1257 1600 1382 1678; x_wconf 90' lang='lat' dir='ltr'><strong>quarta</strong></span> <span class='ocrx_word' id='word_1_167' title='bbox 1398 1602 1589 1660; x_wconf 88' lang='lat' dir='ltr'><strong>venturum</strong></span> <span class='ocrx_word' id='word_1_168' title='bbox 1604 1594 1811 1675; x_wconf 90' lang='lat' dir='ltr'><strong>dominum,</strong></span> <span class='ocrx_word' id='word_1_169' title='bbox 1838 1606 1871 1663; x_wconf 91' lang='lat' dir='ltr'><strong>et</strong></span> <span class='ocrx_word' id='word_1_170' title='bbox 1894 1617 1983 1683; x_wconf 89' lang='lat' dir='ltr'><strong>pene</strong></span> <span class='ocrx_word' id='word_1_171' title='bbox 2007 1596 2123 1685; x_wconf 88' lang='lat' dir='ltr'><strong>ipsum</strong></span> <span class='ocrx_word' id='word_1_172' title='bbox 2138 1622 2183 1667; x_wconf 87' lang='lat' dir='ltr'><strong>ar·</strong></span> 
     </span>
     <span class='ocr_line' id='line_1_14' title="bbox 152 1687 2184 1785; baseline 0.005 -25"><span class='ocrx_word' id='word_1_173' title='bbox 152 1700 260 1767; x_wconf 82' lang='lat' dir='ltr'><strong>drum</strong></span> <span class='ocrx_word' id='word_1_174' title='bbox 279 1695 429 1764; x_wconf 88' lang='lat' dir='ltr'><strong>alterum</strong></span> <span class='ocrx_word' id='word_1_175' title='bbox 452 1687 633 1783; x_wconf 85' lang='lat' dir='ltr'><strong>perhiberi</strong></span> <span class='ocrx_word' id='word_1_176' title='bbox 656 1693 808 1766; x_wconf 87' lang='lat' dir='ltr'><strong>volebat.</strong></span> <span class='ocrx_word' id='word_1_177' title='bbox 859 1694 951 1767; x_wconf 91' lang='lat' dir='ltr'><strong>Cum</strong></span> <span class='ocrx_word' id='word_1_178' title='bbox 975 1696 1149 1764; x_wconf 86' lang='lat' dir='ltr'><strong>enimve-</strong></span> <span class='ocrx_word' id='word_1_179' title='bbox 1201 1689 1350 1758; x_wconf 91' lang='lat' dir='ltr'><strong>ticulum</strong></span> <span class='ocrx_word' id='word_1_180' title='bbox 1365 1691 1562 1762; x_wconf 91' lang='lat' dir='ltr'><strong>constituit:</strong></span> <span class='ocrx_word' id='word_1_181' title='bbox 1589 1688 1722 1763; x_wconf 89' lang='lat' dir='ltr'><strong>Omnia</strong></span> <span class='ocrx_word' id='word_1_182' title='bbox 1738 1708 1951 1785; x_wconf 89' lang='lat' dir='ltr'><strong>congruunt,</strong></span> <span class='ocrx_word' id='word_1_183' title='bbox 1967 1698 2184 1770; x_wconf 85' lang='lat' dir='ltr'><strong>venitDomi-</strong></span> 
     </span>
     <span class='ocr_line' id='line_1_15' title="bbox 152 1791 2185 1894; baseline 0 -26"><span class='ocrx_word' id='word_1_184' title='bbox 152 1798 263 1868; x_wconf 90' lang='lat' dir='ltr'><strong>nisset</strong></span> <span class='ocrx_word' id='word_1_185' title='bbox 284 1797 323 1864; x_wconf 90' lang='lat' dir='ltr'><strong>in</strong></span> <span class='ocrx_word' id='word_1_186' title='bbox 347 1797 470 1866; x_wconf 90' lang='lat' dir='ltr'><strong>eadem</strong></span> <span class='ocrx_word' id='word_1_187' title='bbox 494 1796 570 1866; x_wconf 83' lang='lat' dir='ltr'><strong>lo&#39;ca</strong></span> <span class='ocrx_word' id='word_1_188' title='bbox 587 1793 730 1890; x_wconf 84' lang='lat' dir='ltr'><strong>Syriae,</strong></span> <span class='ocrx_word' id='word_1_189' title='bbox 755 1821 892 1867; x_wconf 88' lang='lat' dir='ltr'><strong>mernor</strong></span> <span class='ocrx_word' id='word_1_190' title='bbox 909 1797 1090 1881; x_wconf 86' lang='lat' dir='ltr'><strong>sacrificii,</strong></span> <span class='ocrx_word' id='word_1_191' title='bbox 1117 1809 1150 1866; x_wconf 90' lang='lat' dir='ltr'><strong>et</strong></span> <span class='ocrx_word' id='word_1_192' title='bbox 1201 1813 1287 1874; x_wconf 92' lang='lat' dir='ltr'><strong>nus,</strong></span> <span class='ocrx_word' id='word_1_193' title='bbox 1322 1791 1385 1883; x_wconf 92' lang='lat' dir='ltr'><strong>qui</strong></span> <span class='ocrx_word' id='word_1_194' title='bbox 1411 1794 1531 1864; x_wconf 89' lang='lat' dir='ltr'><strong>multis</strong></span> <span class='ocrx_word' id='word_1_195' title='bbox 1559 1796 1727 1887; x_wconf 88' lang='lat' dir='ltr'><strong>exemplis</strong></span> <span class='ocrx_word' id='word_1_196' title='bbox 1759 1810 1903 1868; x_wconf 88' lang='lat' dir='ltr'><strong>testatus</strong></span> <span class='ocrx_word' id='word_1_197' title='bbox 1928 1814 1999 1884; x_wconf 83' lang='lat' dir='ltr'><strong>est,</strong></span> <span class='ocrx_word' id='word_1_198' title='bbox 2031 1823 2071 1872; x_wconf 85' lang='lat' dir='ltr'><strong>se</strong></span> <span class='ocrx_word' id='word_1_199' title='bbox 2100 1825 2185 1894; x_wconf 80' lang='lat' dir='ltr'><strong>possa</strong></span> 
     </span>
     <span class='ocr_line' id='line_1_16' title="bbox 154 1893 1653 1990; baseline -0.001 -20"><span class='ocrx_word' id='word_1_200' title='bbox 154 1925 274 1970; x_wconf 89' lang='lat' dir='ltr'><strong>rerum</strong></span> <span class='ocrx_word' id='word_1_201' title='bbox 290 1898 342 1968; x_wconf 91' lang='lat' dir='ltr'><strong>ibi</strong></span> <span class='ocrx_word' id='word_1_202' title='bbox 357 1897 403 1968; x_wconf 87' lang='lat' dir='ltr'><strong>ab</strong></span> <span class='ocrx_word' id='word_1_203' title='bbox 419 1897 626 1968; x_wconf 87' lang='lat' dir='ltr'><strong>Alexandro</strong></span> <span class='ocrx_word' id='word_1_204' title='bbox 644 1913 838 1988; x_wconf 88' lang='lat' dir='ltr'><strong>gestarum,</strong></span> <span class='ocrx_word' id='word_1_205' title='bbox 864 1912 900 1969; x_wconf 92' lang='lat' dir='ltr'><strong>et</strong></span> <span class='ocrx_word' id='word_1_206' title='bbox 922 1900 996 1990; x_wconf 89' lang='lat' dir='ltr'><strong>ipse</strong></span> <span class='ocrx_word' id='word_1_207' title='bbox 1018 1915 1151 1969; x_wconf 84' lang='lat' dir='ltr'><strong>macta·</strong></span> <span class='ocrx_word' id='word_1_208' title='bbox 1202 1893 1350 1961; x_wconf 88' lang='lat' dir='ltr'><strong>reddere</strong></span> <span class='ocrx_word' id='word_1_209' title='bbox 1368 1894 1476 1963; x_wconf 88' lang='lat' dir='ltr'><strong>vitam</strong></span> <span class='ocrx_word' id='word_1_210' title='bbox 1493 1898 1653 1968; x_wconf 90' lang='lat' dir='ltr'><strong>mortuis.</strong></span> 
     </span>
     <span class='ocr_line' id='line_1_17' title="bbox 155 1991 2185 2099; baseline 0.004 -30"><span class='ocrx_word' id='word_1_211' title='bbox 155 2002 209 2073; x_wconf 92' lang='lat' dir='ltr'><strong>vit</strong></span> <span class='ocrx_word' id='word_1_212' title='bbox 223 1996 397 2072; x_wconf 89' lang='lat' dir='ltr'><strong>humanas</strong></span> <span class='ocrx_word' id='word_1_213' title='bbox 412 1994 565 2086; x_wconf 88' lang='lat' dir='ltr'><strong>hostias,</strong></span> <span class='ocrx_word' id='word_1_214' title='bbox 590 2025 630 2070; x_wconf 91' lang='lat' dir='ltr'><strong>ac</strong></span> <span class='ocrx_word' id='word_1_215' title='bbox 646 2001 757 2071; x_wconf 90' lang='lat' dir='ltr'><strong>astitit</strong></span> <span class='ocrx_word' id='word_1_216' title='bbox 774 1995 880 2071; x_wconf 91' lang='lat' dir='ltr'><strong>homo</strong></span> <span class='ocrx_word' id='word_1_217' title='bbox 897 1996 1151 2092; x_wconf 81' lang='lat' dir='ltr'><strong>Philosophus,</strong></span> <span class='ocrx_word' id='word_1_218' title='bbox 1289 1991 1352 2099; x_wconf 25' lang='lat' dir='ltr'><strong>‘Et</strong></span> <span class='ocrx_word' id='word_1_219' title='bbox 1368 1996 1465 2067; x_wconf 92' lang='lat' dir='ltr'><strong>venit</strong></span> <span class='ocrx_word' id='word_1_220' title='bbox 1480 2022 1520 2069; x_wconf 88' lang='lat' dir='ltr'><strong>eo</strong></span> <span class='ocrx_word' id='word_1_221' title='bbox 1537 2012 1713 2091; x_wconf 91' lang='lat' dir='ltr'><strong>tempore,</strong></span> <span class='ocrx_word' id='word_1_222' title='bbox 1736 2007 1829 2096; x_wconf 90' lang='lat' dir='ltr'><strong>quod</strong></span> <span class='ocrx_word' id='word_1_223' title='bbox 1849 2020 1941 2079; x_wconf 87' lang='lat' dir='ltr'><strong>extat</strong></span> <span class='ocrx_word' id='word_1_224' title='bbox 1956 2007 1997 2077; x_wconf 93' lang='lat' dir='ltr'><strong>in</strong></span> <span class='ocrx_word' id='word_1_225' title='bbox 2012 2007 2185 2077; x_wconf 80' lang='lat' dir='ltr'><strong>vaticiniis</strong></span> 
     </span>
     <span class='ocr_line' id='line_1_18' title="bbox 155 2091 2186 2201; baseline 0.002 -28"><span class='ocrx_word' id='word_1_226' title='bbox 155 2104 308 2189; x_wconf 89' lang='lat' dir='ltr'><strong>scilicet,</strong></span> <span class='ocrx_word' id='word_1_227' title='bbox 330 2127 435 2198; x_wconf 93' lang='lat' dir='ltr'><strong>quem</strong></span> <span class='ocrx_word' id='word_1_228' title='bbox 449 2101 565 2172; x_wconf 88' lang='lat' dir='ltr'><strong>Pallas</strong></span> <span class='ocrx_word' id='word_1_229' title='bbox 589 2102 663 2193; x_wconf 89' lang='lat' dir='ltr'><strong>ipsa</strong></span> <span class='ocrx_word' id='word_1_230' title='bbox 686 2103 730 2172; x_wconf 94' lang='lat' dir='ltr'><strong>ad</strong></span> <span class='ocrx_word' id='word_1_231' title='bbox 753 2102 942 2193; x_wconf 88' lang='lat' dir='ltr'><strong>imperium</strong></span> <span class='ocrx_word' id='word_1_232' title='bbox 967 2104 1151 2175; x_wconf 88' lang='lat' dir='ltr'><strong>etinstau-</strong></span> <span class='ocrx_word' id='word_1_233' title='bbox 1203 2091 1305 2167; x_wconf 84' lang='lat' dir='ltr'><strong>Nohe</strong></span> <span class='ocrx_word' id='word_1_234' title='bbox 1326 2099 1518 2189; x_wconf 86' lang='lat' dir='ltr'><strong>praedixit,</strong></span> <span class='ocrx_word' id='word_1_235' title='bbox 1551 2116 1661 2173; x_wconf 85' lang='lat' dir='ltr'><strong>totam</strong></span> <span class='ocrx_word' id='word_1_236' title='bbox 1685 2119 1814 2175; x_wconf 89' lang='lat' dir='ltr'><strong>terram</strong></span> <span class='ocrx_word' id='word_1_237' title='bbox 1830 2111 1968 2180; x_wconf 91' lang='lat' dir='ltr'><strong>diluvio</strong></span> <span class='ocrx_word' id='word_1_238' title='bbox 1994 2114 2186 2201; x_wconf 86' lang='lat' dir='ltr'><strong>perituram,</strong></span> 
     </span>
     <span class='ocr_line' id='line_1_19' title="bbox 155 2202 2186 2307; baseline 0.002 -31"><span class='ocrx_word' id='word_1_239' title='bbox 155 2206 287 2277; x_wconf 88' lang='lat' dir='ltr'><strong>randas</strong></span> <span class='ocrx_word' id='word_1_240' title='bbox 316 2218 450 2277; x_wconf 86' lang='lat' dir='ltr'><strong>veteres</strong></span> <span class='ocrx_word' id='word_1_241' title='bbox 473 2205 662 2295; x_wconf 81' lang='lat' dir='ltr'><strong>religiones</strong></span> <span class='ocrx_word' id='word_1_242' title='bbox 687 2217 846 2288; x_wconf 86' lang='lat' dir='ltr'><strong>vocarat,</strong></span> <span class='ocrx_word' id='word_1_243' title='bbox 877 2205 986 2274; x_wconf 88' lang='lat' dir='ltr'><strong>libras</strong></span> <span class='ocrx_word' id='word_1_244' title='bbox 1011 2206 1151 2275; x_wconf 87' lang='lat' dir='ltr'><strong>dissecti</strong></span> <span class='ocrx_word' id='word_1_245' title='bbox 1203 2210 1349 2269; x_wconf 89' lang='lat' dir='ltr'><strong>eventus</strong></span> <span class='ocrx_word' id='word_1_246' title='bbox 1376 2204 1568 2292; x_wconf 87' lang='lat' dir='ltr'><strong>respondit.</strong></span> <span class='ocrx_word' id='word_1_247' title='bbox 1628 2202 1751 2276; x_wconf 85' lang='lat' dir='ltr'><strong>Esaias</strong></span> <span class='ocrx_word' id='word_1_248' title='bbox 1772 2212 1918 2282; x_wconf 90' lang='lat' dir='ltr'><strong>nomine</strong></span> <span class='ocrx_word' id='word_1_249' title='bbox 1940 2208 2081 2307; x_wconf 87' lang='lat' dir='ltr'><strong>Cyrum</strong></span> <span class='ocrx_word' id='word_1_250' title='bbox 2104 2236 2186 2283; x_wconf 88' lang='lat' dir='ltr'><strong>cou-</strong></span> 
     </span>
     <span class='ocr_line' id='line_1_20' title="bbox 157 2301 2186 2407; baseline 0.004 -29"><span class='ocrx_word' id='word_1_251' title='bbox 157 2307 316 2399; x_wconf 85' lang='lat' dir='ltr'><strong>eorporis</strong></span> <span class='ocrx_word' id='word_1_252' title='bbox 345 2306 518 2398; x_wconf 81' lang='lat' dir='ltr'><strong>inspexit,</strong></span> <span class='ocrx_word' id='word_1_253' title='bbox 551 2320 586 2376; x_wconf 91' lang='lat' dir='ltr'><strong>et</strong></span> <span class='ocrx_word' id='word_1_254' title='bbox 617 2306 737 2396; x_wconf 89' lang='lat' dir='ltr'><strong>digitis</strong></span> <span class='ocrx_word' id='word_1_255' title='bbox 771 2307 844 2376; x_wconf 90' lang='lat' dir='ltr'><strong>suis</strong></span> <span class='ocrx_word' id='word_1_256' title='bbox 877 2306 1080 2400; x_wconf 88' lang='lat' dir='ltr'><strong>discerpsit,</strong></span> <span class='ocrx_word' id='word_1_257' title='bbox 1117 2321 1152 2379; x_wconf 90' lang='lat' dir='ltr'><strong>et</strong></span> <span class='ocrx_word' id='word_1_258' title='bbox 1204 2301 1327 2391; x_wconf 74' lang='lat' dir='ltr'><strong>pellat,</strong></span> <span class='ocrx_word' id='word_1_259' title='bbox 1368 2303 1431 2393; x_wconf 93' lang='lat' dir='ltr'><strong>qui</strong></span> <span class='ocrx_word' id='word_1_260' title='bbox 1459 2304 1565 2396; x_wconf 89' lang='lat' dir='ltr'><strong>longo</strong></span> <span class='ocrx_word' id='word_1_261' title='bbox 1591 2321 1748 2400; x_wconf 92' lang='lat' dir='ltr'><strong>tempore</strong></span> <span class='ocrx_word' id='word_1_262' title='bbox 1775 2328 1855 2401; x_wconf 92' lang='lat' dir='ltr'><strong>post</strong></span> <span class='ocrx_word' id='word_1_263' title='bbox 1883 2328 2090 2389; x_wconf 88' lang='lat' dir='ltr'><strong>natusest:</strong></span> <span class='ocrx_word' id='word_1_264' title='bbox 2122 2327 2186 2407; x_wconf 79' lang='lat' dir='ltr'><strong>post</strong></span> 
     </span>
     <span class='ocr_line' id='line_1_21' title="bbox 158 2399 2230 2498; baseline 0.004 -19"><span class='ocrx_word' id='word_1_265' title='bbox 158 2410 279 2480; x_wconf 91' lang='lat' dir='ltr'><strong>omnia</strong></span> <span class='ocrx_word' id='word_1_266' title='bbox 295 2409 404 2479; x_wconf 90' lang='lat' dir='ltr'><strong>cladis</strong></span> <span class='ocrx_word' id='word_1_267' title='bbox 420 2423 603 2479; x_wconf 88' lang='lat' dir='ltr'><strong>secuturae</strong></span> <span class='ocrx_word' id='word_1_268' title='bbox 620 2409 783 2498; x_wconf 89' lang='lat' dir='ltr'><strong>captavit.</strong></span> <span class='ocrx_word' id='word_1_269' title='bbox 1204 2399 1300 2473; x_wconf 93' lang='lat' dir='ltr'><strong>hunc</strong></span> <span class='ocrx_word' id='word_1_270' title='bbox 1323 2405 1469 2475; x_wconf 86' lang='lat' dir='ltr'><strong>adducit</strong></span> <span class='ocrx_word' id='word_1_271' title='bbox 1490 2407 1529 2476; x_wconf 93' lang='lat' dir='ltr'><strong>in</strong></span> <span class='ocrx_word' id='word_1_272' title='bbox 1556 2405 1678 2478; x_wconf 81' lang='lat' dir='ltr'><strong>Asiam</strong></span> <span class='ocrx_word' id='word_1_273' title='bbox 1704 2407 1960 2492; x_wconf 82' lang='lat' dir='ltr'><strong>Alexandrum.</strong></span> <span class='ocrx_word' id='word_1_274' title='bbox 2023 2416 2181 2490; x_wconf 89' lang='lat' dir='ltr'><strong>Sedilln·</strong></span> <span class='ocrx_word' id='word_1_275' title='bbox 2228 2438 2230 2443; x_wconf 84' lang='lat'>·</span> 
     </span>
     <span class='ocr_line' id='line_1_22' title="bbox 231 2503 2185 2610; baseline 0.003 -26"><span class='ocrx_word' id='word_1_276' title='bbox 231 2511 340 2584; x_wconf 87' lang='lat' dir='ltr'><strong>Recte</strong></span> <span class='ocrx_word' id='word_1_277' title='bbox 355 2507 618 2602; x_wconf 85' lang='lat' dir='ltr'><strong>aitEuripides:</strong></span> <span class='ocrx_word' id='word_1_278' title='bbox 642 2510 672 2580; x_wconf 83' lang='lat' dir='ltr'><strong>al</strong></span> <span class='ocrx_word' id='word_1_279' title='bbox 688 2505 774 2581; x_wconf 76' lang='grc' dir='ltr'>θεοί</span> <span class='ocrx_word' id='word_1_280' title='bbox 784 2534 819 2581; x_wconf 85' lang='grc' dir='ltr'><strong>τι</strong></span> <span class='ocrx_word' id='word_1_281' title='bbox 833 2506 975 2606; x_wconf 76' lang='grc' dir='ltr'><strong><em>δρῶσιν</em></strong></span> <span class='ocrx_word' id='word_1_282' title='bbox 983 2507 1150 2606; x_wconf 67' lang='grc' dir='ltr'><strong>αἰσχρὸν,</strong></span> <span class='ocrx_word' id='word_1_283' title='bbox 1204 2504 1310 2574; x_wconf 75' lang='lat' dir='ltr'><strong>Sirior</strong></span> <span class='ocrx_word' id='word_1_284' title='bbox 1332 2518 1384 2575; x_wconf 76' lang='lat' dir='ltr'><strong>est</strong></span> <span class='ocrx_word' id='word_1_285' title='bbox 1404 2503 1565 2578; x_wconf 81' lang='lat' dir='ltr'><strong>Danielis</strong></span> <span class='ocrx_word' id='word_1_286' title='bbox 1587 2513 1804 2603; x_wconf 88' lang='lat' dir='ltr'><strong>praedictio,</strong></span> <span class='ocrx_word' id='word_1_287' title='bbox 1831 2542 1921 2610; x_wconf 87' lang='lat' dir='ltr'><strong>quae</strong></span> <span class='ocrx_word' id='word_1_288' title='bbox 1943 2543 2039 2610; x_wconf 75' lang='lat' dir='ltr'><strong>pene</strong></span> <span class='ocrx_word' id='word_1_289' title='bbox 2055 2515 2185 2592; x_wconf 81' lang='lat' dir='ltr'><strong>historia</strong></span> 
     </span>
     <span class='ocr_line' id='line_1_23' title="bbox 160 2607 2187 2712; baseline 0.001 -25"><span class='ocrx_word' id='word_1_290' title='bbox 160 2611 337 2687; x_wconf 70' lang='lat' dir='ltr'><strong>abactam</strong></span> <span class='ocrx_word' id='word_1_291' title='bbox 356 2607 448 2683; x_wconf 78' lang='grc' dir='ltr'><em>θεοὶ.</em></span> <span class='ocrx_word' id='word_1_292' title='bbox 502 2609 753 2681; x_wconf 80' lang='lat' dir='ltr'><strong>&#39;l&#39;otiesautem</strong></span> <span class='ocrx_word' id='word_1_293' title='bbox 771 2614 876 2683; x_wconf 84' lang='lat' dir='ltr'><strong>vestri</strong></span> <span class='ocrx_word' id='word_1_294' title='bbox 897 2611 1024 2698; x_wconf 86' lang='lat' dir='ltr'><strong>Vates,</strong></span> <span class='ocrx_word' id='word_1_295' title='bbox 1048 2613 1152 2709; x_wconf 91' lang='lat' dir='ltr'><strong>Sym·</strong></span> <span class='ocrx_word' id='word_1_296' title='bbox 1204 2619 1255 2675; x_wconf 78' lang='lat' dir='ltr'><strong>est</strong></span> <span class='ocrx_word' id='word_1_297' title='bbox 1277 2609 1471 2678; x_wconf 81' lang='lat' dir='ltr'><strong>multorum</strong></span> <span class='ocrx_word' id='word_1_298' title='bbox 1491 2635 1692 2702; x_wconf 85' lang='lat' dir='ltr'><strong>regnorum.</strong></span> <span class='ocrx_word' id='word_1_299' title='bbox 1744 2616 1817 2687; x_wconf 89' lang='lat' dir='ltr'><strong>Nec</strong></span> <span class='ocrx_word' id='word_1_300' title='bbox 1838 2620 1912 2690; x_wconf 87' lang='lat' dir='ltr'><strong>ulla</strong></span> <span class='ocrx_word' id='word_1_301' title='bbox 1936 2644 2025 2712; x_wconf 86' lang='lat' dir='ltr'><strong>gens</strong></span> <span class='ocrx_word' id='word_1_302' title='bbox 2050 2616 2187 2693; x_wconf 84' lang='lat' dir='ltr'><strong>allaba-</strong></span> 
     </span>
     <span class='ocr_line' id='line_1_24' title="bbox 160 2707 2230 2811; baseline 0.004 -24"><span class='ocrx_word' id='word_1_303' title='bbox 160 2710 303 2801; x_wconf 88' lang='lat' dir='ltr'><strong>mache,</strong></span> <span class='ocrx_word' id='word_1_304' title='bbox 329 2716 507 2784; x_wconf 90' lang='lat' dir='ltr'><strong>iusserunt</strong></span> <span class='ocrx_word' id='word_1_305' title='bbox 530 2713 676 2783; x_wconf 89' lang='lat' dir='ltr'><strong>mactari</strong></span> <span class='ocrx_word' id='word_1_306' title='bbox 693 2708 867 2783; x_wconf 88' lang='lat' dir='ltr'><strong>humanas</strong></span> <span class='ocrx_word' id='word_1_307' title='bbox 888 2709 1040 2800; x_wconf 88' lang='lat' dir='ltr'><strong>hostias,</strong></span> <span class='ocrx_word' id='word_1_308' title='bbox 1066 2741 1150 2785; x_wconf 91' lang='lat' dir='ltr'><strong>con·</strong></span> <span class='ocrx_word' id='word_1_309' title='bbox 1205 2707 1283 2777; x_wconf 72' lang='lat' dir='ltr'><strong>buli</strong></span> <span class='ocrx_word' id='word_1_310' title='bbox 1311 2708 1441 2801; x_wconf 68' lang='lat' dir='ltr'><strong>similia</strong></span> <span class='ocrx_word' id='word_1_311' title='bbox 1463 2714 1647 2796; x_wconf 69' lang='lat' dir='ltr'><strong>vaticinia.</strong></span> <span class='ocrx_word' id='word_1_312' title='bbox 1680 2743 1772 2811; x_wconf 76' lang='lat' dir='ltr'><strong>quae</strong></span> <span class='ocrx_word' id='word_1_313' title='bbox 1799 2734 1907 2791; x_wconf 79' lang='lat' dir='ltr'><strong>totam</strong></span> <span class='ocrx_word' id='word_1_314' title='bbox 1932 2725 2065 2794; x_wconf 89' lang='lat' dir='ltr'><strong>mundi</strong></span> <span class='ocrx_word' id='word_1_315' title='bbox 2091 2720 2188 2794; x_wconf 84' lang='lat' dir='ltr'><strong>histo·</strong></span> <span class='ocrx_word' id='word_1_316' title='bbox 2228 2792 2230 2797; x_wconf 84' lang='lat'><strong>.</strong></span> 
     </span>
     <span class='ocr_line' id='line_1_25' title="bbox 159 2809 2230 2920; baseline 0.004 -33"><span class='ocrx_word' id='word_1_317' title='bbox 159 2820 389 2887; x_wconf 87' lang='lat' dir='ltr'><strong>firmaverunt</strong></span> <span class='ocrx_word' id='word_1_318' title='bbox 420 2816 504 2886; x_wconf 90' lang='lat' dir='ltr'><strong>item</strong></span> <span class='ocrx_word' id='word_1_319' title='bbox 524 2816 724 2886; x_wconf 88' lang='lat' dir='ltr'><strong>absurdam</strong></span> <span class='ocrx_word' id='word_1_320' title='bbox 756 2814 854 2884; x_wconf 91' lang='lat' dir='ltr'><strong>illam</strong></span> <span class='ocrx_word' id='word_1_321' title='bbox 879 2814 1086 2908; x_wconf 89' lang='lat' dir='ltr'><strong>opinionem</strong></span> <span class='ocrx_word' id='word_1_322' title='bbox 1108 2819 1152 2887; x_wconf 89' lang='lat' dir='ltr'><strong>de</strong></span> <span class='ocrx_word' id='word_1_323' title='bbox 1203 2809 1313 2894; x_wconf 78' lang='lat' dir='ltr'><strong>riam,</strong></span> <span class='ocrx_word' id='word_1_324' title='bbox 1346 2835 1451 2903; x_wconf 84' lang='lat' dir='ltr'><strong>quam</strong></span> <span class='ocrx_word' id='word_1_325' title='bbox 1478 2818 1685 2904; x_wconf 90' lang='lat' dir='ltr'><strong>praevidere</strong></span> <span class='ocrx_word' id='word_1_326' title='bbox 1714 2822 1904 2895; x_wconf 90' lang='lat' dir='ltr'><strong>daemones</strong></span> <span class='ocrx_word' id='word_1_327' title='bbox 1936 2850 2014 2895; x_wconf 90' lang='lat' dir='ltr'><strong>non</strong></span> <span class='ocrx_word' id='word_1_328' title='bbox 2039 2838 2188 2920; x_wconf 84' lang='lat' dir='ltr'><strong>poteraut</strong></span> <span class='ocrx_word' id='word_1_329' title='bbox 2228 2814 2230 2871; x_wconf 72' lang='lat'>3</span> 
     </span>
     <span class='ocr_line' id='line_1_26' title="bbox 160 2878 2230 3049; baseline -0.003 -60"><span class='ocrx_word' id='word_1_330' title='bbox 160 2921 307 2990; x_wconf 88' lang='lat' dir='ltr'><strong>deorum</strong></span> <span class='ocrx_word' id='word_1_331' title='bbox 325 2916 566 2991; x_wconf 86' lang='lat' dir='ltr'><strong>multitudine.</strong></span> <span class='ocrx_word' id='word_1_332' title='bbox 1204 2912 1531 3002; x_wconf 85' lang='lat' dir='ltr'><strong>complecterentur.</strong></span> <span class='ocrx_word' id='word_1_333' title='bbox 2224 2878 2230 3049; x_wconf 70' lang='grc'>1</span> 
     </span>
     <span class='ocr_line' id='line_1_27' title="bbox 261 3010 2180 3114; baseline 0.007 -26"><span class='ocrx_word' id='word_1_334' title='bbox 261 3017 358 3088; x_wconf 91' lang='lat' dir='ltr'><strong>Haec</strong></span> <span class='ocrx_word' id='word_1_335' title='bbox 390 3019 521 3108; x_wconf 89' lang='lat' dir='ltr'><strong>flagitia</strong></span> <span class='ocrx_word' id='word_1_336' title='bbox 557 3042 631 3088; x_wconf 95' lang='lat' dir='ltr'><strong>non</strong></span> <span class='ocrx_word' id='word_1_337' title='bbox 665 3020 710 3088; x_wconf 93' lang='lat' dir='ltr'><strong>ab</strong></span> <span class='ocrx_word' id='word_1_338' title='bbox 737 3018 799 3087; x_wconf 89' lang='lat' dir='ltr'><strong>illa</strong></span> <span class='ocrx_word' id='word_1_339' title='bbox 832 3031 973 3091; x_wconf 89' lang='lat' dir='ltr'><strong>aeterna</strong></span> <span class='ocrx_word' id='word_1_340' title='bbox 1001 3034 1036 3090; x_wconf 89' lang='lat' dir='ltr'><strong>et</strong></span> <span class='ocrx_word' id='word_1_341' title='bbox 1062 3021 1152 3090; x_wconf 90' lang='lat' dir='ltr'><strong>iusta</strong></span> <span class='ocrx_word' id='word_1_342' title='bbox 1307 3010 1427 3102; x_wconf 86' lang='lat' dir='ltr'><strong>Quare</strong></span> <span class='ocrx_word' id='word_1_343' title='bbox 1445 3040 1524 3085; x_wconf 92' lang='lat' dir='ltr'><strong>cum</strong></span> <span class='ocrx_word' id='word_1_344' title='bbox 1547 3043 1622 3090; x_wconf 89' lang='lat' dir='ltr'><strong>non</strong></span> <span class='ocrx_word' id='word_1_345' title='bbox 1640 3024 1789 3094; x_wconf 92' lang='lat' dir='ltr'><strong>dubium</strong></span> <span class='ocrx_word' id='word_1_346' title='bbox 1808 3029 1870 3114; x_wconf 90' lang='lat' dir='ltr'><strong>sit,</strong></span> <span class='ocrx_word' id='word_1_347' title='bbox 1895 3025 2180 3104; x_wconf 80' lang='lat' dir='ltr'><strong>haecaDeoom</strong></span> 
     </span>
     <span class='ocr_line' id='line_1_28' title="bbox 159 3120 2184 3219; baseline 0.002 -26"><span class='ocrx_word' id='word_1_348' title='bbox 159 3137 278 3193; x_wconf 90' lang='lat' dir='ltr'><strong>mente</strong></span> <span class='ocrx_word' id='word_1_349' title='bbox 309 3120 504 3191; x_wconf 91' lang='lat' dir='ltr'><strong>conditrice</strong></span> <span class='ocrx_word' id='word_1_350' title='bbox 530 3143 670 3205; x_wconf 90' lang='lat' dir='ltr'><strong>rerum,</strong></span> <span class='ocrx_word' id='word_1_351' title='bbox 704 3123 764 3190; x_wconf 90' lang='lat' dir='ltr'><strong>sed</strong></span> <span class='ocrx_word' id='word_1_352' title='bbox 793 3121 838 3191; x_wconf 89' lang='lat' dir='ltr'><strong>ab</strong></span> <span class='ocrx_word' id='word_1_353' title='bbox 867 3123 945 3190; x_wconf 90' lang='lat' dir='ltr'><strong>aliis</strong></span> <span class='ocrx_word' id='word_1_354' title='bbox 969 3123 1152 3193; x_wconf 91' lang='lat' dir='ltr'><strong>autoribus</strong></span> <span class='ocrx_word' id='word_1_355' title='bbox 1204 3139 1295 3200; x_wconf 82' lang='lat' dir='ltr'><strong>esse,</strong></span> <span class='ocrx_word' id='word_1_356' title='bbox 1322 3129 1495 3188; x_wconf 84' lang='lat' dir='ltr'><strong>testantur</strong></span> <span class='ocrx_word' id='word_1_357' title='bbox 1518 3134 1552 3192; x_wconf 91' lang='lat' dir='ltr'><strong>et</strong></span> <span class='ocrx_word' id='word_1_358' title='bbox 1577 3123 1750 3219; x_wconf 88' lang='lat' dir='ltr'><strong>reliquam</strong></span> <span class='ocrx_word' id='word_1_359' title='bbox 1772 3128 1970 3202; x_wconf 88' lang='lat' dir='ltr'><strong>doctrinam</strong></span> <span class='ocrx_word' id='word_1_360' title='bbox 1993 3149 2184 3206; x_wconf 77' lang='lat' dir='ltr'><strong>nostrornm</strong></span> 
     </span>
     <span class='ocr_line' id='line_1_29' title="bbox 160 3212 2190 3327; baseline 0.006 -32"><span class='ocrx_word' id='word_1_361' title='bbox 160 3225 378 3308; x_wconf 89' lang='lat' dir='ltr'><strong>oriebantur,</strong></span> <span class='ocrx_word' id='word_1_362' title='bbox 404 3223 466 3314; x_wconf 93' lang='lat' dir='ltr'><strong>qui</strong></span> <span class='ocrx_word' id='word_1_363' title='bbox 483 3223 567 3292; x_wconf 91' lang='lat' dir='ltr'><strong>odio</strong></span> <span class='ocrx_word' id='word_1_364' title='bbox 587 3212 743 3292; x_wconf 71' lang='lat' dir='ltr'><strong>verfflei</strong></span> <span class='ocrx_word' id='word_1_365' title='bbox 769 3223 955 3295; x_wconf 88' lang='lat' dir='ltr'><strong>saeviciam</strong></span> <span class='ocrx_word' id='word_1_366' title='bbox 986 3226 1152 3317; x_wconf 90' lang='lat' dir='ltr'><strong>ingenus</strong></span> <span class='ocrx_word' id='word_1_367' title='bbox 1205 3215 1336 3287; x_wconf 91' lang='lat' dir='ltr'><strong>Vatum</strong></span> <span class='ocrx_word' id='word_1_368' title='bbox 1352 3219 1511 3291; x_wconf 91' lang='lat' dir='ltr'><strong>divinam</strong></span> <span class='ocrx_word' id='word_1_369' title='bbox 1534 3248 1618 3296; x_wconf 87' lang='lat' dir='ltr'><strong>esse.</strong></span> <span class='ocrx_word' id='word_1_370' title='bbox 1671 3226 1815 3300; x_wconf 87' lang='lat' dir='ltr'><strong>Utinam</strong></span> <span class='ocrx_word' id='word_1_371' title='bbox 1832 3228 1891 3305; x_wconf 89' lang='lat' dir='ltr'><strong>hic</strong></span> <span class='ocrx_word' id='word_1_372' title='bbox 1906 3235 2055 3306; x_wconf 89' lang='lat' dir='ltr'><strong>recitari</strong></span> <span class='ocrx_word' id='word_1_373' title='bbox 2071 3238 2190 3327; x_wconf 76' lang='lat' dir='ltr'><strong>integra</strong></span> 
     </span>
     <span class='ocr_line' id='line_1_30' title="bbox 160 3318 2190 3431; baseline 0.005 -34"><span class='ocrx_word' id='word_1_374' title='bbox 160 3322 359 3397; x_wconf 91' lang='lat' dir='ltr'><strong>humanum</strong></span> <span class='ocrx_word' id='word_1_375' title='bbox 376 3338 549 3399; x_wconf 81' lang='lat' dir='ltr'><strong>exercent.</strong></span> <span class='ocrx_word' id='word_1_376' title='bbox 600 3322 778 3395; x_wconf 88' lang='lat' dir='ltr'><strong>Horresco</strong></span> <span class='ocrx_word' id='word_1_377' title='bbox 794 3327 967 3413; x_wconf 79' lang='lat' dir='ltr'><strong>referens,</strong></span> <span class='ocrx_word' id='word_1_378' title='bbox 994 3352 1072 3398; x_wconf 91' lang='lat' dir='ltr'><strong>cum</strong></span> <span class='ocrx_word' id='word_1_379' title='bbox 1091 3330 1149 3397; x_wconf 92' lang='lat' dir='ltr'><strong>illa</strong></span> <span class='ocrx_word' id='word_1_380' title='bbox 1203 3320 1368 3390; x_wconf 78' lang='lat' dir='ltr'><strong>refutatio</strong></span> <span class='ocrx_word' id='word_1_381' title='bbox 1386 3318 1588 3415; x_wconf 87' lang='lat' dir='ltr'><strong>Symmachi</strong></span> <span class='ocrx_word' id='word_1_382' title='bbox 1611 3344 1741 3420; x_wconf 88' lang='lat' dir='ltr'><strong>posset.</strong></span> <span class='ocrx_word' id='word_1_383' title='bbox 1791 3331 1863 3405; x_wconf 88' lang='lat' dir='ltr'><strong>Sed</strong></span> <span class='ocrx_word' id='word_1_384' title='bbox 1886 3338 2002 3431; x_wconf 90' lang='lat' dir='ltr'><strong>capita</strong></span> <span class='ocrx_word' id='word_1_385' title='bbox 2029 3335 2190 3418; x_wconf 84' lang='lat' dir='ltr'><strong>recensui,</strong></span> 
     </span>
     <span class='ocr_line' id='line_1_31' title="bbox 161 3424 2191 3525; baseline 0.005 -25"><span class='ocrx_word' id='word_1_386' title='bbox 161 3427 453 3522; x_wconf 86' lang='lat' dir='ltr'><strong>superstitionum</strong></span> <span class='ocrx_word' id='word_1_387' title='bbox 485 3438 647 3518; x_wconf 90' lang='lat' dir='ltr'><strong>portenta</strong></span> <span class='ocrx_word' id='word_1_388' title='bbox 674 3427 806 3516; x_wconf 91' lang='lat' dir='ltr'><strong>cogito,</strong></span> <span class='ocrx_word' id='word_1_389' title='bbox 850 3453 941 3522; x_wconf 89' lang='lat' dir='ltr'><strong>qnae</strong></span> <span class='ocrx_word' id='word_1_390' title='bbox 967 3443 1152 3520; x_wconf 89' lang='lat' dir='ltr'><strong>pervagata</strong></span> <span class='ocrx_word' id='word_1_391' title='bbox 1204 3446 1293 3514; x_wconf 79' lang='lat' dir='ltr'><strong>quae</strong></span> <span class='ocrx_word' id='word_1_392' title='bbox 1327 3424 1497 3513; x_wconf 89' lang='lat' dir='ltr'><strong>cogitare,</strong></span> <span class='ocrx_word' id='word_1_393' title='bbox 1529 3432 1696 3503; x_wconf 88' lang='lat' dir='ltr'><strong>studiosis</strong></span> <span class='ocrx_word' id='word_1_394' title='bbox 1723 3431 1810 3504; x_wconf 91' lang='lat' dir='ltr'><strong>utile</strong></span> <span class='ocrx_word' id='word_1_395' title='bbox 1843 3453 1913 3525; x_wconf 88' lang='lat' dir='ltr'><strong>est,</strong></span> <span class='ocrx_word' id='word_1_396' title='bbox 1949 3453 1990 3511; x_wconf 94' lang='lat' dir='ltr'><strong>ut</strong></span> <span class='ocrx_word' id='word_1_397' title='bbox 2020 3440 2191 3511; x_wconf 79' lang='lat' dir='ltr'><strong>erroribus</strong></span> 
     </span>
     <span class='ocr_line' id='line_1_32' title="bbox 161 3506 2191 3635; baseline 0.007 -35"><span class='ocrx_word' id='word_1_398' title='bbox 161 3543 245 3601; x_wconf 90' lang='lat' dir='ltr'><strong>sunt</strong></span> <span class='ocrx_word' id='word_1_399' title='bbox 268 3553 391 3629; x_wconf 83' lang='lat' dir='ltr'><strong>omnes</strong></span> <span class='ocrx_word' id='word_1_400' title='bbox 412 3542 543 3617; x_wconf 88' lang='lat' dir='ltr'><strong>gentes.</strong></span> <span class='ocrx_word' id='word_1_401' title='bbox 598 3524 689 3601; x_wconf 88' lang='lat' dir='ltr'><strong>Cum</strong></span> <span class='ocrx_word' id='word_1_402' title='bbox 712 3552 805 3597; x_wconf 86' lang='lat' dir='ltr'><strong>unus</strong></span> <span class='ocrx_word' id='word_1_403' title='bbox 826 3529 872 3599; x_wconf 86' lang='lat' dir='ltr'><strong>sit</strong></span> <span class='ocrx_word' id='word_1_404' title='bbox 888 3528 1003 3614; x_wconf 89' lang='lat' dir='ltr'><strong>Deus,</strong></span> <span class='ocrx_word' id='word_1_405' title='bbox 1030 3532 1090 3625; x_wconf 91' lang='lat' dir='ltr'><strong>qni</strong></span> <span class='ocrx_word' id='word_1_406' title='bbox 1115 3506 1151 3600; x_wconf 64' lang='grc' dir='ltr'><strong>ἕο</strong></span> <span class='ocrx_word' id='word_1_407' title='bbox 1204 3519 1354 3594; x_wconf 91' lang='lat' dir='ltr'><strong>ethnicis</strong></span> <span class='ocrx_word' id='word_1_408' title='bbox 1369 3538 1401 3596; x_wconf 93' lang='lat' dir='ltr'><strong>et</strong></span> <span class='ocrx_word' id='word_1_409' title='bbox 1418 3527 1631 3601; x_wconf 88' lang='lat' dir='ltr'><strong>daemonum</strong></span> <span class='ocrx_word' id='word_1_410' title='bbox 1656 3537 1854 3628; x_wconf 87' lang='lat' dir='ltr'><strong>praestigiis</strong></span> <span class='ocrx_word' id='word_1_411' title='bbox 1877 3565 2064 3635; x_wconf 89' lang='lat' dir='ltr'><strong>opponere</strong></span> <span class='ocrx_word' id='word_1_412' title='bbox 2084 3540 2191 3635; x_wconf 80' lang='lat' dir='ltr'><strong>gravit</strong></span> 
     </span>
     <span class='ocr_line' id='line_1_33' title="bbox 161 3626 1742 3726; baseline 0.001 -24"><span class='ocrx_word' id='word_1_413' title='bbox 161 3633 323 3724; x_wconf 85' lang='lat' dir='ltr'><strong>patefecit</strong></span> <span class='ocrx_word' id='word_1_414' title='bbox 337 3653 398 3700; x_wconf 91' lang='lat' dir='ltr'><strong>sua</strong></span> <span class='ocrx_word' id='word_1_415' title='bbox 415 3654 519 3711; x_wconf 90' lang='lat' dir='ltr'><strong>voce,</strong></span> <span class='ocrx_word' id='word_1_416' title='bbox 547 3641 580 3697; x_wconf 90' lang='lat' dir='ltr'><strong>et</strong></span> <span class='ocrx_word' id='word_1_417' title='bbox 596 3630 692 3701; x_wconf 89' lang='lat' dir='ltr'><strong>misit</strong></span> <span class='ocrx_word' id='word_1_418' title='bbox 708 3653 809 3700; x_wconf 89' lang='lat' dir='ltr'><strong>veros</strong></span> <span class='ocrx_word' id='word_1_419' title='bbox 824 3644 926 3702; x_wconf 87' lang='lat' dir='ltr'><strong>testes</strong></span> <span class='ocrx_word' id='word_1_420' title='bbox 942 3633 1026 3699; x_wconf 90' lang='lat' dir='ltr'><strong>inde</strong></span> <span class='ocrx_word' id='word_1_421' title='bbox 1041 3657 1152 3725; x_wconf 88' lang='lat' dir='ltr'><strong>usque</strong></span> <span class='ocrx_word' id='word_1_422' title='bbox 1204 3636 1238 3693; x_wconf 79' lang='lat' dir='ltr'><strong>el</strong></span> <span class='ocrx_word' id='word_1_423' title='bbox 1255 3626 1355 3695; x_wconf 80' lang='lat' dir='ltr'><strong>firma</strong></span> <span class='ocrx_word' id='word_1_424' title='bbox 1373 3647 1578 3718; x_wconf 84' lang='lat' dir='ltr'><strong>argumenta</strong></span> <span class='ocrx_word' id='word_1_425' title='bbox 1596 3637 1742 3726; x_wconf 90' lang='lat' dir='ltr'><strong>possint.</strong></span> 
     </span>
     <span class='ocr_line' id='line_1_34' title="bbox 161 3727 2191 3832; baseline 0.008 -29"><span class='ocrx_word' id='word_1_426' title='bbox 161 3735 207 3803; x_wconf 87' lang='lat' dir='ltr'><strong>ab</strong></span> <span class='ocrx_word' id='word_1_427' title='bbox 223 3731 345 3816; x_wconf 92' lang='lat' dir='ltr'><strong>initio,</strong></span> <span class='ocrx_word' id='word_1_428' title='bbox 367 3732 511 3802; x_wconf 84' lang='lat' dir='ltr'><strong>interim</strong></span> <span class='ocrx_word' id='word_1_429' title='bbox 530 3745 647 3800; x_wconf 89' lang='lat' dir='ltr'><strong>tamen</strong></span> <span class='ocrx_word' id='word_1_430' title='bbox 664 3731 906 3820; x_wconf 88' lang='lat' dir='ltr'><strong>superbissimi</strong></span> <span class='ocrx_word' id='word_1_431' title='bbox 925 3733 1070 3823; x_wconf 90' lang='lat' dir='ltr'><strong>spiritus</strong></span> <span class='ocrx_word' id='word_1_432' title='bbox 1088 3735 1151 3802; x_wconf 89' lang='lat' dir='ltr'><strong>ab·</strong></span> <span class='ocrx_word' id='word_1_433' title='bbox 1304 3727 1457 3800; x_wconf 89' lang='lat' dir='ltr'><strong>Dictum</strong></span> <span class='ocrx_word' id='word_1_434' title='bbox 1471 3746 1522 3803; x_wconf 93' lang='lat' dir='ltr'><strong>est</strong></span> <span class='ocrx_word' id='word_1_435' title='bbox 1547 3736 1590 3805; x_wconf 91' lang='lat' dir='ltr'><strong>de</strong></span> <span class='ocrx_word' id='word_1_436' title='bbox 1613 3737 1844 3832; x_wconf 84' lang='lat' dir='ltr'><strong>antiquitate,</strong></span> <span class='ocrx_word' id='word_1_437' title='bbox 1879 3756 1914 3812; x_wconf 90' lang='lat' dir='ltr'><strong>et</strong></span> <span class='ocrx_word' id='word_1_438' title='bbox 1937 3744 1982 3813; x_wconf 88' lang='lat' dir='ltr'><strong>de</strong></span> <span class='ocrx_word' id='word_1_439' title='bbox 2007 3746 2191 3819; x_wconf 70' lang='lat' dir='ltr'><strong>miraculis.</strong></span> 
     </span>
     <span class='ocr_line' id='line_1_35' title="bbox 161 3827 2192 3936; baseline 0.007 -31"><span class='ocrx_word' id='word_1_440' title='bbox 161 3834 243 3905; x_wconf 88' lang='lat' dir='ltr'><strong>iecti</strong></span> <span class='ocrx_word' id='word_1_441' title='bbox 263 3831 374 3903; x_wconf 89' lang='lat' dir='ltr'><strong>aDeo</strong></span> <span class='ocrx_word' id='word_1_442' title='bbox 397 3834 603 3903; x_wconf 87' lang='lat' dir='ltr'><strong>offuderunt</strong></span> <span class='ocrx_word' id='word_1_443' title='bbox 626 3829 831 3908; x_wconf 88' lang='lat' dir='ltr'><strong>hominibus</strong></span> <span class='ocrx_word' id='word_1_444' title='bbox 848 3834 936 3905; x_wconf 86' lang='lat' dir='ltr'><strong>alias</strong></span> <span class='ocrx_word' id='word_1_445' title='bbox 952 3834 1151 3923; x_wconf 85' lang='lat' dir='ltr'><strong>opiniones,</strong></span> <span class='ocrx_word' id='word_1_446' title='bbox 1204 3827 1367 3899; x_wconf 79' lang='lat' dir='ltr'><strong>Tertium</strong></span> <span class='ocrx_word' id='word_1_447' title='bbox 1385 3851 1633 3923; x_wconf 86' lang='lat' dir='ltr'><strong>argumentum</strong></span> <span class='ocrx_word' id='word_1_448' title='bbox 1659 3842 1811 3912; x_wconf 86' lang='lat' dir='ltr'><strong>sumitur</strong></span> <span class='ocrx_word' id='word_1_449' title='bbox 1828 3846 1873 3915; x_wconf 94' lang='lat' dir='ltr'><strong>ab</strong></span> <span class='ocrx_word' id='word_1_450' title='bbox 1892 3844 1970 3935; x_wconf 91' lang='lat' dir='ltr'><strong>ipso</strong></span> <span class='ocrx_word' id='word_1_451' title='bbox 1988 3871 2123 3936; x_wconf 85' lang='lat' dir='ltr'><strong>genere</strong></span> <span class='ocrx_word' id='word_1_452' title='bbox 2137 3851 2192 3919; x_wconf 84' lang='lat' dir='ltr'><strong>do·</strong></span> 
     </span>
     <span class='ocr_line' id='line_1_36' title="bbox 161 3931 2192 4041; baseline 0.008 -36"><span class='ocrx_word' id='word_1_453' title='bbox 161 3936 291 4030; x_wconf 92' lang='lat' dir='ltr'><strong>quibus</strong></span> <span class='ocrx_word' id='word_1_454' title='bbox 305 3934 494 4005; x_wconf 86' lang='lat' dir='ltr'><strong>fascinatae</strong></span> <span class='ocrx_word' id='word_1_455' title='bbox 516 3948 650 4003; x_wconf 88' lang='lat' dir='ltr'><strong>mentes</strong></span> <span class='ocrx_word' id='word_1_456' title='bbox 666 3936 756 4003; x_wconf 87' lang='lat' dir='ltr'><strong>mira</strong></span> <span class='ocrx_word' id='word_1_457' title='bbox 775 3935 919 4005; x_wconf 90' lang='lat' dir='ltr'><strong>audacia</strong></span> <span class='ocrx_word' id='word_1_458' title='bbox 939 3934 1098 4008; x_wconf 91' lang='lat' dir='ltr'><strong>luserunt</strong></span> <span class='ocrx_word' id='word_1_459' title='bbox 1113 3937 1149 4005; x_wconf 92' lang='lat' dir='ltr'><strong>in</strong></span> <span class='ocrx_word' id='word_1_460' title='bbox 1204 3931 1348 4004; x_wconf 90' lang='lat' dir='ltr'><strong>ctrinae.</strong></span> <span class='ocrx_word' id='word_1_461' title='bbox 1388 3932 1478 4005; x_wconf 88' lang='lat' dir='ltr'><strong>Nam</strong></span> <span class='ocrx_word' id='word_1_462' title='bbox 1495 3933 1630 4030; x_wconf 87' lang='lat' dir='ltr'><strong>Celsus,</strong></span> <span class='ocrx_word' id='word_1_463' title='bbox 1657 3943 1828 4028; x_wconf 83' lang='lat' dir='ltr'><strong>lulianus,</strong></span> <span class='ocrx_word' id='word_1_464' title='bbox 1854 3945 2107 4041; x_wconf 85' lang='lat' dir='ltr'><strong>Symmachus,</strong></span> <span class='ocrx_word' id='word_1_465' title='bbox 2128 3950 2192 4022; x_wconf 85' lang='lat' dir='ltr'><strong>dit-</strong></span> 
     </span>
     <span class='ocr_line' id='line_1_37' title="bbox 161 4035 2192 4146; baseline 0.005 -40"><span class='ocrx_word' id='word_1_466' title='bbox 161 4037 408 4127; x_wconf 89' lang='lat' dir='ltr'><strong>religionibus,</strong></span> <span class='ocrx_word' id='word_1_467' title='bbox 434 4051 467 4106; x_wconf 88' lang='lat' dir='ltr'><strong>et</strong></span> <span class='ocrx_word' id='word_1_468' title='bbox 480 4038 686 4125; x_wconf 88' lang='lat' dir='ltr'><strong>polluerunt</strong></span> <span class='ocrx_word' id='word_1_469' title='bbox 699 4061 737 4107; x_wconf 86' lang='lat' dir='ltr'><strong>se</strong></span> <span class='ocrx_word' id='word_1_470' title='bbox 758 4037 857 4106; x_wconf 90' lang='lat' dir='ltr'><strong>omni</strong></span> <span class='ocrx_word' id='word_1_471' title='bbox 878 4039 1017 4111; x_wconf 86' lang='lat' dir='ltr'><strong>scelere.</strong></span> <span class='ocrx_word' id='word_1_472' title='bbox 1067 4038 1149 4110; x_wconf 91' lang='lat' dir='ltr'><strong>Non</strong></span> <span class='ocrx_word' id='word_1_473' title='bbox 1202 4035 1365 4105; x_wconf 78' lang='lat' dir='ltr'><strong>serebant</strong></span> <span class='ocrx_word' id='word_1_474' title='bbox 1385 4037 1587 4109; x_wconf 90' lang='lat' dir='ltr'><strong>universam</strong></span> <span class='ocrx_word' id='word_1_475' title='bbox 1615 4043 1756 4116; x_wconf 89' lang='lat' dir='ltr'><strong>virtutis</strong></span> <span class='ocrx_word' id='word_1_476' title='bbox 1786 4049 2007 4137; x_wconf 87' lang='lat' dir='ltr'><strong>doctrinam,</strong></span> <span class='ocrx_word' id='word_1_477' title='bbox 2039 4076 2192 4146; x_wconf 78' lang='lat' dir='ltr'><strong>compre-</strong></span> 
     </span>
     <span class='ocr_line' id='line_1_38' title="bbox 160 4132 2192 4240; baseline 0.006 -32"><span class='ocrx_word' id='word_1_478' title='bbox 160 4139 272 4210; x_wconf 89' lang='lat' dir='ltr'><strong>miror</strong></span> <span class='ocrx_word' id='word_1_479' title='bbox 287 4153 403 4208; x_wconf 86' lang='lat' dir='ltr'><strong>autem</strong></span> <span class='ocrx_word' id='word_1_480' title='bbox 419 4153 452 4209; x_wconf 88' lang='lat' dir='ltr'><strong>te</strong></span> <span class='ocrx_word' id='word_1_481' title='bbox 466 4133 677 4230; x_wconf 87' lang='lat' dir='ltr'><strong>Symmache</strong></span> <span class='ocrx_word' id='word_1_482' title='bbox 692 4139 824 4207; x_wconf 84' lang='lat' dir='ltr'><strong>moveri</strong></span> <span class='ocrx_word' id='word_1_483' title='bbox 839 4152 892 4209; x_wconf 92' lang='lat' dir='ltr'><strong>tot</strong></span> <span class='ocrx_word' id='word_1_484' title='bbox 906 4140 1077 4227; x_wconf 88' lang='lat' dir='ltr'><strong>gentium,</strong></span> <span class='ocrx_word' id='word_1_485' title='bbox 1100 4155 1150 4212; x_wconf 88' lang='lat' dir='ltr'><strong>tot</strong></span> <span class='ocrx_word' id='word_1_486' title='bbox 1203 4132 1348 4209; x_wconf 88' lang='lat' dir='ltr'><strong>hensam</strong></span> <span class='ocrx_word' id='word_1_487' title='bbox 1376 4161 1448 4207; x_wconf 84' lang='lat' dir='ltr'><strong>esse</strong></span> <span class='ocrx_word' id='word_1_488' title='bbox 1469 4140 1606 4231; x_wconf 81' lang='lat' dir='ltr'><strong>legibus</strong></span> <span class='ocrx_word' id='word_1_489' title='bbox 1622 4144 1750 4218; x_wconf 83' lang='lat' dir='ltr'><strong>Atticis</strong></span> <span class='ocrx_word' id='word_1_490' title='bbox 1774 4164 1807 4219; x_wconf 90' lang='lat' dir='ltr'><strong>et</strong></span> <span class='ocrx_word' id='word_1_491' title='bbox 1824 4146 2021 4240; x_wconf 87' lang='lat' dir='ltr'><strong>Romanis,</strong></span> <span class='ocrx_word' id='word_1_492' title='bbox 2049 4170 2113 4226; x_wconf 86' lang='lat' dir='ltr'><strong>aut</strong></span> <span class='ocrx_word' id='word_1_493' title='bbox 2128 4152 2192 4225; x_wconf 83' lang='lat' dir='ltr'><strong>Ile·</strong></span> 
     </span>
     <span class='ocr_line' id='line_1_39' title="bbox 160 4235 2193 4347; baseline 0.008 -37"><span class='ocrx_word' id='word_1_494' title='bbox 160 4241 379 4323; x_wconf 89' lang='lat' dir='ltr'><strong>seculorum,</strong></span> <span class='ocrx_word' id='word_1_495' title='bbox 412 4254 464 4308; x_wconf 89' lang='lat' dir='ltr'><strong>tot</strong></span> <span class='ocrx_word' id='word_1_496' title='bbox 488 4238 628 4328; x_wconf 89' lang='lat' dir='ltr'><strong>Regum</strong></span> <span class='ocrx_word' id='word_1_497' title='bbox 655 4264 693 4308; x_wconf 92' lang='lat' dir='ltr'><strong>ac</strong></span> <span class='ocrx_word' id='word_1_498' title='bbox 720 4264 940 4310; x_wconf 89' lang='lat' dir='ltr'><strong>summorum</strong></span> <span class='ocrx_word' id='word_1_499' title='bbox 965 4235 1148 4312; x_wconf 91' lang='lat' dir='ltr'><strong>hominum</strong></span> <span class='ocrx_word' id='word_1_500' title='bbox 1202 4235 1563 4334; x_wconf 89' lang='lat' dir='ltr'><strong>siodietPhocylidis</strong></span> <span class='ocrx_word' id='word_1_501' title='bbox 1583 4251 1791 4341; x_wconf 89' lang='lat' dir='ltr'><strong>praeceptis,</strong></span> <span class='ocrx_word' id='word_1_502' title='bbox 1817 4248 2193 4347; x_wconf 82' lang='lat' dir='ltr'><strong>autPhilosophonrm</strong></span> 
     </span>
     <span class='ocr_line' id='line_1_40' title="bbox 161 4338 2192 4450; baseline 0.008 -37"><span class='ocrx_word' id='word_1_503' title='bbox 161 4343 338 4433; x_wconf 85' lang='lat' dir='ltr'><strong>exemplis.</strong></span> <span class='ocrx_word' id='word_1_504' title='bbox 372 4340 549 4409; x_wconf 85' lang='lat' dir='ltr'><strong>Miramur</strong></span> <span class='ocrx_word' id='word_1_505' title='bbox 564 4354 595 4408; x_wconf 90' lang='lat' dir='ltr'><strong>et</strong></span> <span class='ocrx_word' id='word_1_506' title='bbox 615 4340 680 4431; x_wconf 89' lang='lat' dir='ltr'><strong>ipsi</strong></span> <span class='ocrx_word' id='word_1_507' title='bbox 698 4354 830 4409; x_wconf 86' lang='lat' dir='ltr'><strong>tantam</strong></span> <span class='ocrx_word' id='word_1_508' title='bbox 849 4367 922 4412; x_wconf 87' lang='lat' dir='ltr'><strong>esse</strong></span> <span class='ocrx_word' id='word_1_509' title='bbox 937 4345 1148 4414; x_wconf 89' lang='lat' dir='ltr'><strong>daemonum</strong></span> <span class='ocrx_word' id='word_1_510' title='bbox 1202 4341 1325 4426; x_wconf 88' lang='lat' dir='ltr'><strong>literis,</strong></span> <span class='ocrx_word' id='word_1_511' title='bbox 1349 4366 1413 4412; x_wconf 86' lang='lat' dir='ltr'><strong>nec</strong></span> <span class='ocrx_word' id='word_1_512' title='bbox 1428 4338 1651 4421; x_wconf 89' lang='lat' dir='ltr'><strong>Christianos</strong></span> <span class='ocrx_word' id='word_1_513' title='bbox 1668 4377 1758 4420; x_wconf 92' lang='lat' dir='ltr'><strong>nova</strong></span> <span class='ocrx_word' id='word_1_514' title='bbox 1775 4366 1837 4423; x_wconf 88' lang='lat' dir='ltr'><strong>aut</strong></span> <span class='ocrx_word' id='word_1_515' title='bbox 1849 4355 1996 4425; x_wconf 90' lang='lat' dir='ltr'><strong>meliora</strong></span> <span class='ocrx_word' id='word_1_516' title='bbox 2013 4372 2192 4450; x_wconf 70' lang='lat' dir='ltr'><strong>praecepte</strong></span> 
     </span>
     <span class='ocr_line' id='line_1_41' title="bbox 161 4443 2193 4549; baseline 0.01 -38"><span class='ocrx_word' id='word_1_517' title='bbox 161 4446 372 4537; x_wconf 87' lang='lat' dir='ltr'><strong>potentiam,</strong></span> <span class='ocrx_word' id='word_1_518' title='bbox 399 4455 536 4511; x_wconf 90' lang='lat' dir='ltr'><strong>tantum</strong></span> <span class='ocrx_word' id='word_1_519' title='bbox 561 4443 846 4533; x_wconf 87' lang='lat' dir='ltr'><strong>praestigiarum,</strong></span> <span class='ocrx_word' id='word_1_520' title='bbox 874 4457 990 4514; x_wconf 89' lang='lat' dir='ltr'><strong>tantos</strong></span> <span class='ocrx_word' id='word_1_521' title='bbox 1013 4469 1149 4515; x_wconf 89' lang='lat' dir='ltr'><strong>errores</strong></span> <span class='ocrx_word' id='word_1_522' title='bbox 1202 4460 1292 4513; x_wconf 85' lang='lat' dir='ltr'><strong>recte</strong></span> <span class='ocrx_word' id='word_1_523' title='bbox 1310 4445 1453 4515; x_wconf 87' lang='lat' dir='ltr'><strong>vivendi</strong></span> <span class='ocrx_word' id='word_1_524' title='bbox 1480 4447 1676 4540; x_wconf 89' lang='lat' dir='ltr'><strong>invenisse,</strong></span> <span class='ocrx_word' id='word_1_525' title='bbox 1702 4457 1874 4549; x_wconf 86' lang='lat' dir='ltr'><strong>quaedam</strong></span> <span class='ocrx_word' id='word_1_526' title='bbox 1893 4457 1999 4528; x_wconf 91' lang='lat' dir='ltr'><strong>etiam</strong></span> <span class='ocrx_word' id='word_1_527' title='bbox 2018 4461 2193 4533; x_wconf 83' lang='lat' dir='ltr'><strong>miscuisse</strong></span> 
     </span>
     <span class='ocr_line' id='line_1_42' title="bbox 158 4542 1526 4640; baseline 0.004 -26"><span class='ocrx_word' id='word_1_528' title='bbox 158 4548 197 4614; x_wconf 90' lang='lat' dir='ltr'><strong>in</strong></span> <span class='ocrx_word' id='word_1_529' title='bbox 212 4547 386 4615; x_wconf 91' lang='lat' dir='ltr'><strong>mundum</strong></span> <span class='ocrx_word' id='word_1_530' title='bbox 405 4544 607 4634; x_wconf 80' lang='lat' dir='ltr'><strong>pervasisse.</strong></span> <span class='ocrx_word' id='word_1_531' title='bbox 659 4542 1149 4640; x_wconf 81' lang='lat' dir='ltr'><strong>Necdnbito,quinnnrltos</strong></span> <span class='ocrx_word' id='word_1_532' title='bbox 1202 4546 1341 4616; x_wconf 85' lang='lat' dir='ltr'><strong>inutilia</strong></span> <span class='ocrx_word' id='word_1_533' title='bbox 1359 4547 1526 4639; x_wconf 86' lang='lat' dir='ltr'><strong>imperiis.</strong></span> 
     </span>
     <span class='ocr_line' id='line_1_43' title="bbox 159 4644 2193 4756; baseline 0.01 -40"><span class='ocrx_word' id='word_1_534' title='bbox 159 4644 319 4716; x_wconf 91' lang='lat' dir='ltr'><strong>ethnicos</strong></span> <span class='ocrx_word' id='word_1_535' title='bbox 350 4646 430 4713; x_wconf 93' lang='lat' dir='ltr'><strong>illae</strong></span> <span class='ocrx_word' id='word_1_536' title='bbox 462 4647 557 4736; x_wconf 88' lang='lat' dir='ltr'><strong>ipsae</strong></span> <span class='ocrx_word' id='word_1_537' title='bbox 589 4645 827 4736; x_wconf 86' lang='lat' dir='ltr'><strong>turpitudines</strong></span> <span class='ocrx_word' id='word_1_538' title='bbox 856 4650 1148 4739; x_wconf 90' lang='lat' dir='ltr'><strong>superstitionum</strong></span> <span class='ocrx_word' id='word_1_539' title='bbox 1304 4648 1372 4718; x_wconf 88' lang='lat' dir='ltr'><strong>Hic</strong></span> <span class='ocrx_word' id='word_1_540' title='bbox 1393 4664 1568 4721; x_wconf 78' lang='lat' dir='ltr'><strong>certamen</strong></span> <span class='ocrx_word' id='word_1_541' title='bbox 1592 4679 1671 4724; x_wconf 91' lang='lat' dir='ltr'><strong>cum</strong></span> <span class='ocrx_word' id='word_1_542' title='bbox 1688 4656 1902 4752; x_wconf 86' lang='lat' dir='ltr'><strong>Symmacho</strong></span> <span class='ocrx_word' id='word_1_543' title='bbox 1919 4661 2036 4733; x_wconf 89' lang='lat' dir='ltr'><strong>multo</strong></span> <span class='ocrx_word' id='word_1_544' title='bbox 2058 4664 2193 4756; x_wconf 77' lang='lat' dir='ltr'><strong>longius</strong></span> 
     </span>
     <span class='ocr_line' id='line_1_44' title="bbox 158 4747 2192 4842; baseline 0.011 -26"><span class='ocrx_word' id='word_1_545' title='bbox 158 4749 354 4827; x_wconf 88' lang='lat' dir='ltr'><strong>moverint,</strong></span> <span class='ocrx_word' id='word_1_546' title='bbox 379 4758 414 4813; x_wconf 91' lang='lat' dir='ltr'><strong>ut</strong></span> <span class='ocrx_word' id='word_1_547' title='bbox 434 4747 639 4834; x_wconf 90' lang='lat' dir='ltr'><strong>cogitarint,</strong></span> <span class='ocrx_word' id='word_1_548' title='bbox 665 4749 761 4817; x_wconf 90' lang='lat' dir='ltr'><strong>aliud</strong></span> <span class='ocrx_word' id='word_1_549' title='bbox 779 4751 948 4842; x_wconf 88' lang='lat' dir='ltr'><strong>quiddam</strong></span> <span class='ocrx_word' id='word_1_550' title='bbox 968 4775 1061 4832; x_wconf 87' lang='lat' dir='ltr'><strong>csse,</strong></span> <span class='ocrx_word' id='word_1_551' title='bbox 1088 4779 1147 4819; x_wconf 82' lang='lat' dir='ltr'><strong>vc·</strong></span> <span class='ocrx_word' id='word_1_552' title='bbox 1203 4751 1410 4820; x_wconf 85' lang='lat' dir='ltr'><strong>instituitur.</strong></span> <span class='ocrx_word' id='word_1_553' title='bbox 1476 4751 1616 4826; x_wconf 78' lang='lat' dir='ltr'><strong>Geraera</strong></span> <span class='ocrx_word' id='word_1_554' title='bbox 1652 4760 1893 4830; x_wconf 82' lang='lat' dir='ltr'><strong>doctrinarum</strong></span> <span class='ocrx_word' id='word_1_555' title='bbox 1927 4763 2192 4839; x_wconf 86' lang='lat' dir='ltr'><strong>discernuntur:</strong></span> 
     </span>
     <span class='ocr_line' id='line_1_45' title="bbox 158 4846 2194 4954; baseline 0.012 -37"><span class='ocrx_word' id='word_1_556' title='bbox 158 4874 233 4918; x_wconf 88' lang='lat' dir='ltr'><strong>ram</strong></span> <span class='ocrx_word' id='word_1_557' title='bbox 250 4847 469 4937; x_wconf 87' lang='lat' dir='ltr'><strong>religionem.</strong></span> <span class='ocrx_word' id='word_1_558' title='bbox 495 4846 603 4917; x_wconf 87' lang='lat' dir='ltr'><strong>Recte</strong></span> <span class='ocrx_word' id='word_1_559' title='bbox 618 4849 725 4936; x_wconf 87' lang='lat' dir='ltr'><strong>igitur</strong></span> <span class='ocrx_word' id='word_1_560' title='bbox 738 4851 852 4931; x_wconf 84' lang='lat' dir='ltr'><strong>fontes</strong></span> <span class='ocrx_word' id='word_1_561' title='bbox 868 4854 1025 4922; x_wconf 79' lang='lat' dir='ltr'><strong>veritatis</strong></span> <span class='ocrx_word' id='word_1_562' title='bbox 1041 4880 1148 4948; x_wconf 86' lang='lat' dir='ltr'><strong>quae·</strong></span> <span class='ocrx_word' id='word_1_563' title='bbox 1203 4853 1249 4924; x_wconf 88' lang='lat' dir='ltr'><strong>Ut</strong></span> <span class='ocrx_word' id='word_1_564' title='bbox 1276 4854 1398 4923; x_wconf 86' lang='lat' dir='ltr'><strong>lumen</strong></span> <span class='ocrx_word' id='word_1_565' title='bbox 1425 4854 1462 4923; x_wconf 93' lang='lat' dir='ltr'><strong>in</strong></span> <span class='ocrx_word' id='word_1_566' title='bbox 1489 4859 1600 4926; x_wconf 84' lang='lat' dir='ltr'><strong>oculis</strong></span> <span class='ocrx_word' id='word_1_567' title='bbox 1622 4877 1746 4929; x_wconf 86' lang='lat' dir='ltr'><strong>natura</strong></span> <span class='ocrx_word' id='word_1_568' title='bbox 1773 4864 1904 4954; x_wconf 88' lang='lat' dir='ltr'><strong>fulget,</strong></span> <span class='ocrx_word' id='word_1_569' title='bbox 1939 4864 1988 4935; x_wconf 85' lang='lat' dir='ltr'><strong>ita</strong></span> <span class='ocrx_word' id='word_1_570' title='bbox 2018 4871 2194 4941; x_wconf 82' lang='lat' dir='ltr'><strong>mentibus</strong></span> 
     </span>
     <span class='ocr_line' id='line_1_46' title="bbox 158 4949 2193 5057; baseline 0.011 -40"><span class='ocrx_word' id='word_1_571' title='bbox 158 4951 269 5017; x_wconf 91' lang='lat' dir='ltr'><strong>rimus</strong></span> <span class='ocrx_word' id='word_1_572' title='bbox 285 4949 321 5016; x_wconf 94' lang='lat' dir='ltr'><strong>in</strong></span> <span class='ocrx_word' id='word_1_573' title='bbox 338 4949 449 5036; x_wconf 91' lang='lat' dir='ltr'><strong>prima</strong></span> <span class='ocrx_word' id='word_1_574' title='bbox 467 4949 628 5018; x_wconf 89' lang='lat' dir='ltr'><strong>doctrina</strong></span> <span class='ocrx_word' id='word_1_575' title='bbox 645 4953 849 5024; x_wconf 87' lang='lat' dir='ltr'><strong>confirmata</strong></span> <span class='ocrx_word' id='word_1_576' title='bbox 864 4957 968 5024; x_wconf 89' lang='lat' dir='ltr'><strong>certis</strong></span> <span class='ocrx_word' id='word_1_577' title='bbox 987 4957 1148 5025; x_wconf 71' lang='lat' dir='ltr'><strong>testimo«</strong></span> <span class='ocrx_word' id='word_1_578' title='bbox 1201 4951 1367 5022; x_wconf 84' lang='lat' dir='ltr'><strong>humanis</strong></span> <span class='ocrx_word' id='word_1_579' title='bbox 1398 4957 1532 5027; x_wconf 85' lang='lat' dir='ltr'><strong>inditae</strong></span> <span class='ocrx_word' id='word_1_580' title='bbox 1558 4976 1640 5031; x_wconf 90' lang='lat' dir='ltr'><strong>sunt</strong></span> <span class='ocrx_word' id='word_1_581' title='bbox 1667 4966 1836 5044; x_wconf 82' lang='lat' dir='ltr'><strong>noticiae,</strong></span> <span class='ocrx_word' id='word_1_582' title='bbox 1870 4990 1961 5057; x_wconf 89' lang='lat' dir='ltr'><strong>quae</strong></span> <span class='ocrx_word' id='word_1_583' title='bbox 1987 4969 2193 5042; x_wconf 85' lang='lat' dir='ltr'><strong>discernunt</strong></span> 
     </span>
     <span class='ocr_line' id='line_1_47' title="bbox 37 5050 2193 5157; baseline 0.011 -39"><span class='ocrx_word' id='word_1_584' title='bbox 37 5064 41 5069; x_wconf 83' lang='grc'>’</span> <span class='ocrx_word' id='word_1_585' title='bbox 157 5050 227 5118; x_wconf 90' lang='lat' dir='ltr'><strong>niis</strong></span> <span class='ocrx_word' id='word_1_586' title='bbox 242 5050 461 5119; x_wconf 83' lang='lat' dir='ltr'><strong>coelestibus.</strong></span> <span class='ocrx_word' id='word_1_587' title='bbox 748 5106 751 5111; x_wconf 92' lang='lat'><strong>.</strong></span> <span class='ocrx_word' id='word_1_588' title='bbox 1200 5051 1345 5123; x_wconf 83' lang='lat' dir='ltr'><strong>honesta</strong></span> <span class='ocrx_word' id='word_1_589' title='bbox 1365 5071 1399 5126; x_wconf 91' lang='lat' dir='ltr'><strong>et</strong></span> <span class='ocrx_word' id='word_1_590' title='bbox 1415 5060 1543 5149; x_wconf 88' lang='lat' dir='ltr'><strong>turpia.</strong></span> <span class='ocrx_word' id='word_1_591' title='bbox 1595 5062 1715 5157; x_wconf 88' lang='lat' dir='ltr'><strong>ltaque</strong></span> <span class='ocrx_word' id='word_1_592' title='bbox 1732 5081 1770 5135; x_wconf 88' lang='lat' dir='ltr'><strong>nt</strong></span> <span class='ocrx_word' id='word_1_593' title='bbox 1794 5071 1837 5133; x_wconf 88' lang='lat' dir='ltr'><strong>de</strong></span> <span class='ocrx_word' id='word_1_594' title='bbox 1852 5069 2015 5137; x_wconf 87' lang='lat' dir='ltr'><strong>numeris</strong></span> <span class='ocrx_word' id='word_1_595' title='bbox 2033 5096 2074 5140; x_wconf 90' lang='lat' dir='ltr'><strong>ac</strong></span> <span class='ocrx_word' id='word_1_596' title='bbox 2097 5096 2193 5141; x_wconf 83' lang='lat' dir='ltr'><strong>men-</strong></span> 
     </span>
     <span class='ocr_line' id='line_1_48' title="bbox 260 5148 2191 5262; baseline 0.013 -43"><span class='ocrx_word' id='word_1_597' title='bbox 260 5148 443 5222; x_wconf 89' lang='lat' dir='ltr'><strong>Habuistis</strong></span> <span class='ocrx_word' id='word_1_598' title='bbox 465 5154 645 5223; x_wconf 90' lang='lat' dir='ltr'><strong>mirandos</strong></span> <span class='ocrx_word' id='word_1_599' title='bbox 667 5170 831 5226; x_wconf 87' lang='lat' dir='ltr'><strong>eventus:</strong></span> <span class='ocrx_word' id='word_1_600' title='bbox 863 5160 924 5226; x_wconf 89' lang='lat' dir='ltr'><strong>sed</strong></span> <span class='ocrx_word' id='word_1_601' title='bbox 948 5154 1056 5227; x_wconf 91' lang='lat' dir='ltr'><strong>habet</strong></span> <span class='ocrx_word' id='word_1_602' title='bbox 1076 5154 1147 5226; x_wconf 83' lang='lat' dir='ltr'><strong>Ec·</strong></span> <span class='ocrx_word' id='word_1_603' title='bbox 1201 5157 1292 5224; x_wconf 87' lang='lat' dir='ltr'><strong>suris</strong></span> <span class='ocrx_word' id='word_1_604' title='bbox 1317 5158 1391 5226; x_wconf 86' lang='lat' dir='ltr'><strong>sani</strong></span> <span class='ocrx_word' id='word_1_605' title='bbox 1417 5185 1539 5230; x_wconf 90' lang='lat' dir='ltr'><strong>omnes</strong></span> <span class='ocrx_word' id='word_1_606' title='bbox 1569 5165 1673 5234; x_wconf 83' lang='lat' dir='ltr'><strong>etiam</strong></span> <span class='ocrx_word' id='word_1_607' title='bbox 1699 5168 1841 5237; x_wconf 80' lang='lat' dir='ltr'><strong>barbari</strong></span> <span class='ocrx_word' id='word_1_608' title='bbox 1868 5174 2120 5262; x_wconf 86' lang='lat' dir='ltr'><strong>consentiunt,</strong></span> <span class='ocrx_word' id='word_1_609' title='bbox 2148 5176 2191 5245; x_wconf 80' lang='lat' dir='ltr'><strong>ita</strong></span> 
     </span>
     <span class='ocr_line' id='line_1_49' title="bbox 157 5253 2191 5349; baseline 0.013 -28"><span class='ocrx_word' id='word_1_610' title='bbox 157 5253 261 5322; x_wconf 90' lang='lat' dir='ltr'><strong>clesia</strong></span> <span class='ocrx_word' id='word_1_611' title='bbox 277 5254 380 5340; x_wconf 88' lang='lat' dir='ltr'><strong>longe</strong></span> <span class='ocrx_word' id='word_1_612' title='bbox 393 5255 480 5323; x_wconf 90' lang='lat' dir='ltr'><strong>alios</strong></span> <span class='ocrx_word' id='word_1_613' title='bbox 495 5279 534 5323; x_wconf 88' lang='lat' dir='ltr'><strong>ac</strong></span> <span class='ocrx_word' id='word_1_614' title='bbox 550 5278 655 5346; x_wconf 90' lang='lat' dir='ltr'><strong>supra</strong></span> <span class='ocrx_word' id='word_1_615' title='bbox 670 5259 882 5329; x_wconf 84' lang='lat' dir='ltr'><strong>daemonum</strong></span> <span class='ocrx_word' id='word_1_616' title='bbox 897 5260 988 5329; x_wconf 89' lang='lat' dir='ltr'><strong>vires</strong></span> <span class='ocrx_word' id='word_1_617' title='bbox 1004 5259 1147 5349; x_wconf 88' lang='lat' dir='ltr'><strong>positos,</strong></span> <span class='ocrx_word' id='word_1_618' title='bbox 1199 5259 1313 5327; x_wconf 80' lang='lat' dir='ltr'><strong>oflicia</strong></span> <span class='ocrx_word' id='word_1_619' title='bbox 1338 5253 1484 5332; x_wconf 88' lang='lat' dir='ltr'><strong>honesta</strong></span> <span class='ocrx_word' id='word_1_620' title='bbox 1507 5264 1545 5330; x_wconf 93' lang='lat' dir='ltr'><strong>in</strong></span> <span class='ocrx_word' id='word_1_621' title='bbox 1570 5259 1634 5335; x_wconf 90' lang='lat' dir='ltr'><strong>hac</strong></span> <span class='ocrx_word' id='word_1_622' title='bbox 1658 5273 1836 5338; x_wconf 88' lang='lat' dir='ltr'><strong>communi</strong></span> <span class='ocrx_word' id='word_1_623' title='bbox 1863 5274 2031 5345; x_wconf 85' lang='lat' dir='ltr'><strong>societate</strong></span> <span class='ocrx_word' id='word_1_624' title='bbox 2061 5276 2191 5349; x_wconf 87' lang='lat' dir='ltr'><strong>intelli-</strong></span> 
     </span>
     <span class='ocr_line' id='line_1_50' title="bbox 157 5355 2190 5463; baseline 0.014 -40"><span class='ocrx_word' id='word_1_625' title='bbox 157 5355 455 5427; x_wconf 88' lang='lat' dir='ltr'><strong>resuscitationem</strong></span> <span class='ocrx_word' id='word_1_626' title='bbox 482 5371 724 5444; x_wconf 90' lang='lat' dir='ltr'><strong>mortuorum,</strong></span> <span class='ocrx_word' id='word_1_627' title='bbox 759 5375 879 5432; x_wconf 89' lang='lat' dir='ltr'><strong>natam</strong></span> <span class='ocrx_word' id='word_1_628' title='bbox 911 5362 1070 5431; x_wconf 89' lang='lat' dir='ltr'><strong>sobolem</strong></span> <span class='ocrx_word' id='word_1_629' title='bbox 1103 5388 1144 5432; x_wconf 84' lang='lat' dir='ltr'><strong>ex</strong></span> <span class='ocrx_word' id='word_1_630' title='bbox 1198 5375 1285 5450; x_wconf 90' lang='lat' dir='ltr'><strong>gunt</strong></span> <span class='ocrx_word' id='word_1_631' title='bbox 1302 5385 1342 5431; x_wconf 90' lang='lat' dir='ltr'><strong>ac</strong></span> <span class='ocrx_word' id='word_1_632' title='bbox 1354 5363 1564 5438; x_wconf 89' lang='lat' dir='ltr'><strong>diiudicant.</strong></span> <span class='ocrx_word' id='word_1_633' title='bbox 1614 5363 1661 5438; x_wconf 85' lang='lat' dir='ltr'><strong>Et</strong></span> <span class='ocrx_word' id='word_1_634' title='bbox 1678 5374 1772 5461; x_wconf 90' lang='lat' dir='ltr'><strong>qnod</strong></span> <span class='ocrx_word' id='word_1_635' title='bbox 1795 5373 1908 5443; x_wconf 87' lang='lat' dir='ltr'><strong>multo</strong></span> <span class='ocrx_word' id='word_1_636' title='bbox 1926 5377 2119 5463; x_wconf 83' lang='lat' dir='ltr'><strong>gloriosius</strong></span> <span class='ocrx_word' id='word_1_637' title='bbox 2134 5394 2190 5462; x_wconf 89' lang='lat' dir='ltr'><strong>est,</strong></span> 
     </span>
     <span class='ocr_line' id='line_1_51' title="bbox 155 5454 2189 5571; baseline 0.012 -46"><span class='ocrx_word' id='word_1_638' title='bbox 155 5454 311 5542; x_wconf 81' lang='lat' dir='ltr'><strong>effoetis,</strong></span> <span class='ocrx_word' id='word_1_639' title='bbox 336 5480 533 5546; x_wconf 88' lang='lat' dir='ltr'><strong>repressum</strong></span> <span class='ocrx_word' id='word_1_640' title='bbox 549 5461 633 5530; x_wconf 88' lang='lat' dir='ltr'><strong>solis</strong></span> <span class='ocrx_word' id='word_1_641' title='bbox 649 5483 804 5536; x_wconf 90' lang='lat' dir='ltr'><strong>cursum.</strong></span> <span class='ocrx_word' id='word_1_642' title='bbox 1196 5488 1276 5533; x_wconf 91' lang='lat' dir='ltr'><strong>cum</strong></span> <span class='ocrx_word' id='word_1_643' title='bbox 1292 5460 1398 5533; x_wconf 91' lang='lat' dir='ltr'><strong>homo</strong></span> <span class='ocrx_word' id='word_1_644' title='bbox 1415 5465 1460 5536; x_wconf 87' lang='lat' dir='ltr'><strong>sit</strong></span> <span class='ocrx_word' id='word_1_645' title='bbox 1477 5468 1591 5557; x_wconf 89' lang='lat' dir='ltr'><strong>imago</strong></span> <span class='ocrx_word' id='word_1_646' title='bbox 1606 5466 1687 5553; x_wconf 93' lang='lat' dir='ltr'><strong>Dei,</strong></span> <span class='ocrx_word' id='word_1_647' title='bbox 1715 5476 1887 5564; x_wconf 80' lang='lat' dir='ltr'><strong>quaedam</strong></span> <span class='ocrx_word' id='word_1_648' title='bbox 1904 5477 2012 5547; x_wconf 88' lang='lat' dir='ltr'><strong>etiam</strong></span> <span class='ocrx_word' id='word_1_649' title='bbox 2029 5484 2189 5571; x_wconf 81' lang='lat' dir='ltr'><strong>condito·</strong></span> 
     </span>
    </p>
   </div>
   <div class='ocr_carea' id='block_1_3' title="bbox 0 0 2350 6020">
    <p class='ocr_par' dir='ltr' id='par_1_3' title="bbox 0 0 2350 6020">
     <span class='ocr_line' id='line_1_52' title="bbox 0 0 2350 6020; baseline 0 0"><span class='ocrx_word' id='word_1_650' title='bbox 0 0 2350 6020; x_wconf 95' lang='lat' dir='ltr'><strong> </strong></span> 
     </span>
    </p>
   </div>
  </div>
 </body>
</html>
