4672 6016
140 306 215 383 „7
630 290 792 373 nucu
824 289 901 367 ua
932 289 1173 367 suunus
1197 288 1696 371 anonascuuruu.
2114 292 2192 371 ιω

138 479 354 559 lescentibus
376 472 538 556 ostendi,
570 493 678 565 quam
702 490 798 539 nunc
825 466 981 559 primum
1003 465 1143 547 florere,
1193 465 1372 559 simulque
1397 479 1432 538 et
1453 465 1581 537 llorere
1597 479 1633 537 et
1653 465 1867 537 intercidere
1882 467 2019 552 solent,
2042 466 2094 539 its
2109 490 2192 537 cum

140 600 202 663 aut
224 584 353 657 rubere
377 575 560 668 coeperint
581 574 636 643 illi
661 574 815 655 fructus,
848 570 1002 638 necdum
1024 579 1142 636 rnatu·
1193 582 1277 640 sunt
1310 568 1517 639 labefactata
1558 568 1709 638 immani
1747 568 1911 639 barbarie
1943 592 1985 640 ac
2019 569 2193 654 vestime,

138 687 298 771 ruerint;
332 695 368 753 et
388 668 554 762 moneri,
587 699 658 771 quo
682 674 800 751 cultu,
835 671 967 764 quibus
987 669 1085 739 auris
1108 680 1143 737 et
1193 671 1314 742 omnia
1340 670 1479 741 involvi
1501 692 1642 741 necesse
1660 685 1724 744 est.
1784 669 1868 760 Quo
1891 671 2027 743 maiore
2047 694 2135 743 curs
2155 686 2191 746 ct

139 792 289 872 solibus,
308 799 343 856 et
359 807 428 877 qua
445 780 693 851 benedictione
709 774 831 845 divina
847 768 965 842 adhuc
978 773 1024 842 sit
1042 793 1142 861 opus,
1193 774 1422 845 contentione
1443 772 1541 843 viros
1555 769 1724 844 honestos
1743 768 1801 844 his
1815 775 2062 866 praecentibus
2075 774 2191 856 mulis,

140 906 182 969 ut
210 890 294 962 laeti
326 912 366 958 ac
399 884 531 955 maturi
566 882 723 972 talesque
750 877 886 945 fructus
918 875 1142 966 proveniant,
1191 900 1355 971 quaeque
1385 871 1441 946 his
1461 875 1559 946 haud
1582 877 1688 968 paulo
1716 876 1881 965 graviora
1903 877 2112 969 impendere
2135 877 2191 949 vi-

141 998 272 1095 quibus
287 989 450 1079 Respub.
474 1001 508 1055 et
525 982 681 1055 Ecclesia
698 979 827 1047 deinde
847 978 1037 1047 salubriter
1060 998 1141 1067 pos·
1193 983 1342 1063 dentur,
1367 978 1467 1048 omni
1481 1000 1609 1067 genere
1626 979 1866 1049 remediorum
1879 1002 2066 1051 occurrere
2081 981 2191 1055 decet.

143 1102 191 1173 sit
230 1097 294 1167 uti·
360 1089 440 1161 lloc
474 1087 634 1157 elficiunt
663 1079 846 1165 examina,
887 1104 978 1173 quae
1013 1080 1142 1171 cuique
1194 1080 1268 1151 Nec
1293 1081 1419 1150 leviter
1442 1076 1527 1151 haec
1550 1081 1711 1151 examina
1732 1083 1775 1151 ad
1800 1081 2026 1171 disciplinam
2053 1082 2190 1153 condu-

142 1220 330 1300 quousque
351 1211 557 1288 progressus
580 1187 644 1269 sit,
671 1197 705 1253 et
729 1184 816 1275 quid
841 1183 917 1253 viae
944 1176 1061 1252 adbuc
1084 1205 1142 1249 re·
1195 1197 1300 1268 cunt,
1341 1184 1522 1253 licentiam
1546 1196 1748 1275 temporum
1778 1181 1951 1254 nonnihil
1979 1183 2190 1279 reprimunt,

142 1318 229 1385 stet,
255 1300 467 1377 ostendunt,
491 1315 536 1360 ne
559 1288 689 1359 seiam
714 1299 843 1355 metam
868 1306 1050 1378 superasse
1073 1308 1142 1375 pu·
1195 1286 1355 1356 discendi
1373 1310 1494 1355 curam
1512 1300 1660 1374 augent,
1687 1300 1722 1356 et
1738 1300 1831 1356 certa
1846 1286 1924 1377 lege
1939 1301 2046 1382 atque
2063 1286 2189 1359 ordina

143 1422 239 1491 tent,
262 1426 344 1474 cum
359 1399 507 1469 vixdum
522 1390 629 1482 septis
644 1389 875 1460 excurrerint.
926 1385 1018 1457 Cum
1036 1385 1143 1474 igitur
1194 1389 1312 1458 studia
1336 1388 1556 1478 garbernant,
1582 1402 1688 1482 atque
1709 1391 1754 1457 ad
1778 1412 1817 1458 ea
1840 1388 2009 1459 discenda
2031 1390 2189 1481 adigunt,

144 1510 319 1608 quaedam
351 1496 545 1569 modestiae
576 1516 617 1561 ac
648 1491 856 1582 disciplinae
879 1490 1020 1558 officina
1049 1500 1144 1571 sunt,
1196 1491 1326 1583 quibus
1352 1490 1476 1579 religio
1500 1514 1685 1585 moresque
1710 1491 1815 1570 boni,
1847 1515 1888 1560 ac
1910 1515 1994 1562 vera
2018 1506 2055 1565 et
2076 1492 2189 1563 solida

146 1629 321 1687 tumvero
341 1599 509 1672 etiamad
524 1588 746 1678 κοινωνίαν,
772 1588 916 1675 hocest,
941 1591 1141 1662 studiorum
1196 1593 1358 1663 doctrina
1374 1593 1587 1666 continetur.
1638 1591 1730 1662 Nam
1755 1617 1794 1663 ea
1812 1616 1903 1687 quae
1921 1595 1968 1665 ad
1991 1591 2090 1665 ltunc
2112 1617 2189 1685 grs-

146 1703 507 1787 communicationem
540 1709 701 1766 mutuam
727 1709 832 1789 atque
859 1695 895 1762 in
928 1694 1142 1763 conferendo
1196 1699 1281 1766 dum
1297 1695 1436 1765 institui
1450 1696 1566 1766 solent
1580 1696 1752 1779 examina,
1778 1719 1852 1766 non
1867 1697 1983 1768 solum
1999 1694 2189 1768 Gramma.

146 1832 180 1889 et
209 1806 441 1899 disceptando
476 1800 681 1871 facilitatem
717 1794 1046 1889 humanitatemque
1079 1797 1142 1864 ad·
1196 1799 1285 1868 ticae
1313 1812 1347 1867 et
1370 1794 1584 1868 Dialecticae
1608 1797 1770 1868 exercitia
1801 1811 1903 1882 sunt,
1931 1800 1992 1869 sed
2016 1800 2189 1894 quaedam

145 1913 356 1989 suelaciunt.
409 1903 565 1992 Quidam
601 1902 697 1970 enim
732 1901 771 1968 in
805 1895 862 1969 his
898 1898 1144 1989 congressibus
1196 1900 1301 1970 etiam
1330 1893 1529 1993 κατήχησις
1566 1900 1817 1971 ecclesiasticae
1848 1902 2046 1975 doctrinae.
2107 1897 2191 1973 Exi·

146 2017 259 2107 magis
274 2025 358 2082 sttttt
372 2005 614 2077 intractabiles
629 2027 668 2072 ac
685 2003 830 2086 morosi,
857 2027 962 2095 quam
980 1996 1144 2070 homines
1195 2017 1329 2093 guntur
1342 2003 1438 2072 enirn
1454 2003 1655 2072 rudimenta
1678 2003 1819 2094 pietatis
1831 2003 1878 2072 ab
1894 2004 2190 2086 adolescentibus,

148 2118 333 2194 doctrinae
348 2110 476 2181 studiis
493 2107 649 2177 excultos
668 2107 777 2175 decet.
812 2102 888 2175 Alii
906 2128 1014 2195 porro
1031 2102 1144 2173 subli-
1197 2117 1230 2175 et
1248 2106 1278 2174 si
1296 2128 1387 2198 quae
1405 2129 1529 2195 parum
1548 2108 1733 2175 commode
1748 2105 1937 2198 opiniones
1957 2109 2002 2177 de
2019 2108 2190 2199 religione

147 2223 200 2293 mi
217 2215 417 2305 arrogantia
435 2209 580 2282 subnixi
596 2232 716 2292 suam,
747 2208 777 2276 si
794 2232 862 2300 qua
880 2221 943 2292 est,
969 2206 1145 2277 eruditio·
1195 2209 1286 2277 forte
1318 2230 1502 2298 perperam
1525 2202 1733 2291 haeserunt,
1759 2209 1887 2277 animis
1909 2210 2120 2281 evelluntur
2140 2224 2191 2283 at.

148 2350 232 2397 nem
248 2345 312 2391 ceu
328 2316 468 2406 Regum
478 2311 666 2382 Persarum
681 2313 846 2403 mysteria
864 2310 993 2392 celant,
1019 2309 1143 2386 etsola
1197 2333 1266 2403 que
1288 2311 1456 2378 adversus
1479 2310 1611 2379 multos
1637 2311 1763 2379 noxios
1783 2334 1920 2380 errores
1944 2327 2091 2404 pectora
2114 2336 2190 2385 mu-

149 2427 332 2497 maiestate
358 2444 398 2488 ac
425 2414 581 2486 tenebris
605 2426 717 2483 tutam
747 2427 911 2497 censent,
945 2435 1027 2481 cum
1051 2405 1143 2479 nibil
1196 2413 1360 2482 niuntur.
1413 2410 1521 2501 Quod
1555 2435 1662 2503 quam
1695 2437 1821 2503 operae
1848 2414 2008 2505 precium
2042 2415 2105 2502 sit,
2133 2408 2188 2485 bis

149 2538 335 2623 promant,
361 2514 456 2590 nihil
472 2518 666 2610 quidquam
684 2516 728 2584 de
745 2539 810 2584 suo
826 2515 865 2584 in
887 2515 1044 2585 medium
1061 2538 1144 2606 pro-
1196 2514 1400 2606 pracsertim
1431 2515 1650 2605 temporibus
1674 2515 1853 2585 nonsatis
1876 2516 1946 2586 dici
1968 2530 2102 2608 potest.
2146 2514 2190 2589 Ιιι

150 2633 284 2708 lerant,
310 2647 391 2693 cum
408 2620 552 2690 nemine
567 2617 842 2690 communicent.
894 2615 971 2686 Hos
993 2618 1023 2686 si
1039 2641 1144 2685 excu-
1198 2616 1263 2686 ltac
1285 2617 1380 2685 enim
1404 2630 1501 2687 tanta
1525 2617 1712 2687 securitate
1735 2613 1921 2688 hominum
1942 2634 1979 2691 et
1999 2619 2191 2693 incurius

151 2734 236 2814 iliis
267 2724 429 2796 invenias
456 2723 654 2814 plerunque
677 2720 819 2804 inanes,
853 2734 887 2791 tl
908 2715 976 2789 hoc
1001 2733 1053 2789 est
1081 2742 1145 2788 tur
1198 2719 1410 2809 negligentia
1438 2719 1639 2809 religionis,
1673 2744 1813 2789 necesse
1838 2733 1888 2791 est
1913 2715 2008 2792 hanc
2037 2736 2190 2795 tenu·

151 2829 347 2905 examinari
375 2841 480 2918 atque
505 2824 619 2894 excuti
649 2835 833 2913 tantopere
860 2823 1030 2910 sugitant;
1069 2844 1145 2888 me·
1197 2834 1346 2892 aetatem
1362 2847 1503 2915 quoque
1518 2822 1616 2891 velut
1631 2823 1772 2912 publica
1787 2823 1998 2913 contagione
2016 2823 2186 2905 inlecta,

151 2947 258 3009 tuunt
272 2931 381 3010 enim,
408 2953 455 2996 ne
470 2929 515 2995 ‹le
530 2949 593 2995 sua
610 2925 796 2996 autoritate
811 2940 870 2995 aut
887 2925 1144 2995 existimatione
1197 2924 1402 3017 profanam,
1436 2948 1476 2993 ac
1501 2924 1640 3016 pietatis
1665 2938 1950 2995 contemnentem
1973 2927 2076 3012 tieri;
2107 2948 2182 3023 qne

151 3034 355 3131 plusculum
373 3030 557 3113 amittant,
582 3029 612 3096 si
635 3050 671 3096 se
688 3028 860 3118 aperiant.
912 3025 979 3096 His
997 3027 1144 3119 permit·
1198 3051 1278 3097 cum
1295 3027 1342 3096 sit
1358 3027 1588 3095 seminarium
1604 3024 1783 3097 Ecclesiae
1804 3051 1844 3097 ac
1860 3025 2185 3122 Rerumpub.etin

151 3155 269 3212 tamus
296 3150 335 3206 ut
360 3133 511 3203 aliorum
536 3131 707 3222 opinione
730 3130 848 3220 magui
873 3131 1040 3224 doctique
1063 3129 1146 3214 sint,
1198 3125 1266 3199 hoc
1282 3143 1426 3199 veterno
1447 3123 1555 3200 huius
1571 3130 1681 3200 seculi
1697 3143 1868 3224 tantoque
1887 3130 2185 3224 contemptureli·
2219 3142 2224 3203 l

43 3244 46 3249 .
152 3265 215 3313 ωε
229 3237 373 3307 maximi
387 3260 427 3305 ac
442 3233 635 3305 doctissimi
659 3247 817 3329 tumeant
831 3258 936 3326 quam
954 3233 1086 3316 velint,
1111 3247 1146 3302 et
1197 3231 1313 3322 gionis
1336 3245 1546 3316 succrescat,
1577 3232 1662 3301 satis
1683 3234 1845 3323 adparet,
1871 3258 1977 3327 quam
2003 3229 2184 3307 horribile
2219 3206 2224 3321 l

151 3344 210 3414 vel
232 3364 338 3412 ranae
360 3336 552 3429 Aesopicae
580 3336 738 3426 exemplo
758 3359 837 3405 cum
864 3336 974 3406 tauris
1000 3349 1146 3420 certent,
1199 3335 1367 3405 tenebrae
1385 3358 1425 3403 ac
1438 3337 1582 3405 vastitas
1600 3348 1758 3425 posteros
1773 3348 1915 3406 nostros
1935 3336 1980 3406 sit
1996 3352 2183 3428 exceptura,
2216 3334 2224 3393 l

152 3450 265 3518 donec
292 3444 337 3513 ad
363 3464 539 3511 summum
565 3438 679 3508 inllati
707 3451 862 3529 crepent.
914 3436 1146 3526 Quirectius
1197 3435 1289 3508 Cum
1304 3437 1458 3530 alioqui,
1481 3439 1780 3531 quemadmodum
1795 3438 1931 3509 semina
1945 3461 1985 3508 ac
1999 3440 2180 3531 plantatio
2217 3450 2224 3491 Ι

152 3561 270 3619 mente
284 3545 466 3626 valebunt,
485 3538 522 3611 hi
538 3566 612 3611 non
628 3564 746 3612 errare
762 3542 873 3629 magis
891 3542 1020 3626 volent,
1038 3566 1144 3634 quarn
1198 3540 1357 3629 singulos
1386 3562 1500 3608 annos
1533 3542 1745 3627 degenerare
1774 3539 1906 3624 solent,
1940 3541 2014 3611 lato
2040 3544 2177 3636 quodam
2217 3550 2224 3591 ἲ

153 3651 247 3719 viam
265 3645 402 3728 doceri,
428 3658 532 3736 atque
549 3643 709 3713 examina
732 3656 767 3711 et
782 3644 867 3711 istus
884 3666 1090 3732 congressus
1107 3656 1146 3712 ut
1199 3642 1319 3711 omnia
1342 3664 1503 3710 successu
1527 3654 1726 3733 temporum
1750 3644 1788 3711 in
1808 3643 1909 3734 peius
1933 3637 2116 3723 trahente,
2136 3644 2176 3711 its
2218 3666 2224 3685 ²

153 3749 406 3823 saluberrimos
437 3745 564 3814 studiis
596 3760 701 3834 atque
735 3744 943 3812 utilissimos
973 3746 1147 3835 magnila-
1200 3740 1363 3812 homines
1392 3767 1533 3836 quoque
1562 3744 1782 3833 singularum
1813 3758 1966 3815 aetatum
2001 3744 2179 3818 deteriores
2217 3740 2224 3759 '

153 3856 258 3937 cient,
284 3850 451 3943 quodque
468 3858 636 3937 poterunt
651 3847 694 3914 de
709 3868 773 3913 suo
792 3870 933 3938 quoque
947 3851 991 3915 ad
1010 3872 1049 3916 ea
1067 3859 1145 3917 tan·
1199 3847 1307 3930 nasci,
1333 3870 1373 3915 ac
1387 3868 1557 3937 sempera
1574 3847 1766 3936 superioris
1780 3848 1888 3917 seculi
1904 3846 2052 3937 ingenio
2066 3863 2102 3920 et
2113 3872 2179 3919 ruo·

152 3981 260 4054 quam
276 3955 321 4022 ad
336 3951 481 4043 aliquod
506 3971 674 4038 magnum
696 3947 880 4038 publicum
903 3950 1037 4019 bouum
1060 3975 1147 4020 con·
1199 3950 1298 4020 ribus
1316 3950 1420 4037 longe
1435 3950 1646 4038 degenerare
1661 3949 1856 4021 videamus.
1908 3947 2034 4038 Quare
2045 3965 2088 4023 ut
2101 3950 2181 4042 agri-

153 4061 279 4130 f‘fffll·
1199 4052 1296 4120 colae
1320 4065 1395 4121 arte
1418 4074 1458 4119 ac
1481 4050 1683 4140 diligentia,
1717 4053 1802 4121 dum
1828 4053 2022 4145 quotannis
2043 4055 2181 4125 maxims

257 4154 422 4226 Diximus
435 4154 480 4222 de
500 4153 701 4223 examinum
725 4152 878 4223 utilitate
902 4167 936 4224 et
951 4154 980 4224 si
997 4178 1035 4224 ea
1048 4168 1145 4225 tanta
1200 4177 1358 4248 quaeque
1374 4176 1483 4222 manu
1499 4153 1631 4242 legunt,
1650 4153 1705 4221 illi
1720 4154 1896 4224 seminum
1912 4157 2105 4227 mutationi
2118 4177 2181 4227 ιω-

155 4275 276 4333 ettam
292 4256 478 4348 multiplex
500 4270 568 4337 est,
595 4271 635 4325 ut
659 4279 723 4324 nec
747 4256 785 4323 in
809 4250 873 4326 hac
895 4257 1063 4348 temporis
1082 4282 1146 4326 an·
1199 4257 1276 4326 deri
1290 4258 1449 4340 student,
1475 4256 1523 4325 ita
1536 4255 1632 4323 viros
1647 4250 1814 4326 honestos
1832 4281 1992 4350 quosque
2014 4283 2098 4331 cum
2111 4282 2182 4329 m.

154 4363 289 4458 gustia,
315 4382 430 4452 neque
446 4381 465 4426 a
481 4381 537 4425 me
560 4351 706 4426 homine
723 4360 767 4427 ad
789 4359 978 4429 dicendum
1000 4360 1147 4429 minime
1200 4384 1279 4429 rum
1302 4372 1503 4448 temporum
1525 4357 1622 4427 vitiis
1644 4382 1801 4449 pugnare
1820 4372 1959 4450 oportet
1965 4412 1978 4445 ,
2005 4357 2182 4456 quodnisi

153 4472 328 4539 instructo
347 4461 430 4529 satis
447 4460 717 4529 commemorari
734 4461 857 4552 possit.
908 4461 1047 4532 Nostris
1063 4487 1146 4531 vero
1199 4463 1279 4545 liat,
1314 4461 1433 4529 omnia
1459 4460 1559 4527 brevi
1584 4460 1623 4527 in
1645 4484 1810 4552 praeceps
1837 4462 1975 4533 ruitura
1998 4465 2182 4535 videamus
2221 4468 2225 4543 l

155 4565 376 4657 temporibus
392 4563 557 4631 iuveni&
574 4557 630 4630 hl⁸
644 4560 792 4656 ῖθῑβαῖς
808 4565 918 4654 magis
936 4565 1040 4633 etiam
1058 4589 1147 4657 opus
1198 4560 1259 4633 Ad
1282 4565 1436 4632 eundem
1465 4563 1612 4630 modum
1637 4562 1707 4630 nisi
1735 4564 1817 4634 totis
1841 4563 1980 4635 viribus
2009 4568 2182 4639 resistatur
2222 4570 2225 4597 ⁵

155 4667 279 4752 habel,
304 4667 401 4762 qumi
423 4660 509 4733 haec
524 4678 636 4743 atlas,
660 4679 701 4735 ut
721 4665 800 4734 aliis
818 4665 857 4734 in
875 4667 1145 4757 rebusalegum
1199 4663 1331 4736 borum
1345 4679 1545 4754 temporum
1560 4665 1796 4754 negligentiae
1811 4678 1917 4760 atque
1932 4667 2099 4755 inertiae,
2117 4690 2183 4739 me·
2223 4670 2225 4677 '

155 4771 309 4842 vinculis
340 4770 453 4839 llbffl
479 4766 557 4836 vuli
583 4788 677 4850 0⁸⁸⁰,
708 4782 743 4837 el
770 4769 881 4857 magis
907 4794 1013 4862 quam
1040 4772 1163 4839 credo·
1200 4770 1372 4839 tuendum
1388 4781 1450 4851 est,
1475 4789 1522 4835 ne
1537 4768 1581 4835 ad
1597 4781 1756 4856 posteros
1771 4791 1897 4858 magna
1914 4793 1955 4839 ex
1970 4786 2073 4863 parte
2087 4787 2121 4842 et
2135 4794 2184 4841 re-

154 4868 304 4946 antehac
325 4872 417 4954 ulla,
438 4882 627 4938 contumax
650 4894 691 4937 ac
713 4872 806 4939 lreni
834 4872 1022 4962 impatiens
1048 4873 1145 4941 ordi·
1199 4871 1341 4960 ligionis
1366 4869 1548 4949 doctrina,
1579 4883 1614 4939 et
1640 4883 1795 4938 caeterae
1818 4895 1959 4965 quoque
1982 4874 2184 4967 disciplinae

154 4979 281 5070 nisque
305 4986 341 5043 et
361 4972 569 5064 disciplinae
590 4972 825 5063 contemptrix
850 4988 919 5058 est,
945 4974 993 5044 ita
1017 4975 1145 5044 artium
1199 4974 1271 5043 sint
1295 4972 1512 5042 interiturae.
1564 4968 1654 5039 Nam
1678 4967 1853 5057 Ecclesia,
1886 4997 1961 5043 non
1984 4975 2057 5046 iam
2077 4978 2185 5047 dicam

155 5099 298 5176 quoque
312 5086 493 5166 praecepta
507 5074 641 5165 respuit
654 5089 759 5167 atque
773 5077 1018 5166 adspernatur.
1046 5075 1146 5166 Quo·
1198 5078 1242 5146 de
1265 5075 1421 5144 alumnis
1439 5073 1495 5141 vel
1511 5072 1713 5164 discipulis,
1739 5072 1912 5145 Doctores
1929 5092 2025 5149 certe
2049 5088 2186 5151 nonest
2221 5118 2226 5187 t

58 5238 63 5251 .
154 5206 234 5253 rum
248 5192 371 5255 utrum
389 5176 574 5247 nocentius
589 5176 654 5260 sit,
675 5171 772 5247 baud
793 5178 896 5247 lacile
912 5179 1008 5248 dictu
1030 5180 1147 5262 luerit,
1199 5174 1384 5256 habitura,
1410 5189 1445 5245 et
1459 5176 1719 5266 dispensatores
1733 5178 1983 5271 mysteriorum
2001 5181 2089 5265 Dei,
2113 5202 2185 5252 cum
2223 5190 2226 5199 ·

152 5307 235 5357 tum
249 5281 400 5351 alterum
412 5274 796 5369 Rerumpubatterum
811 5282 941 5351 artium
956 5304 995 5350 ac
1011 5281 1145 5351 doctri·
1197 5282 1246 5350 ita
1262 5279 1462 5369 negligatur
1480 5278 1580 5347 verbi
1597 5277 1713 5346 divini
1729 5280 1904 5354 tractatio.
1946 5278 2091 5354 Deinde
2106 5305 2186 5377 qua-

152 5410 220 5456 uae
242 5382 384 5455 ruinam
409 5373 539 5454 trahat.
600 5380 703 5471 Quae
725 5382 817 5467 duo,
849 5407 976 5473 nempe
997 5383 1089 5473 leges
1113 5396 1148 5453 et
1197 5383 1267 5451 lem
1290 5396 1455 5474 putemus
1475 5379 1641 5449 militiam
1665 5379 1702 5447 in
1726 5381 1971 5471 superioribus
1993 5383 2185 5479 disciplinis

152 5487 336 5569 doctrina,
356 5495 397 5554 ut
412 5482 554 5553 loedere
570 5484 726 5577 quodam
748 5483 843 5556 inter
857 5508 894 5556 se
916 5486 1037 5558 iuncta
1053 5498 1148 5569 sunt,
1196 5486 1376 5575 futuram,
1399 5507 1479 5554 cum
1495 5483 1534 5552 in
1549 5476 1606 5550 his
1620 5482 1816 5574 primarum
1830 5485 1962 5560 artium
1977 5485 2183 5560 rudimentis
