4664 6022
158 309 230 383 851
506 292 670 400 DECE.
704 294 777 368 DE
811 293 1009 368 DlCTO:
1051 294 1292 374 PROBET
1327 304 1747 400 UNUSQUlSQUE
1772 328 1856 387 nro.
2139 310 2218 391 052,

116 484 120 491 '
164 478 283 548 stiriae
306 472 546 545 Ecclesiarum
570 485 604 540 et
626 468 881 556 imbecillitati,
921 493 1012 563 quae
1033 494 1160 563 magna
1213 477 1410 548 subtilitate
1446 481 1637 550 verborum
1674 496 1709 553 et
1743 484 1942 575 praestigiis
1975 486 2209 556 calumniato-

166 595 236 660 est,
263 578 360 648 etin
383 576 489 647 bonis
513 572 714 657 mentibus,
738 572 856 663 parci,
887 585 922 642 et
941 572 1022 643 ideo
1045 598 1160 667 qnan-
1212 603 1291 647 rum
1316 583 1462 667 turbor,
1486 586 1545 651 sed
1566 609 1720 674 provoco
1742 589 1787 656 ad
1810 601 1905 657 recta
1926 600 1962 657 et
1982 587 2140 657 candida
2159 588 2209 658 iu·

165 697 241 754 tum
257 681 335 750 fieri
349 679 459 773 possit
473 703 493 748 a
508 700 583 747 non
598 674 1161 747 necessariismutationibusabs-
1212 681 1325 768 dicia,
1351 708 1442 778 quae
1466 699 1536 756 tam
1565 690 1673 756 duras
1698 691 1892 759 sententias
1913 692 1959 759 de
1984 686 2053 759 hac
2077 714 2115 758 re
2139 714 2207 760 nou

167 784 293 868 tineri,
328 797 447 853 tamen
469 779 534 850 ubi
557 777 745 873 Principes
767 779 812 847 ad
839 777 1034 848 tollendam
1055 780 1160 848 dissi·
1212 785 1339 856 ferent.

166 885 409 957 militudinem
431 885 564 953 rituum
587 879 924 971 ecclesiasticorum,
950 881 1072 974 quiin
1093 882 1160 951 ali-

168 989 298 1084 quibus
312 984 480 1057 Ecclesiis
501 984 713 1069 intermissi,
746 983 785 1051 in
808 984 888 1052 aliis
912 984 1160 1071 observantur,

168 1108 204 1163 et
220 1093 264 1161 ad
282 1089 509 1181 disciplinam
527 1087 805 1171 restituendam,
831 1088 1004 1180 quaedam
1020 1089 1160 1157 decreta

77 1242 82 1255 .
168 1194 400 1286 proponenda
424 1194 621 1274 duxerunt,
649 1201 844 1282 quaesunt
867 1189 944 1259 sine
967 1189 1160 1282 impietate,

166 1298 320 1366 fatemur
334 1318 401 1366 nos
417 1295 585 1373 suadere,
609 1314 655 1360 ne
677 1305 821 1382 propter
843 1314 882 1360 ea
901 1288 1081 1361 Ecclesiae
1096 1294 1159 1361 de-

165 1410 341 1472 serantur.
392 1394 636 1466 Intelleximus
665 1393 798 1463 alicubi
828 1393 866 1461 in
890 1389 1021 1464 Suevia
1050 1408 1086 1465 et
1114 1397 1157 1464 ad

1315 918 1499 993 Praeterea
1530 948 1610 993 cum
1635 925 1783 994 omniuo
1810 927 1931 996 deceat
1953 928 2125 998 ordinem
2150 930 2209 998 ali-

1212 1048 1317 1117 quem
1335 1047 1410 1094 esse
1426 1023 1610 1096 Feriarum
1625 1039 1657 1096 et
1673 1025 1886 1099 Lectionum
1911 1030 1951 1098 in
1975 1030 2145 1123 templis,
2176 1048 2209 1103 ut

1211 1124 1348 1196 Natalis
1372 1122 1529 1214 Christi,
1557 1125 1734 1217 Pascatis,
1760 1127 2013 1218 Ascensionis,
2042 1131 2209 1204 Penteco-

1213 1241 1293 1315 stes,
1320 1253 1384 1300 cur
1398 1253 1472 1299 non
1487 1232 1681 1302 fateremur
1695 1257 1761 1304 nos
1777 1234 1931 1306 libenter
1945 1236 2111 1306 retinere
2128 1251 2209 1306 tem-

1212 1356 1311 1423 pora,
1338 1357 1491 1426 quorum
1506 1333 1625 1426 aliqua
1634 1335 1729 1406 Dens
1744 1336 1819 1428 ipse
1834 1338 1983 1408 retinuit
1997 1339 2089 1410 inde
2106 1364 2210 1434 usque

165 1495 336 1572 Rhenum
360 1499 399 1567 in
429 1497 569 1589 templis
597 1518 742 1588 prorsus
772 1494 1002 1565 solitudinem
1031 1497 1157 1567 factam
1212 1431 1571 1524 apnmopmhate?
1597 1433 1760 1531 cumque
1778 1434 1907 1510 h⁰m¹¹¹
1923 1457 2138 1534 “mmmm
2154 1446 2209 1511 (ἡ

165 1625 258 1686 esse,
289 1601 427 1672 nullam
451 1600 569 1669 audiri
592 1622 714 1668 vocem
736 1597 939 1683 doctrinae,
977 1599 1100 1669 multis
1120 1600 1158 1667 in
1211 1551 1363 1607 servam
1380 1534 1682 1629 reprehendmffl'
1699 1555 1827 1632 9⁰⁸⁸¹¹2
1853 1567 2015 1614 ⁶⁰¹⁰⁰¹¹
2037 1562 2075 1618 ²2
2101 1548 2207 1616 ‘10³¹-

105 1720 115 1729 ‘
164 1705 422 1775 locisdiunon
441 1701 722 1771 administratam
744 1723 818 1770 esse
836 1723 982 1770 coenam
998 1698 1158 1776 Domini.
1211 1639 1903 1716 ‘mmm'mbumndldmsmmmm?

164 1803 262 1876 Haec
278 1805 436 1875 accidere
450 1805 645 1888 nollemus,
676 1816 710 1873 et
730 1827 812 1872 vere
834 1803 1054 1889 iudicamus,
1086 1801 1158 1874 Ne·
1313 1793 1408 1865 Dum
1429 1796 1702 1866 fundamentum
1724 1797 1868 1892 utrique
1889 1814 2082 1882 tenemus,
2123 1805 2203 1896 quod

164 1909 314 1979 cessaria
331 1909 559 1977 anteferenda
576 1928 738 1975 essenon
754 1904 973 1990 necessariis,
1000 1904 1156 1974 retinen·
1211 1903 1262 1968 lat
1277 1893 1460 1984 Christus,
1487 1913 1522 1968 et
1539 1900 1682 1992 utrique
1698 1923 1822 1971 sumus
1845 1905 1968 1972 eadem
1988 1897 2134 1976 Christi
2146 1900 2205 1975 Er·

163 2012 245 2079 dam
270 2033 343 2079 esse
366 2033 488 2078 vocem
510 2004 714 2097 Evangelii,
741 2003 919 2077 Ecclesiae
942 2031 1158 2098 congressus,
1211 2000 1336 2086 clesia,
1364 2002 1591 2070 concordiam
1611 2026 1676 2071 nos
1691 2003 1862 2098 utrinque
1881 2007 1975 2076 tueri
2004 2006 2110 2096 pium
2133 2022 2206 2077 erat.

162 2110 474 2182 sacramentorum
501 2134 625 2193 usum,
658 2110 762 2178 etiam
794 2109 824 2177 si
855 2135 923 2202 qua
959 2109 1157 2201 imponitur
1209 2097 1263 2171 Ac
1286 2117 1324 2173 ul
1350 2127 1415 2173 110⁵
1440 2104 1640 2174 libertatem
1664 2105 1714 2174 eis
1738 2108 1981 2195 gratulamur,
2011 2109 2063 2179 ita
2079 2110 2143 2201 ipsi
2160 2113 2205 2177 vi·

161 2215 303 2306 corpori
326 2214 488 2284 servitus.
539 2210 652 2281 Dulce
675 2225 727 2280 est
749 2235 880 2282 nomen
905 2213 1096 2297 libertatis,
1124 2227 1157 2283 et
1209 2203 1326 2272 Cissim
1352 2206 1556 2277 ⁸ervilulflffl
1590 2221 1769 2292 fl⁰⁸lr³ffl2
1801 2235 1907 2304 (11131ῃ
1940 2228 2100 2299 vocant,
2131 2213 2203 2284 boni

160 2311 325 2386 homines
348 2314 519 2411 inquieti,
556 2340 636 2383 cum
663 2314 845 2403 religionis
869 2328 1050 2406 praetextu
1078 2339 1154 2385 eam
1208 2309 1393 2378 consulere
1430 2310 1619 2383 debebant.
1684 2309 1756 2380 Nec
1788 2327 1941 2404 propter,
1966 2314 2071 2385 leves
2096 2339 2203 2386 causas

161 2419 378 2505 defendunt,
418 2412 662 2487 vehementius
694 2430 839 2487 movent
861 2411 1050 2490 hominum
1077 2418 1156 2487 ani.
1209 2410 1290 2479 odia
1310 2413 1532 2481 accendenda
1550 2428 1670 2500 erant,
1695 2427 1729 2483 et
1744 2413 1929 2484 faciendae
1947 2418 2201 2501 distractiones,

161 2545 251 2592 mos,
307 2520 430 2615 ltaque
444 2544 519 2590 non
536 2520 666 2588 mirum
683 2532 735 2588 est
756 2521 860 2591 nobis
887 2520 991 2590 irasci
1014 2522 1156 2606 multos,
1208 2515 1412 2603 praesertim
1429 2539 1508 2584 cum
1523 2515 1613 2584 aliae
1629 2530 1763 2588 restent
1778 2521 2051 2591 controversiae
2077 2523 2199 2613 gravio·

161 2627 325 2717 eoquod
352 2625 553 2693 libertatem
587 2646 662 2691 uon
698 2623 809 2712 magis
847 2622 951 2691 etiam
986 2624 1155 2697 laxamus.
1207 2639 1282 2700 res,
1323 2630 1469 2712 propter
1502 2641 1589 2712 quas
1623 2643 1679 2688 res
1713 2621 1865 2690 maxime
1900 2626 2114 2714 prodesset,
2148 2647 2197 2694 nos

161 2723 269 2814 Quod
293 2728 342 2799 ita
366 2726 522 2796 obtineri
548 2723 703 2816 potuisse
727 2725 847 2809 aiunt,
875 2725 906 2793 si
926 2723 1155 2816 Principibus
1207 2742 1313 2810 quam
1346 2720 1655 2791 coniunctissimos
1681 2746 1774 2807 esse,
1805 2748 1851 2793 ne
1875 2726 1974 2795 odiis
1999 2744 2067 2800 aut
2091 2728 2193 2799 studiis

159 2843 291 2900 metum
317 2829 535 2898 seditionum
558 2819 691 2897 nos'tris
717 2826 934 2894 clamoribus
964 2840 997 2897 et
1029 2829 1153 2918 populi
1205 2819 1417 2906 factionum,
1451 2837 1491 2892 ut
1515 2847 1616 2913 saepe
1640 2824 1785 2909 accidit,
1812 2845 2129 2920 corrumpantur.
2167 2825 2189 2897 0

159 2953 334 3000 consensu
351 2930 603 3000 incuteremus.
1205 2946 1279 2991 rem
1294 2924 1458 2993 miseram
1477 2941 1511 2996 et
1524 2926 1799 3017 deplorandam!
1854 2927 2015 3018 Quoties
2032 2934 2075 3002 in
2094 2931 2179 3004 Ercle

1205 3025 1255 3094 sia
1290 3027 1500 3097 voluntates·
1525 3023 1711 3097 hominum
1743 3031 1931 3102 levissimis
1958 3036 2183 3107 occasionibus

1204 3128 1390 3199 distractae
1406 3144 1507 3216 sunt,
1534 3146 1653 3224 postea
1668 3132 1863 3205 factionum
1885 3138 2010 3207 studia
2033 3155 2073 3210 et
2095 3161 2188 3209 aemu-

1203 3230 1353 3302 lationes
1374 3236 1607 3305 mutationem
1632 3237 1836 3325 dogmatum
1865 3257 2108 3330 pepererunt.
2154 3239 2189 3308 lta

1204 3329 1330 3404 Arium
1349 3336 1454 3404 dolor
1470 3341 1631 3431 repulsae
1653 3339 1835 3426 accendit,
1860 3353 1901 3410 ut
1919 3355 1997 3413 tam
2015 3346 2122 3416 triste
2135 3340 2192 3415 bel-

1202 3435 1277 3505 lum
1292 3452 1462 3508 moveret.
2124 3479 2127 3482 ⁴

259 3063 334 3136 Nos
357 3088 443 3133 vero
466 3086 582 3157 neque
603 3063 820 3133 factionibus
844 3075 996 3150 certare,
1037 3088 1152 3159 neque

158 3166 380 3238 inflammare
403 3165 502 3256 vulgi
522 3166 662 3236 animos
686 3181 808 3238 contra
825 3164 1025 3258 Principes,
1048 3168 1152 3237 volu-

155 3293 250 3341 mus:
292 3294 375 3340 nam
402 3270 499 3362 quod
521 3269 640 3354 aiunt,
680 3292 747 3339 nos
768 3269 1004 3341 assentatione
1026 3283 1151 3351 tacere,

156 3372 333 3442 calumnia
361 3372 547 3443 manifeste
574 3372 663 3441 falsa
696 3386 763 3443 est:
806 3372 923 3443 sciunt
947 3373 1043 3441 enim
1071 3371 1151 3466 ipsi,

155 3497 221 3543 nos
238 3474 278 3544 in
291 3476 397 3545 rebus
410 3472 616 3543 necessariis
632 3497 807 3568 nusquam
827 3476 871 3544 de
885 3476 1059 3546 sententia
1076 3498 1150 3545 ces-

154 3576 249 3648 sisse.
317 3575 475 3647 Labores
501 3590 535 3647 et
556 3577 715 3668 pericula
738 3592 859 3649 nostra
883 3578 1025 3662 vident,
1069 3603 1148 3649 cum
1303 3572 1464 3644 Primum
1482 3588 1600 3646 autem
1616 3600 1679 3647 oro
1698 3577 1813 3648 lilium
1831 3574 1900 3649 Dei
1915 3574 2126 3654 Dominum
2139 3606 2192 3651 no·

155 3678 300 3771 quidem
316 3679 386 3769 ipsi
404 3678 481 3745 sine
497 3679 572 3749 ullo
590 3679 748 3769 periculo
770 3679 864 3751 iuter
886 3682 1075 3772 applausus
1093 3680 1149 3751 sni
1200 3689 1315 3747 strum
1329 3674 1444 3746 lesum
1460 3673 1662 3766 Christum,
1689 3693 1727 3750 ut
1752 3680 1827 3772 ipse
1849 3677 1937 3753 haec
1961 3687 2118 3758 vulnera
2134 3681 2193 3756 Et·

153 3774 282 3850 theatri
298 3779 556 3864 vociferentur,
575 3793 714 3850 tantum
741 3782 786 3850 de
806 3782 913 3852 rebus
934 3806 1008 3852 non
1028 3807 1149 3853 neces-
1201 3778 1388 3848 clesiarum
1403 3784 1521 3862 sanet,
1549 3793 1583 3851 et
1597 3782 1714 3852 flectat
1731 3797 1870 3854 nostras
1883 3801 2028 3859 mentes
2052 3792 2098 3861 ad
2119 3811 2191 3860 con·

154 3882 266 3968 soriis,
290 3885 335 3952 de
351 3882 483 3977 quibus
498 3895 615 3952 tamen
634 3906 730 3953 nunc
745 3878 924 3976 sophisma
940 3885 1150 3972 excogitant,
1200 3881 1372 3967 cordiam,
1397 3882 1528 3953 deinde
1544 3884 1627 3952 illos
1645 3884 1738 3976 ipsos
1752 3901 1886 3957 veteres
1902 3889 2044 3961 amicos
2062 3906 2192 3963 nostros

152 3985 349 4055 necessario
379 3985 483 4055 vitari
505 3985 637 4055 lineam
668 3999 819 4073 vestem,
859 3988 942 4081 quia
976 3987 1150 4078 significet
1200 3983 1358 4054 obtestor
1372 3998 1516 4076 propter
1538 3985 1651 4056 filium
1667 3984 1755 4073 Dei,
1779 4001 1819 4058 ut
1841 3989 1948 4058 nobis
1978 4007 2015 4063 et
2032 3990 2192 4065 Ecclesiis

151 4087 263 4177 recipi
279 4102 413 4159 veteres
428 4111 576 4162 errores.
610 4083 659 4161 At
676 4102 769 4160 extat
783 4103 906 4160 nostra
925 4113 993 4159 vox
1011 4104 1044 4161 et
1062 4115 1146 4161 con·
1199 4086 1330 4156 nostris
1348 4101 1509 4178 parcant,
1530 4112 1610 4157 cum
1634 4090 1770 4183 alioqui
1791 4114 1920 4181 magno
1945 4091 1986 4162 in
2012 4096 2143 4167 dolore
2164 4106 2191 4161 et

150 4188 257 4260 fessio
272 4193 317 4259 de
331 4189 483 4280 singulis
497 4190 668 4264 articulis.
1197 4187 1296 4258 luctu
1315 4189 1443 4275 simus,
1468 4215 1573 4284 quem
1591 4190 1701 4262 levari
1716 4194 1869 4264 aliorum
1884 4195 2144 4271 benevolentia
2163 4207 2192 4264 et

253 4323 455 4398 Conciones
471 4340 505 4397 et
520 4328 610 4400 ritus
633 4329 701 4421 ipsi
723 4329 884 4423 quotidie
903 4329 1144 4399 testimonium
1198 4292 1443 4364 ⁰⁰n⁸⁰¹³¹l⁰¹¹⁸
1457 4296 1663 4386 QP⁰¹¹⁰b³¹·-

151 4429 238 4500 dant
254 4429 471 4500 confessioni
487 4444 647 4502 nostrae:
674 4433 763 4503 falso
788 4433 899 4523 igitur
922 4432 1047 4502 dicunt
1068 4456 1144 4501 eam
1298 4427 1373 4500 Nos
1392 4431 1555 4524 quidem,
1581 4430 1665 4523 quia
1680 4431 1789 4502 totius
1804 4432 1918 4503 nostri
1931 4435 2082 4509 consilii
2099 4459 2190 4508 sum·

149 4545 244 4603 veste
260 4532 322 4602 illa
338 4533 489 4608 involvi
1196 4555 1252 4601 ma
1269 4527 1357 4603 haec
1372 4533 1461 4619 fuit,
1486 4556 1531 4601 ne
1555 4534 1802 4605 desererentur
1817 4529 2018 4626 Ecclesiae,
2041 4540 2115 4610 nisi
2132 4561 2189 4608 ne·

251 4648 369 4739 Quam
384 4667 662 4744 mmmmm,
679 4647 735 4722 hi,
757 4653 844 4743 ipsi,
861 4653 983 4735 annis,
1017 4669 1058 4726 ug
1083 4679 1144 4726 ve,
1196 4636 1503 4705 cessariaecausae
1520 4650 1652 4722 essent,
1678 4637 1894 4709 conscientia
1916 4639 1999 4730 pire
2026 4642 2189 4714 volunta-

148 4764 222 4819 tera
239 4754 397 4845 exempla
419 4755 604 4841 omittam,
630 4756 793 4826 videmus
816 4770 913 4828 ortos
939 4779 1013 4828 esse
1036 4782 1141 4849 argu·
1195 4735 1242 4806 ²5³
1260 4750 1596 4823 ¹¹⁰⁸⁸¹¹⁸¹⁰¹¹¹³¹¹¹¹¹⁸2
1632 4763 1671 4808 ³⁶
1695 4764 1740 4810 ¹¹²
1761 4764 1859 4811 ”⁰¹¹⁰
1881 4741 2033 4834 quidem
2054 4766 2187 4839 tw

149 4855 277 4922 menet,
294 4855 401 4926 ,imm
421 4858 613 4930 ,affidqage
627 4859 765 4930 fucati,
1193 4837 1292 4909 aliud
1309 4838 1500 4908 consilium
1518 4841 1603 4911 dare
1619 4836 1693 4928 bis,
1724 4843 1788 4938 qui
1803 4842 1891 4913 alibi
1906 4843 2067 4919 similem
2080 4844 2188 4920 serri-

248 4968 325 5063 Ego
348 4974 502 5066 ingenue
521 4977 653 5059 fateor,
687 4977 752 5047 etsi
776 4977 948 5067 optarim,
983 4991 1024 5048 ut
1039 4992 1141 5048 ante.
1193 4952 1303 5012 tutem
1321 4941 1510 5015 sustinent.

146 5073 241 5160 dixi,
266 5077 363 5146 nulla
379 5103 417 5148 re
432 5101 576 5169 prorsus
591 5079 727 5149 turbari
743 5075 938 5163 Ecclesias,
968 5091 1086 5150 tamen
1110 5084 1140 5152 si
1292 5073 1366 5146 Nec
1383 5090 1475 5147 errat
1490 5077 1704 5150 conscientia
1726 5081 1928 5171 praeferens
1951 5086 2185 5159 necessariam

145 5171 323 5249 haecvota
341 5180 441 5251 irrita
459 5195 560 5265 sunt,
585 5205 640 5249 me
657 5181 695 5249 in
712 5177 777 5251 hac
792 5182 965 5252 sententia
981 5205 1138 5266 manere,
1189 5179 1494 5250 conservationem
1512 5178 1700 5250 ministerii
1713 5177 1942 5274 Evangelici,
1965 5209 2046 5258 non
2068 5211 2187 5260 neees-
2237 5180 2239 5197 '

143 5271 209 5348 hac
225 5283 327 5374 quasi
343 5281 529 5368 servitute,
554 5284 692 5355 etiamsi
710 5284 858 5353 molesta
875 5296 909 5353 et
931 5285 1055 5355 odiosa
1082 5308 1137 5355 es-
1188 5281 1302 5352 sariae
1315 5283 1430 5372 fugae.
1480 5277 1528 5352 Et
1542 5282 1743 5375 saepissime
1762 5281 1930 5377 prohibet
1945 5282 2184 5384 Evangelinm

143 5395 214 5465 set,
241 5408 332 5476 quae
352 5386 447 5477 apud
470 5385 552 5455 illo's
573 5385 747 5457 libertatis
771 5384 973 5457 defensores
994 5387 1136 5482 vitupe-
1187 5382 1281 5454 rixas
1297 5388 1342 5455 de
1356 5384 1464 5471 cibis,
1489 5385 1637 5469 vestitu,
1662 5400 1699 5455 et
1718 5387 1896 5458 similibus
1921 5392 2056 5477 rebus,
2080 5395 2112 5466 si
2134 5408 2184 5466 ta-

141 5496 256 5554 ratur:
289 5500 404 5557 tamen
438 5512 512 5557 nou
541 5488 654 5580 pollui
683 5487 938 5584 conscientias,
970 5514 1037 5561 nec
1067 5491 1133 5563 ista
1186 5511 1269 5556 men
1284 5512 1353 5583 vox
1369 5487 1555 5559 doctrinae
1571 5500 1711 5559 maneat
1726 5489 1949 5582 incorrupta.
