4664 6022
138 279 213 352 rsa
558 268 717 347 nucu
749 266 823 342 nn
857 264 1010 343 vrrs·
1032 255 1342 342 uooorrur
1378 260 1743 342 torreor-au.
2094 200 2169 333 ato

143 448 409 522 delectabimur.
468 444 507 516 si
533 445 611 537 quis
635 457 687 514 est
709 457 825 513 autem
857 443 919 535 qui
939 426 1013 512 tam
1036 441 1134 532 gravi
1186 454 1278 510 mata
1297 454 1330 510 et
1357 439 1504 508 consilia
1526 451 1684 510 veterum
1701 439 1846 510 Ducum
1868 456 1985 510 nosse.
2035 426 2174 504 Aceedo

143 575 248 623 causa
265 574 339 619 non
356 560 518 618 movetur
532 548 577 614 ad
592 540 922 629 amandasscholas,
944 540 1040 613 hunc
1055 567 1135 612 vere
1189 545 1298 632 igitur
1311 545 1354 610 ad
1369 537 1564 611 historiam.

464 677 567 753 genuit
583 671 664 731 duri.
679 694 694 730 e
710 674 844 730 cautibus
858 670 982 731 horrens
1289 643 1400 713 Natus
1423 657 1476 712 est
1497 637 1712 733 Rodolphus
1735 638 1902 731 Agricola
1925 640 1965 707 in
1980 633 2116 722 Frisia,
2140 660 2177 704 rn

248 774 414 846 Cauossus,
440 775 655 855 Hyrcanaeque
674 774 833 833 admorunt
848 776 937 832 ubera
953 771 1081 854 Tygres.
1187 771 1268 817 l'ffl'e
1286 748 1439 839 q¹¹⁰d³¹¹¹
1465 769 1537 813 ¹1⁰¹!
1560 745 1684 838 ΡΓΟΕΠῙ
1707 745 1752 814 ab
1773 747 1862 814 urbe
1880 740 2089 828 Gronissgil,
2113 733 2177 809 ho-

144 889 254 960 Decer
269 890 450 977 igiturnos
464 882 560 955 hunc
577 887 839 976 promotionum
855 908 1007 962 morem,
1031 907 1136 976 quem
1188 849 1296 918 uestis
1314 847 1537 939 parentibus,
1564 871 1716 940 quorum
1732 848 1930 927 facultates,
1956 857 1996 913 ut
2017 853 2104 912 sunt
2115 841 2178 922 ibi,

148 994 312 1083 prodesse
337 991 381 1058 ad
407 989 569 1058 ordinem
587 988 745 1057 discendi
771 988 1027 1078 comperimus,
1052 1008 1138 1053 con·
1189 949 1577 1066 medi⁰⁰f⁰⁵f¹¹ef¹¹J112
1625 963 1658 1018 ⁰¹
1691 950 1788 1066 unqe
1825 947 1949 1018 liberis
1984 945 2029 1013 ad
2064 944 2177 1015 studit

148 1116 296 1164 servare,
1190 1066 1351 1143 sumptus
1384 1051 1578 1120 hberahter
1615 1052 1838 1140 suppeditare
1876 1058 2055 1139 poteraut.
2128 1046 2178 1118 De

1190 1155 1323 1246 primae
1341 1153 1512 1244 pueritiae
1535 1152 1660 1221 studiis
1681 1175 1760 1221 cum
1781 1145 1872 1219 nihil
1889 1148 2086 1231 audierim,
2110 1172 2176 1218 nou

244 1261 334 1331 Com
350 1274 467 1329 autem
486 1254 597 1327 hicde
611 1258 735 1325 studiis
752 1257 864 1327 oratio
881 1253 1003 1326 haberi
1019 1258 1141 1339 soleat,
1191 1255 1313 1347 putavi
1328 1255 1463 1347 aliquid
1486 1255 1689 1342 fingendum
1715 1276 1799 1326 esse.
1856 1251 1970 1321 Nemo
1987 1264 2108 1319 autern
2125 1275 2176 1321 er·

148 1365 264 1437 etalii
293 1364 330 1429 in
363 1361 493 1454 quibus
523 1360 603 1449 plus
626 1372 677 1427 est
692 1360 916 1444 autoritatis,
949 1382 1052 1451 saepe
1083 1358 1140 1427 vel
1192 1357 1374 1427 callentem
1399 1357 1564 1424 virtutem
1589 1355 1757 1446 consequi
1782 1367 1893 1446 potest
1912 1353 1992 1441 sine
2004 1374 2134 1441 magna
2147 1352 2178 1421 vi

149 1474 345 1537 monstrent
363 1463 457 1555 quod
485 1462 551 1530 iter
567 1461 837 1549 ingrediendum
862 1461 924 1544 sit,
946 1461 1002 1529 vel
1019 1484 1080 1530 vos
1096 1461 1143 1528 ad
1191 1458 1326 1547 ingenii
1352 1471 1385 1526 et
1407 1450 1482 1525 sine
1506 1450 1746 1525 enthusiasmo
1775 1456 1916 1548 aliquo,
1946 1453 2010 1548 qui
2033 1454 2178 1525 comsit

150 1566 378 1658 expetendam
406 1563 620 1652 optimarum
643 1562 773 1630 artium
797 1563 994 1631 doctrinam
1011 1557 1142 1631 adhor·
1193 1559 1403 1630 accerrimus
1423 1557 1586 1628 stimulus
1607 1558 1645 1626 in
1661 1557 1763 1626 bonis
1779 1558 1936 1637 naturis,
1962 1551 2062 1627 haud
2078 1554 2177 1626 dubie

150 1686 287 1751 teutur,
313 1689 377 1755 ego
403 1666 511 1732 vitam
532 1658 717 1752 Rodolphi
739 1662 942 1752 Agricolae,
969 1678 1141 1755 quantum
1192 1654 1408 1752 Rodolphus
1427 1659 1586 1729 celeriter
1603 1661 1735 1750 primas
1758 1674 1850 1729 artes
1867 1658 2041 1749 arripuit,
2069 1658 2177 1729 uritte
2222 1676 2224 1697 ²

149 1773 331 1862 explorare
349 1790 424 1835 eam
444 1766 560 1856 potui,
587 1765 734 1832 recitare
750 1765 901 1838 decrevi.
950 1760 1143 1856 Exemplo·
1195 1763 1313 1855 inquit
1327 1765 1371 1830 de
1384 1756 1525 1830 heroica
1541 1774 1684 1830 natura:

152 1899 232 1942 rum
255 1870 350 1939 enim
374 1891 500 1957 magna
520 1865 573 1933 vis
597 1879 665 1948 est,
691 1879 726 1935 et
748 1868 860 1935 bonae
878 1880 1025 1935 natutae
1047 1866 1143 1954 cogi·
1268 1870 1353 1932 Ante
1369 1891 1462 1930 annos
1477 1873 1672 1954 animumque
1686 1892 1789 1951 gerens
1802 1891 1964 1953 curamque
1977 1873 2112 1933 virilem.

150 1975 283 2046 tatione
307 1985 412 2062 atque
442 1968 675 2036 admiratione
706 1966 848 2039 virtutis
872 1969 909 2035 iu
937 1969 1023 2035 viris
1044 1992 1145 2058 prae·
1193 1963 1327 2035 Namet
1343 1990 1382 2036 ex
1399 1965 1537 2057 scriptis
1553 1967 1662 2058 ipsius
1671 1979 1705 2036 et
1719 1966 1877 2035 consiliis
1891 1980 2039 2057 apparet
2054 1963 2177 2057 ingenii

152 2074 327 2145 stantibus
363 2071 513 2138 maxime
551 2067 788 2138 exuscitaotur
820 2094 860 2138 ac
893 2069 1144 2140 incenduntur.
1196 2067 1249 2135 vis
1266 2082 1300 2138 et
1315 2068 1477 2158 impetus.
2135 2131 2143 2147 ,

151 2175 290 2246 Deinde
305 2167 474 2241 historiae
499 2170 719 2239 eruditorum
748 2172 791 2238 de
817 2171 938 2240 multis
960 2172 1066 2240 rebus
1088 2171 1146 2240 iu·
1271 2167 1387 2239 '.Cum
1406 2166 1599 2237 Germania
1624 2169 1890 2262 corruptissimo
1907 2192 2038 2259 genere
2057 2191 2177 2239 sermo·

152 2279 244 2346 dicia
273 2273 469 2344 iuventutis
499 2272 665 2342 formant.
742 2268 903 2365 Cumque
929 2267 1146 2362 Rodolphus
1196 2270 1252 2339 nis
1266 2282 1441 2353 uteretur,
1466 2283 1632 2363 tantaque
1652 2272 1834 2340 literarum
1850 2272 1992 2341 inscitia
2015 2285 2127 2356 esset,
2146 2283 2177 2341 ot

153 2380 306 2471 primum
325 2376 362 2442 in
378 2372 571 2443 Germania
588 2373 828 2443 emendaverit
847 2395 958 2462 genus
974 2373 1146 2442 sermonis
1196 2373 1284 2465 quid
1303 2386 1392 2441 esset
1406 2384 1498 2441 recte
1511 2372 1632 2467 loqui,
1657 2397 1703 2441 ne
1725 2376 1868 2466 quidem
1888 2373 2067 2464 suspicari
2082 2372 2174 2445 nostri

153 2495 186 2551 et
213 2478 460 2560 Dialecticam,
500 2499 540 2543 ac
569 2474 751 2542 meliorem
783 2474 940 2544 discendi
971 2476 1145 2544 rationem
1196 2470 1358 2543 homines
1379 2487 1539 2564 possent,
1571 2475 1642 2544 imo
1659 2476 1763 2544 etiam
1787 2475 1968 2545 insulsitas
1985 2475 2178 2545 admiralio-

154 2579 426 2661 monstraverit,
470 2589 745 2644 consentaneum
776 2589 827 2645 est
858 2576 1036 2668 plerisque
1070 2578 1146 2644 eius
1197 2599 1278 2644 nem
1301 2570 1465 2658 haberet,
1497 2598 1590 2646 unus
1619 2572 1832 2667 Rodolphus
1860 2577 2019 2668 primum
2046 2577 2180 2648 auribus

155 2682 258 2752 dictis
271 2704 311 2749 ac
326 2678 627 2769 disputationibus
640 2677 777 2746 utiliter
791 2678 1054 2746 commonelieri
1069 2692 1146 2748 stu·
1197 2690 1302 2768 atque
1324 2678 1444 2746 animo
1465 2677 1595 2746 sentire
1615 2679 1676 2747 illa
1698 2679 1801 2757 vitia,
1836 2692 1870 2747 et
1893 2679 2103 2750 desiderare
2119 2703 2181 2749 rne-

156 2786 286 2854 diosos.
337 2778 415 2850 Etsi
431 2793 548 2848 autem
565 2803 668 2847 nemo
680 2802 752 2846 non
770 2793 863 2847 amat
877 2773 1061 2869 Rodolphi
1080 2803 1146 2847 no·
1197 2779 1322 2847 liorem
1341 2779 1512 2848 orationis
1525 2781 1673 2848 formam
1694 2783 1820 2871 eoepit.
1870 2777 2183 2872 Haecfuitsingo-

155 2910 259 2964 men,
293 2896 440 2974 propter
456 2881 531 2949 eius
549 2880 786 2948 eruditionem
802 2905 842 2948 ac
859 2880 1002 2964 merita,
1028 2894 1146 2950 tamen
1198 2880 1282 2948 laris
1307 2882 1516 2970 prudentiae
1537 2882 1763 2970 significatio:
1802 2880 1868 2950 Illa
1899 2883 2036 2953 virium
2061 2883 2181 2975 ingenii

155 2987 293 3077 privata
313 3007 370 3051 me
392 2983 563 3074 quaedam
587 2981 694 3049 officii
717 2980 806 3050 ratio
829 2982 1013 3068 invitavit,
1044 2995 1085 3052 ut
1104 2984 1148 3050 de
1198 2995 1233 3051 et
1249 2982 1450 3066 doctrinae,
1475 2985 1571 3075 quod
1586 3005 1694 3072 genus
1711 2983 1881 3054 orationis
1896 2985 2038 3054 effinxit
2057 3009 2179 3079 pnrnrn,

157 3113 198 3157 eo
219 3087 336 3155 dicere
359 3083 554 3151 maluerim.
614 3081 705 3151 Nam
730 3107 810 3152 cum
836 3107 913 3152 mea
935 3084 1048 3175 patria
1072 3107 1147 3152 non
1199 3083 1449 3173 splendidum,
1475 3106 1622 3169 sonans,
1649 3085 1725 3153 sine
1745 3085 1907 3176 ineptiis,
1939 3110 2068 3157 rerum
2092 3087 2177 3159 etiam

157 3190 274 3259 solum
289 3184 413 3256 Frisiis
439 3184 554 3253 vicina
577 3184 639 3265 sit,
667 3185 727 3252 sed
753 3184 856 3253 etiam
874 3182 1070 3256 Frisiorum
1086 3210 1148 3255 co·
1199 3188 1355 3277 pondere
1382 3199 1417 3255 et
1446 3187 1615 3275 gravitate
1646 3188 1881 3277 probandum.
1945 3185 2022 3259 Nec
2056 3203 2181 3261 tanturn

158 3291 276 3373 iouia,
310 3310 399 3380 quae
433 3285 538 3356 etiam
570 3280 676 3353 hodie
700 3311 832 3354 nomen
855 3289 983 3358 retinet
1013 3286 1149 3356 Frisiae
1199 3288 1386 3379 prudentia
1406 3288 1491 3372 fuit,
1517 3291 1577 3356 sed
1603 3288 1707 3356 etiam
1726 3290 1897 3382 quaedam
1915 3291 2033 3359 animi
2052 3289 2183 3363 celsitu·

157 3390 307 3461 minoris
328 3391 366 3457 in
390 3386 568 3469 Holsatia,
603 3401 636 3455 et
659 3388 697 3455 in
716 3388 972 3476 gubernatione
991 3388 1147 3480 Reipub.
1200 3392 1247 3459 do
1266 3403 1300 3457 et
1314 3390 1402 3458 mira
1419 3391 1577 3459 discendi
1593 3389 1760 3474 aviditas,
1786 3393 1882 3483 quod
1900 3392 1937 3459 in
1953 3389 2184 3465 [taliamento
2222 3420 2224 3429 ·

157 3506 330 3563 vetustam
352 3491 441 3560 iuris
464 3487 749 3579 aequabilitatem
767 3513 840 3557 non
856 3490 931 3558 sine
954 3491 1056 3560 laude
1071 3506 1150 3561 tue·
1200 3491 1453 3582 patrimonium
1476 3487 1623 3562 haberet
1643 3494 1837 3576 mediocre,
1863 3495 2186 3583 protectoresque

158 3609 236 3679 tur,
269 3593 386 3662 iudico
410 3584 597 3681 Rodolphi
625 3590 746 3659 laudes
768 3591 886 3683 aliqua
912 3615 953 3660 ex
984 3607 1083 3683 parte
1104 3594 1150 3661 ad
1200 3593 1327 3663 melius
1345 3593 1526 3663 doctrinae
1542 3617 1653 3684 genus
1673 3609 1867 3687 quaereret.
1918 3593 1973 3665 Ac
1987 3597 2019 3665 si
2034 3600 2082 3667 de
2097 3598 2185 3688 inge·

159 3718 256 3766 meos
270 3694 375 3762 etiarn
391 3693 483 3760 cives
499 3691 695 3781 pertinere,
716 3694 811 3784 quod
828 3693 966 3761 comita
982 3694 1046 3778 sit,
1071 3715 1163 3784 epea
1202 3694 1254 3761 nii
1268 3695 1436 3763 laudibus
1451 3697 1561 3765 multa
1578 3698 1736 3765 dicturus
1752 3719 1880 3782 essem,
1902 3699 2124 3787 amplificare
2136 3719 2185 3769 ess

159 3822 199 3866 ro
223 3818 287 3864 vos
308 3817 425 3863 meum
447 3792 635 3861 eonsilium
652 3794 695 3861 de
714 3793 894 3862 recitanda
910 3788 1059 3864 historia
1074 3792 1153 3864 Ro·
1202 3796 1305 3864 etiam
1322 3796 1456 3886 patriae
1476 3797 1904 3888 praedicationepossem.
1955 3797 2051 3870 Nam
2072 3799 2188 3886 Frisii.

160 3893 285 3988 dolphi
308 3896 521 3987 probaturos
542 3916 625 3963 esse.
677 3891 836 3963 Tametsi
855 3908 887 3964 et
911 3895 984 3985 ipse
999 3897 1150 3987 optarim
1201 3911 1240 3967 ut
1265 3898 1350 3967 olim
1376 3899 1621 3987 magnitudine
1645 3924 1763 3970 rerum
1785 3915 1961 3989 gestarum
1977 3901 2125 3989 floruit,
2146 3903 2189 3975 ita

159 3999 284 4087 colligi
306 4021 383 4066 eam
406 3997 549 4065 uberius
571 3995 615 4063 ab
639 3995 736 4080 aliis,
769 3996 830 4088 qui
855 3999 950 4088 apud
973 4021 1032 4066 eos
1054 3997 1150 4067 vixe-
1202 4023 1457 4094 nuncquoque
1478 4000 1589 4090 gignit
1609 4002 1749 4090 ingenia
1773 4026 1997 4096 nequaquam
2024 3996 2190 4097 vulgaria,

159 4115 264 4184 runt,
290 4092 548 4191 quiRodolphi
560 4097 667 4166 vitam
684 4110 719 4167 et
736 4099 850 4167 studia
865 4099 993 4167 melius
1007 4113 1152 4175 norunt.
1203 4103 1264 4170 sed
1279 4126 1359 4171 cum
1374 4105 1418 4171 ad
1428 4101 1568 4188 literas,
1587 4117 1662 4174 tum
1679 4106 1724 4174 ad
1739 4105 2034 4194 gubernationem
2049 4130 2190 4199 magna-

160 4200 236 4273 Nos
261 4223 371 4289 pauca
396 4198 620 4288 collegimus,
649 4212 787 4289 sumpta
812 4200 943 4290 partim
972 4224 1013 4270 er
1041 4201 1152 4293 ipsius
1203 4227 1282 4272 rum
1294 4227 1410 4272 rerum
1425 4203 1570 4290 idonea,
1594 4218 1628 4276 et
1643 4218 1682 4275 ut
1697 4202 1786 4275 mihi
1801 4207 1961 4293 videtur,
1986 4232 2065 4279 non
2078 4210 2189 4283 solon

162 4302 319 4393 scriptis,
352 4299 481 4390 partim
503 4301 548 4368 ab
572 4300 615 4367 iis
637 4300 699 4391 qui
721 4303 960 4372 meminerunt
973 4326 1152 4373 sermones
1203 4304 1336 4394 sagacia
1350 4318 1384 4374 et
1399 4329 1504 4391 sana,
1524 4308 1585 4377 sed
1600 4306 1705 4377 etiam
1715 4309 1932 4398 ingenuitate
1947 4324 1983 4381 et
1997 4311 2114 4381 animi
2127 4310 2192 4383 eel-

161 4427 305 4486 senum,
341 4402 471 4493 quibus
492 4400 529 4469 in
545 4397 736 4470 Academia
753 4399 1054 4495 Heydelbergensi
1071 4430 1151 4475 cnm
1203 4406 1358 4476 situdine
1371 4407 1542 4497 singulari
1559 4410 1733 4498 praedita:
1765 4413 1845 4496 sed,
1870 4426 1911 4483 ut
1934 4412 2029 4493 dixi,
2056 4410 2192 4486 Rodol·

159 4500 352 4596 Rudolpho
385 4501 606 4573 familiaritas
632 4502 709 4572 fuit
773 4501 846 4573 Nec
874 4506 1013 4575 institui
1044 4531 1152 4577 enco-
1203 4503 1267 4599 phi
1284 4509 1465 4597 ingenium
1486 4535 1527 4578 er
1544 4512 1684 4602 scriptis
1698 4514 1875 4584 aestimari
1899 4529 2026 4607 potest.
2079 4514 2191 4588 Lore-

162 4609 290 4693 mium,
340 4630 422 4674 nam
456 4628 534 4674 curn
570 4605 748 4693 ingentem
775 4606 923 4693 gloriam
950 4608 1152 4701 eloquentia
1203 4610 2192 4709 niiaudioeurntyrociniumprimumdepnsuisse,nbi

161 4731 224 4777 sua
244 4725 451 4778 consecutus
475 4707 540 4792 sit,
571 4729 661 4798 quae
685 4708 883 4798 exscriptis
902 4708 977 4778 eius
1002 4710 1152 4780 iudicari
1203 4736 1283 4782 cum
1311 4708 1499 4782 Gallorum
1521 4730 1700 4807 appeteret
1727 4718 2022 4806 familiaritatem,
2056 4743 2123 4792 sen
2142 4720 2193 4793 riv

162 4823 293 4901 potest,
317 4811 371 4879 nil
393 4810 423 4878 ei
440 4832 529 4899 opus
544 4820 596 4876 est
618 4808 837 4892 laudatione,
863 4812 1066 4900 praesertim
1086 4807 1152 4882 ho-
1204 4828 1281 4884 tans
1310 4827 1515 4885 nostrorum
1549 4821 1873 4906 commessationes,
1912 4845 1974 4895 seu
2007 4826 2111 4917 quod
2143 4822 2194 4895 illi

162 4911 269 4980 minis
291 4910 463 4981 indiserti.
514 4908 671 4978 Tantum
690 4904 893 4980 historicam
911 4913 1151 4985 narrationem
1203 4929 1318 4986 essent
1339 4918 1567 5004 eruditiores,
1600 4923 1716 4991 statim
1741 4922 1837 4994 inter
1854 4924 1937 4994 illos
1951 4926 2062 4995 simul
2080 4923 2194 4998 Galli·

109 5080 111 5085 ,
163 5027 260 5090 texo,
287 5013 408 5104 inqua
424 5037 461 5080 ea
480 5035 569 5104 quae
586 5011 878 5102 sciscitatossum
894 5014 938 5084 de
956 5015 1049 5100 vita,
1074 5042 1153 5087 mo-
1203 5019 1608 5108 camlinguamdidicit.
1646 5022 1688 5093 ln
1705 5025 1898 5097 dialecticis
1917 5022 2194 5122 etPhilosophia

162 5113 261 5181 ribus
303 5127 337 5184 et
373 5113 604 5202 opinionibus
636 5112 729 5194 eius,
780 5137 862 5184 vere
894 5139 1074 5199 recenseo,
1117 5133 1152 5188 et
1203 5144 1283 5189 cum
1299 5120 1510 5211 percepisset
1527 5123 1685 5192 celeriter
1706 5127 1786 5212 illa,
1817 5152 1906 5222 quae
1921 5129 1960 5197 in
1973 5125 2195 5203 scholistra-

161 5227 264 5284 testes
281 5215 504 5304 gravissimos
519 5215 645 5285 citabo.
695 5213 808 5284 Porro
826 5210 912 5287 haec
937 5242 1152 5289 commemo·
1202 5221 1399 5302 dabantur,
1436 5221 1511 5312 ipse
1534 5224 1654 5294 animo
1677 5227 1824 5298 meliora
1846 5230 2028 5322 requirere
2049 5234 2194 5320 solebat,

161 5316 252 5386 ratio
284 5316 483 5388 studiorum
515 5331 621 5409 atque
653 5317 887 5408 opinionum,
931 5343 1006 5387 non
1031 5321 1151 5392 minus
1200 5345 1306 5416 seque
1329 5323 1368 5391 iu
1391 5321 1628 5395 bibliothecas
1646 5328 1796 5413 abdens,
1824 5353 1886 5399 suo
1905 5334 2060 5405 consilio
2081 5337 2193 5407 bonne

160 5418 326 5490 conducit
359 5417 546 5510 studiosis,
586 5441 693 5512 qnam
722 5418 953 5491 bellatoribus
981 5434 1151 5514 stratage-
1200 5426 1387 5517 scriptores
1409 5426 1563 5517 legebat,
1588 5430 1700 5501 multa
1716 5431 1862 5502 interim
1883 5456 1965 5503 curn
1980 5437 2190 5528 prudentio-

2219 2830 2224 2955 l
