4664 6022
140 233 191 307 or
879 231 1040 313 onon
1064 230 1139 310 oo
1170 229 1438 311 onerans.
1538 326 1545 341 ,
1626 287 1628 291 ,
2122 208 2185 311 'ss

141 404 228 499 quid
253 419 304 476 est
325 429 472 498 operae,
503 428 523 474 a
548 429 605 475 me
630 418 808 492 sumatur,
834 407 992 479 studium
1016 433 1135 480 meum
1187 406 1321 477 docebo
1336 404 1503 491 breviter,
1527 405 1635 477 sacris
1651 407 1774 493 literis,
1801 432 1876 478 non
1892 410 2001 479 modo
2018 433 2094 481 non
2111 407 2184 478 im-

142 531 271 601 quaeso
294 507 383 578 boni
407 506 591 579 consulite.
643 505 733 577 Nam
758 533 836 579 cum
861 534 940 600 pars
961 512 1135 603 quaedam
1187 507 1333 601 probari
1347 507 1469 578 civiles
1490 508 1599 598 leges,
1626 511 1687 578 sed
1707 509 1864 601 praecipi
1880 510 2006 595 etiam,
2032 526 2073 583 ut
2096 511 2185 581 reli-

142 610 279 702 publici
301 608 459 680 muneris
488 609 526 676 in
555 604 621 679 hac
644 604 764 679 schola
787 607 877 680 mihi
900 613 1057 704 delegata
1081 613 1139 698 sit,
1189 610 1285 702 giose
1306 624 1494 703 sancteque
1516 612 1697 696 colantur,
1724 637 1792 705 qua
1813 613 1919 682 laude
1942 613 2042 683 nulla
2069 625 2187 704 potest

144 735 270 804 parum
284 711 487 781 meminisse
504 711 661 795 viderer,
687 736 793 806 qnam
810 715 1001 784 sustineam
1017 740 1136 805 perso-
1189 712 1341 803 amplior
1357 711 1493 801 legibus
1510 712 1633 786 tribui.
1668 710 1740 785 Ubi
1757 714 1862 784 fidem
1883 716 2015 800 fecero,
2039 714 2184 785 civilem

143 837 247 899 nam,
276 812 348 883 nisi
371 816 415 883 de
438 812 855 885 adulescentium'officio
874 841 1137 919 nonnunquam
1189 815 1333 884 urbium
1358 804 1486 885 {tatum
1511 809 1604 882 nihil
1628 838 1784 905 pugnare
1817 841 1897 887 cum
1929 817 2102 906 religione
2123 841 2187 887 ex-

145 916 310 985 dicerem.
362 913 469 1004 Quod
504 939 583 984 cum
619 939 683 1006 pro
711 916 808 984 virili
833 919 978 1005 faciam,
1011 945 1138 1015 easque
1191 942 1319 1008 ponam
1350 941 1455 1009 quam
1487 908 1680 1007 prudenter
1701 942 1722 985 a
1744 919 1939 1005 maioribus
1962 920 2096 988 factum
2126 918 2186 999 sit,

147 1017 354 1110 disciplinas
377 1017 552 1089 iuventuti
574 1021 835 1105 commendem,
866 1021 995 1114 quibus
1019 1025 1140 1113 negle-
1191 1020 1285 1112 quod
1301 1015 1482 1088 Romanas
1498 1017 1589 1106 leges
1609 1019 1829 1109 potissimum
1845 1021 2070 1110 delegerunt,
2096 1044 2187 1113 quas

147 1120 224 1204 rtis,
249 1144 328 1188 curn
344 1119 563 1208 religionem,
588 1132 664 1188 tum
681 1143 736 1188 res
751 1122 863 1190 bonas
881 1122 967 1193 alias
983 1122 1139 1194 labefieri
1191 1122 1228 1189 in
1244 1118 1500 1190 constituendis
1522 1120 1722 1192 civitatibus
1744 1134 1912 1217 tanquam
1935 1122 2035 1193 filum
2057 1145 2187 1214 seque·

148 1244 287 1290 necesse
305 1234 371 1304 est,
397 1222 521 1306 facile,
546 1233 589 1291 ut
603 1243 724 1311 spero,
757 1223 975 1315 impetrabo,
999 1251 1138 1297 nemea
1190 1236 1334 1306 rentur,
1370 1245 1497 1316 easque
1523 1246 1659 1292 summa
1695 1247 1778 1293 cura
1814 1225 1965 1295 anobis
1992 1225 2186 1318 studioque

149 1318 239 1392 mihi
254 1323 422 1393 sedulitas
435 1322 553 1392 scandi
569 1322 627 1393 sit.
679 1322 772 1394 Sunt
787 1325 882 1395 enim
898 1327 1036 1409 lavore,
1062 1342 1139 1397 stu·
1191 1326 1448 1394 conservandas
1464 1347 1537 1393 esse
1554 1327 1750 1397 ostendam.

136 1425 288 1517 >diisque
302 1424 476 1509 omnium,
502 1424 650 1493 iuvandi
666 1449 788 1496 eorum
804 1442 961 1515 conatus,
981 1431 1042 1523 qui
1060 1431 1140 1501 lite·
1294 1424 1396 1515 Quae
1417 1426 1549 1494 malum
1573 1429 1750 1507 dementia
1769 1428 1913 1495 tandem
1929 1440 1997 1515 est,
2024 1426 2105 1519 quis
2126 1426 2186 1498 su·

147 1527 198 1596 ris
213 1551 287 1595 non
310 1526 460 1618 pessime
482 1527 682 1597 consultum
699 1527 837 1602 volunt.
888 1528 1011 1625 Neque
1033 1532 1138 1601 aliam
1191 1552 1270 1612 ror,
1294 1528 1382 1596 falso
1398 1524 1593 1598 Christiani
1619 1526 1775 1598 nominis
1794 1542 1997 1618 praetextu,
2022 1527 2186 1599 civilium

149 1631 195 1697 ob
218 1652 357 1697 causam
382 1631 488 1697 modo
512 1629 628 1698 dicere
649 1630 885 1717 instituimus,
911 1659 1015 1726 quam
1039 1649 1078 1704 ut
1096 1635 1140 1704 iis
1194 1654 1312 1700 rerum
1329 1644 1456 1700 statum
1474 1630 1668 1699 labefacere
1684 1643 1717 1700 et
1733 1631 1954 1700 convellere?
1981 1629 2086 1718 Quae
2102 1631 2187 1701 bar-

149 1729 210 1823 qui
234 1725 292 1798 hic
312 1755 353 1800 ex
378 1755 474 1798 more
497 1730 693 1800 declamare
713 1733 848 1818 solent,
882 1735 912 1802 si
936 1736 996 1829 qni
1020 1737 1140 1805 forsan
1193 1732 1316 1814 baries,
1343 1732 1404 1824 qui
1419 1727 1570 1826 Scythae
1588 1732 1729 1816 iudicia,
1748 1733 1860 1824 aequi
1876 1747 1909 1800 et
1926 1731 2043 1824 iniqui
2058 1730 2187 1803 discri-

149 1831 400 1901 imbecilliores
421 1846 522 1922 sunt,
551 1857 628 1901 meo
648 1836 807 1925 exemplo
826 1860 900 1904 non
918 1833 1010 1905 nihil
1030 1839 1138 1923 animi
1194 1858 1274 1901 men
1292 1835 1440 1902 emedio
1465 1833 1621 1904 tollunt?
1652 1829 1699 1901 Et
1714 1835 1846 1903 audent
1864 1828 1930 1902 hoc
1944 1831 2088 1903 Christo
2104 1833 2186 1926 qui·

149 1933 296 2012 addam,
323 1948 357 2003 et
372 1948 541 2027 tanquam
559 1935 740 2005 classicum
755 1961 896 2006 canam:
923 1936 1073 2022 Deinde,
1100 1953 1140 2010 ut
1193 1938 1293 2012 dam,
1328 1936 1357 2003 si
1382 1936 1518 2022 superis
1543 1936 1672 2026 placet,
1706 1930 1900 2004 Christiani
1924 1932 2095 2008 Doctores
2121 1934 2187 2005 tri-

148 2035 710 2128 eruditosomnespublicavoce
734 2039 900 2127 rogitem,
925 2042 1024 2111 utin
1050 2038 1141 2111 hanc
1193 2035 1325 2105 bitere?
1372 2034 1468 2123 Quid
1500 2050 1568 2114 est,
1604 2039 1633 2104 si
1657 2031 1742 2105 haec
1765 2061 1838 2104 non
1865 2050 1915 2106 est
1945 2036 2186 2108 contumelia?

149 2160 293 2206 arenam
311 2150 343 2207 et
360 2139 427 2228 ipsi
447 2139 639 2237 aliquando
658 2141 890 2226 descendant,
917 2167 996 2212 eum
1022 2145 1140 2235 pueris
1192 2136 1267 2226 Qui
1298 2161 1338 2206 ex
1364 2137 1554 2226 gentilibus
1575 2132 1803 2227 Philosophia
1825 2138 1864 2215 in
1886 2133 2069 2208 Christum
2092 2139 2184 2233 stylo

149 2239 332 2312 collusuri.
384 2239 565 2310 Socratem
585 2237 684 2309 ‘nihil
707 2243 832 2332 puduit
851 2258 937 2311 natu
958 2248 1140 2333 grandem,
1193 2234 1397 2308 debacchati
1428 2238 1535 2307 sunt?
1575 2237 1696 2309 Unum
1727 2234 1795 2309 hoc
1823 2238 1896 2311 fere
1926 2240 2191 2337 causihcantur,

149 2365 228 2410 cum
246 2340 364 2432 parvis
377 2340 497 2410 filiolis
512 2341 681 2435 equitare,
700 2358 739 2412 ut
752 2345 813 2412 ille
829 2346 889 2432 ait,
909 2346 947 2413 in
962 2347 1139 2416 arundine
1193 2342 1286 2433 quod
1312 2340 1483 2432 quaedam
1514 2341 1606 2428 leges
1638 2364 1763 2432 parum
1793 2342 1982 2411 videantur
2009 2355 2116 2433 aptae
2141 2343 2185 2415 ad

149 2443 275 2532 longa:
306 2457 439 2534 quanto
463 2443 582 2512 minus
597 2445 700 2512 vobis
716 2446 802 2514 vitio
822 2448 949 2536 poterit
964 2450 1054 2517 verti
1074 2444 1141 2517 ho.
1193 2441 1332 2510 civilem
1359 2443 1667 2528 consuetudinem,
1698 2443 1970 2537 societatemque
1996 2438 2185 2513 bominum

147 2544 369 2613 nestissimus
394 2559 559 2628 conatus,
588 2544 719 2615 sicum
742 2541 809 2616 hoc
832 2571 934 2638 grege
960 2549 1004 2617 de
1030 2550 1141 2621 literis
1194 2544 1379 2615 tuendam:
1424 2568 1540 2637 neque
1579 2559 1722 2615 censent
1763 2545 1837 2614 ullo
1879 2547 2009 2632 probro
2048 2541 2187 2616 Christi

148 2668 410 2738 nonnunquam
428 2648 728 2732 commentemini‚
754 2674 903 2742 quarum
921 2675 1023 2741 causa
1040 2653 1140 2744 quic·
1193 2645 1398 2735 dignitatem
1421 2646 1563 2734 gravius
1587 2645 1677 2714 laedi
1709 2671 1819 2738 posse.
1870 2644 2010 2716 Horum
2035 2647 2188 2719 vincunt

150 2748 237 2841 quid
267 2747 479 2837 susceperis,
512 2751 656 2841 quando
678 2750 839 2821 mortalia
869 2747 961 2820 nihil
983 2753 1140 2822 divinius
1193 2747 1380 2816 amentiam
1402 2747 1534 2831 nostri,
1561 2748 1622 2839 qui
1641 2748 1679 2816 in
1698 2749 1773 2838 ipso
1796 2763 1999 2839 contemptu
2021 2749 2186 2839 publico-

150 2844 293 2933 habent,
315 2850 456 2918 laudem
476 2864 639 2921 meretur.
669 2848 809 2937 Quaeso
827 2852 959 2947 itaque,
982 2867 1021 2924 ut
1037 2850 1140 2924 scho'-
1193 2874 1271 2918 rum
1289 2874 1447 2933 morum,
1472 2849 1560 2918 etin
1578 2852 1767 2919 evertendo
1786 2851 1951 2920 universo
1967 2850 2063 2918 civili
2081 2864 2187 2936 statu,

149 2951 204 3022 lae
229 2974 369 3041 operam
396 2974 495 3020 suam
520 2976 558 3020 ea
583 2953 621 3018 in
645 2976 683 3021 re
708 2956 857 3023 candide
880 2956 1140 3046 impertiantur,
1195 2951 1356 3040 pietatem
1375 2950 1559 3023 collocant.
1613 2946 1713 3020 Adeo
1737 2955 1780 3020 de
1795 2947 1930 3022 Christi
1953 2952 2099 3021 nomine
2125 2976 2186 3022 su·

149 3053 355 3147 quicunque
368 3052 481 3121 literis
495 3054 585 3123 bene
603 3055 763 3144 cupiunt.
814 3055 874 3126 Sic
897 3058 991 3125 enim
1015 3072 1141 3144 statuo,
1194 3052 1365 3143 perditio,
1391 3054 1501 3144 peius,
1528 3077 1634 3145 quam
1651 3055 1766 3146 quiex
1783 3055 1938 3144 professo
1956 3055 2185 3141 insectantur,

148 3155 326 3246 praeclare
347 3155 391 3223 de
412 3158 518 3224 rebus
539 3150 705 3224 humanis
729 3161 875 3242 mereri,
907 3160 969 3252 qui
991 3160 1140 3251 puerilia
1193 3168 1358 3225 meretur.
1409 3152 1500 3222 Nam
1525 3177 1605 3223 cum
1621 3154 1693 3221 vim
1719 3155 1857 3245 pietatis
1878 3156 2033 3245 ignoret,
2059 3171 2094 3226 et
2120 3180 2184 3243 pro

149 3256 265 3327 studia
282 3251 440 3325 honestis
456 3257 623 3347 exemplis
637 3259 845 3328 accendunt.
884 3261 958 3329 lam
976 3275 1010 3330 et
1026 3287 1139 3330 meam
1192 3280 1255 3326 suo
1277 3254 1424 3325 arbitrio
1448 3255 1516 3324 sibi
1534 3253 1628 3324 Deos
1649 3257 1818 3339 somniet,
1845 3283 1920 3327 non
1940 3258 2048 3327 modo
2069 3252 2182 3335 nihilo

148 3357 351 3428 facilitatem
376 3358 422 3428 ita
446 3361 589 3427 demum
613 3361 754 3450 probari
778 3363 878 3430 vobis
900 3364 1084 3444 iudicabo,
1110 3364 1138 3432 si
1193 3358 1321 3428 rectius
1340 3359 1384 3426 de
1400 3352 1542 3427 Christo
1564 3359 1688 3443 sentit,
1715 3384 1819 3452 quam
1835 3356 1999 3445 Ethniei,
2027 3360 2087 3428 sed
2107 3359 2183 3451 pie-

135 3458 282 3529 *imitari
296 3460 500 3552 coeperitis,
527 3462 664 3552 quaesi
685 3462 956 3534 silentiovestro
973 3468 1136 3535 damnata
1193 3460 1273 3529 tatis
1298 3460 1404 3528 etiam
1433 3459 1576 3529 titulum
1601 3461 1674 3528 sere
1704 3461 1849 3551 privatis
1872 3462 1970 3530 vitiis
2002 3461 2184 3551 praetexit,

147 3562 267 3645 luerit,
293 3561 513 3645 boneDeus,
540 3587 644 3654 qnam
662 3563 728 3652 ipsi
745 3565 848 3632 nobis
864 3567 1139 3655 displicebimus.
1192 3587 1263 3653 quo
1296 3561 1478 3648 sacrilegio
1510 3557 1603 3628 nihil
1633 3562 1910 3631 abominabilius
1939 3564 2023 3652 fingi
2057 3575 2184 3652 potest.

251 3661 382 3733 Sumus
409 3678 525 3732 autem
557 3666 600 3730 de
629 3666 764 3752 legibus
786 3665 933 3749 dicturi,
964 3673 1076 3759 deque
1098 3692 1139 3736 eo
1192 3660 1239 3730 Et
1253 3663 1335 3754 quia
1349 3662 1458 3731 vetuit
1473 3659 1570 3731 Deus
1585 3657 1741 3731 humano
1759 3664 1906 3733 artificio
1920 3664 2112 3754 imaginem
2129 3663 2185 3734 sui

149 3764 245 3845 iure,
272 3768 368 3856 quod
383 3765 419 3831 in
437 3760 567 3834 scholis
585 3760 652 3834 hoc
674 3780 849 3856 ternpore,
878 3782 912 3837 et
929 3770 965 3835 in
989 3769 1140 3852 iudiciis,
1192 3763 1295 3851 fingi,
1321 3786 1427 3855 seque
1443 3788 1461 3831 e
1476 3786 1539 3832 suo
1555 3787 1716 3832 sermone
1733 3766 1895 3854 cognosci
1911 3767 2041 3850 voluit,
2067 3766 2133 3837 ubi
2149 3788 2184 3836 se

149 3866 187 3935 in
210 3867 305 3935 bona
328 3862 494 3956 Europae
520 3879 617 3956 parte
635 3880 783 3957 regnat·
821 3867 909 3937 Nam
933 3894 992 3939 eae
1019 3871 1139 3939 literae
1192 3865 1296 3933 nobis
1318 3865 1414 3933 velut
1439 3865 1477 3933 in
1502 3864 1622 3934 tabula
1645 3866 1849 3954 deliniavit,
1881 3883 2040 3960 petemus
2065 3882 2099 3937 ct
2118 3889 2183 3939 nos

149 3992 224 4039 non
243 3992 359 4058 nuper
374 3968 466 4037 male
484 3969 609 4037 audire
625 3983 834 4060 coeperunt,
859 3995 939 4038 cum
957 3971 1035 4041 aliis
1056 3997 1139 4064 pro·
1191 3990 1210 4033 e
1234 3967 1340 4034 sacris
1359 3965 1490 4051 literis,
1517 3967 1604 4059 quid
1629 3967 1673 4034 de
1697 3967 1861 4039 civilibus
1883 3971 2021 4058 legibus
2038 3968 2183 4039 divinus

151 4065 348 4160 phanarum
366 4071 482 4157 legum
499 4094 623 4161 parum
640 4072 696 4162 pia
717 4071 898 4162 professio,
924 4072 1140 4166 indignaque
1192 4067 1345 4157 Spiritus
1368 4069 1578 4138 decreverit:
1612 4091 1699 4160 quas
1724 4055 1805 4140 dum
1824 4072 1965 4142 coelesti
1992 4096 2076 4139 voce
2099 4095 2182 4161 pro-

150 4167 363 4242 Cbristianis
381 4172 538 4252 videtur,
564 4173 624 4241 alii
642 4173 749 4243 satius
766 4175 920 4254 ducunt,
946 4188 985 4243 ut
1008 4176 1138 4244 iudicia
1193 4171 1268 4238 bari
1284 4170 1446 4254 audietis,
1472 4194 1535 4261 par
1548 4169 1665 4254 fucrit,
1691 4185 1724 4242 et
1739 4196 1947 4263 cognoscere
1962 4173 2182 4261 diligentius,

150 4297 225 4342 non
248 4273 450 4363 improbent
472 4297 630 4364 prorsus:
659 4300 740 4343 nam
764 4275 800 4344 id
824 4300 888 4343 nec
904 4272 1054 4370 Scythae
1080 4301 1137 4345 so·
1191 4286 1225 4342 et
1246 4273 1432 4341 observare
1455 4272 1618 4341 sanctius.
1670 4271 1754 4344 Sese
1778 4275 1872 4344 enim
1891 4275 2071 4344 contemni
2085 4272 2182 4345 Deus

150 4376 244 4459 lent,
269 4400 324 4444 res
342 4400 381 4442 ex
398 4401 509 4469 aequo
527 4391 560 4445 et
578 4379 672 4445 hono
688 4378 763 4446 sine
778 4376 915 4466 scriptis
931 4378 1067 4467 legibus
1084 4380 1138 4449 iu-
1191 4374 1380 4458 iuditabit‚
1412 4371 1440 4442 si
1465 4373 1585 4442 civiles
1617 4374 1710 4464 leges
1740 4389 1924 4467 tantopere
1955 4377 2058 4445 nobis
2084 4401 2181 4446 com-

149 4477 277 4547 dicare.
328 4474 466 4545 Horum
483 4478 676 4546 calumnias
696 4503 760 4570 pro
775 4479 889 4547 nostri
908 4480 1039 4571 ingenii
1066 4508 1139 4550 me·
1191 4477 1371 4545 mendatas
1394 4475 1654 4548 violaverimus.
1706 4473 1776 4547 Sed
1806 4502 1968 4547 recenseo
1998 4479 2094 4546 locos
2119 4476 2181 4571 qui

151 4579 354 4662 diocritate,
380 4579 538 4649 refellere
556 4581 780 4665 conabimur,
805 4595 846 4651 ut
862 4605 921 4649 eos
937 4585 997 4677 qui
1017 4584 1059 4650 ad
1079 4606 1140 4672 gc·
1191 4577 1326 4668 legibus
1350 4577 1634 4667 patrocinantur,
1659 4579 1857 4671 docentque
1882 4580 1921 4647 in
1936 4581 2041 4648 rebus
2060 4579 2180 4669 publi-

150 4682 296 4751 rendam
317 4678 496 4769 Rempuh.
522 4681 605 4749 olim
636 4684 804 4751 accessuri
829 4696 930 4762 sunt,
965 4687 1008 4753 ad
1031 4680 1139 4753 hrains
1191 4678 1239 4748 cis
1257 4679 1387 4748 iudicia
1401 4702 1474 4747 esse
1491 4680 1747 4763 constituenda,
1771 4680 1933 4773 legesque
1948 4682 2079 4750 rationi
2094 4706 2181 4751 con-

150 4782 358 4872 disciplinae
382 4782 539 4851 studium
564 4781 764 4857 invitemus.
814 4782 1051 4873 Praegravant
1075 4810 1137 4854 au·
1190 4794 1374 4851 sentaneas
1389 4781 1432 4848 de
1452 4781 1557 4849 rebus
1574 4777 1832 4865 herciscundis,
1860 4785 1904 4852 de
1921 4784 2078 4852 sontium
2095 4807 2180 4874 poe-

117 4934 120 4939 ·
150 4897 220 4956 tem
245 4879 336 4953 hanc
357 4907 496 4953 eausam
512 4882 658 4952 mirifice
676 4880 742 4954 hoc
759 4898 916 4977 ternpore
933 4885 1136 4956 Doctorculi
1191 4882 1263 4969 nis,
1290 4896 1324 4953 st
1339 4882 1418 4951 aliis
1434 4876 1501 4953 hoc
1516 4906 1625 4973 genus
1642 4883 1725 4951 ferri
1743 4907 1855 4972 posse.

150 4986 307 5080 qnidam,
333 4985 393 5078 qui
411 5010 490 5054 cum
505 4984 577 5053 sere
591 4985 662 5054 sint
676 4983 795 5067 ἄθεοι,
820 5001 938 5056 tamen
953 4983 1137 5077 Evangelii
1292 4982 1453 5053 Primum
1468 4983 1523 5053 ius
1539 4983 1673 5052 sacinnt
1696 4984 1799 5054 nobis
1819 5008 1935 5055 sacrae
1951 4984 2095 5073 literae,
2122 4986 2178 5056 vel

149 5101 328 5183 praetextu
347 5087 569 5182 tyrannidem
582 5101 729 5177 gerunt,
754 5103 788 5159 et
804 5113 868 5177 pro
889 5088 1042 5158 libidine
1057 5115 1136 5159 cum
1190 5087 1381 5176 gentilibus
1402 5087 1458 5153 vel
1475 5084 1637 5155 mosaicis
1652 5085 1788 5172 legibus
1810 5085 1847 5154 in
1865 5081 2058 5177 prophanis
2072 5089 2178 5158 rebus

151 5186 343 5273 humanas,
375 5206 450 5261 tum
479 5190 619 5258 divinas
646 5190 738 5278 leges
763 5191 877 5279 figunt
906 5214 945 5259 ac
975 5191 1137 5281 religant.
1189 5188 1472 5260 iudicandisuti.
1523 5183 1667 5258 Etcum
1692 5187 1820 5256 iudicia
1841 5187 2057 5278 amplissimo
2079 5190 2178 5260 testi-

151 5289 338 5385 Aquibus
367 5292 395 5360 si
425 5292 606 5382 impetrari
631 5290 780 5383 poterit,
805 5305 845 5362 ut
869 5293 974 5362 nobis
996 5293 1137 5363 dicendi
1188 5292 1309 5361 monio
1335 5303 1483 5375 ornant,
1515 5302 1590 5359 tum
1613 5284 1798 5368 πολιτείας
1821 5292 2008 5358 mosaicam
2038 5305 2071 5359 et
2091 5315 2177 5380 gen-

151 5405 356 5484 potestatem
385 5394 534 5476 faciant,
567 5407 649 5464 sunt
676 5394 771 5463 enirn
798 5418 968 5487 perquam
991 5396 1138 5485 morosi,
1189 5394 1287 5503 tilem
1318 5393 1414 5464 iuxta
1447 5392 1613 5487 probant.
1678 5389 1770 5462 Cum
1806 5387 1999 5483 Baptistam
2033 5391 2177 5481 milites,
