4664 6022
10 306 14 317 ·
66 286 110 361 tt
467 281 631 361 DECL.
662 281 738 360 DE
768 281 1186 362 CORRlGENDlS
1206 279 1401 363 suot..
1422 281 1673 363 STUDIlS.
2036 290 2084 363 ts

62 457 159 531 ltalia
181 459 403 548 saeviebant:
436 461 599 530 nondum
627 457 723 528 enim
752 458 917 529 universa
939 454 1047 529 Chri·
1099 471 1159 550 pta
1168 448 1422 531 Mathematica
1437 459 1588 540 deserta,
1612 456 1719 530 Sacra
1737 460 1973 551 negligentius
1988 456 2083 538 culta

61 576 151 634 stum
172 562 417 652 profitebatur.
468 558 511 630 ln
534 557 631 630 hunc
653 584 772 630 rerum
788 573 918 632 statum
935 558 1047 631 Caro-
1098 574 1192 630 sunt.
1245 557 1329 649 Quo
1353 559 1467 645 malo,
1502 584 1593 654 quae
1617 562 1755 632 saevior
1777 564 1886 654 pestis
1908 588 1982 636 esse
2016 592 2082 659 po-·

60 666 113 735 lus
143 677 271 751 natus,
304 689 385 735 cum
417 662 505 733 tines
527 660 687 734 Romani
708 663 849 753 imperii
870 678 1046 755 parasset,
1096 661 1191 732 tuit?
1241 658 1346 732 Certe
1367 662 1836 760 nullavulgariorunquam
1859 666 1938 741 luit.
1991 665 2081 741 Nam

58 768 101 837 ad
118 765 373 837 instaurandas
393 766 513 835 literas
530 764 688 835 animum
705 764 844 834 adiecit.
894 762 986 834 Nam
1011 778 1046 837 et
1097 764 1238 833 eumad
1262 787 1339 832 eam
1363 779 1666 858 usqueaetattm‚
1694 782 1727 839 11
1752 762 2080 860 ΡῙ1Π1111ΨῙ111110111

60 869 131 961 ipse
150 881 296 959 praeter
314 868 507 939 multarum
533 890 650 935 rerum
674 866 932 955 cognitionem,
965 868 1044 959 ple·
1098 862 1233 936 Graeca
1252 865 1393 948 suisset,
1410 880 1445 937 ct
1462 889 1641 936 sacrorum
1657 868 1805 939 Latinae
1820 870 1962 958 literae,
1978 897 2079 962 prae-

60 994 186 1064 ratque
208 970 432 1062 disciplinas,
458 993 548 1062 quae
570 964 701 1039 scholis
727 969 874 1051 debent,
901 970 1045 1059 expedi·
1098 981 1150 1037 ter
1171 964 1410 1060 Cyprianum,
1445 966 1646 1049 Hilarium,
1673 968 1923 1056 Ambrosium,
1949 972 2080 1046 Hiero-

59 1086 159 1144 taset
174 1085 373 1166 compertas
386 1067 550 1143 habebat.
591 1066 988 1161 AlcuinumexAnglia
1005 1072 1044 1140 in
1095 1094 1262 1164 nymum,
1289 1070 1550 1161 Augustinum,
1583 1071 1704 1142 nullae
1727 1074 1884 1164 insignes
1908 1090 2078 1170 extarent,

64 1172 184 1246 (iallos
203 1175 326 1261 duxit,
351 1200 421 1269 quo
446 1169 616 1257 authore,
641 1169 769 1241 Parisii
790 1173 910 1241 literas
933 1174 1040 1263 proli-
1096 1186 1130 1241 et
1147 1169 1367 1241 Graecorum
1390 1196 1492 1244 usum
1510 1174 1738 1244 vernaculum
1754 1199 1850 1247 sacra
1868 1173 2077 1256 Occidentis

68 1276 121 1348 teri
134 1290 353 1369 coeperunt,
378 1277 536 1367 auspicio
553 1289 644 1344 certe
663 1275 766 1345 laeto.
819 1273 910 1344 Nam
932 1300 1041 1366 purae
1096 1297 1221 1363 magna
1244 1298 1284 1342 ex
1303 1289 1402 1364 parte
1419 1287 1563 1346 eatenus
1580 1269 1804 1358 habuissent,
1831 1279 1906 1348 lieri
1922 1306 1997 1352 non
2012 1310 2076 1377 po-

63 1373 174 1449 adbuc
192 1391 316 1462 erant,
340 1391 374 1449 et
388 1379 575 1448 accedebat
593 1373 810 1446 Graecarum
830 1400 949 1445 rerum
969 1402 1043 1447 me·
1095 1377 1182 1460 tuit,
1221 1376 1310 1468 quin
1345 1374 1491 1446 Graecis
1525 1380 1753 1470 contemptis,
1793 1405 1864 1451 una
1898 1385 2073 1478 quidquid

61 1481 188 1550 diocris
207 1481 342 1572 peritia.
376 1477 429 1550 Ea
447 1479 551 1550 nobis
566 1493 659 1547 aetas
676 1478 864 1567 Hugones,
889 1474 1042 1550 Richar-
1095 1478 1272 1546 commodi
1306 1479 1432 1548 studiis
1464 1473 1630 1550 humanis
1660 1477 1892 1574 Philosophia
1926 1489 2073 1577 confert,

62 1584 139 1663 dos,
182 1596 218 1652 et
249 1583 339 1654 alios
370 1606 445 1652 non
488 1581 657 1673 pessimos
694 1581 883 1670 scriptores
920 1581 1042 1651 edidit.
1095 1581 1232 1649 confert
1255 1594 1373 1650 autem
1397 1581 1501 1670 longe
1526 1581 1738 1672 plurimum,
1764 1584 1894 1654 deiude
1916 1612 1998 1658 cura
2020 1617 2075 1663 sa-

60 1679 313 1777 Philosophia‚
348 1708 422 1755 non
442 1685 497 1753 uti
525 1706 638 1766 nunc,
671 1707 712 1751 ex
734 1678 925 1753 Aristotele
947 1697 1043 1775 pete·
1095 1705 1235 1752 crorum
1256 1682 1385 1751 sensim
1410 1683 1586 1754 interiret.
1645 1681 1715 1753 Hic
1743 1708 1842 1757 casus
1866 1713 1947 1759 vere
1968 1686 2074 1762 Chri-

60 1788 181 1872 batur,
195 1788 256 1856 sed
271 1799 380 1857 totam
393 1787 462 1856 sibi
479 1788 687 1855 adseverant
702 1780 937 1870 Mathemata‚
954 1810 1043 1879 quae
1094 1785 1227 1855 stianos
1242 1778 1418 1855 Ecclesiae
1435 1786 1524 1855 ritus
1546 1810 1586 1855 ac
1608 1809 1745 1873 mores,
1767 1788 1828 1858 ille
1853 1792 1969 1862 studia
1994 1795 2075 1866 lite·

60 1913 208 1979 magnae
233 1913 337 1959 curae
366 1902 442 1959 tum
467 1888 597 1958 literati
622 1909 746 1955 omnes
771 1881 969 1972 habebant,
1004 1888 1038 1956 id
1095 1910 1215 1956 rarum
1230 1886 1465 1960 labefactavit.
1499 1883 2072 1981 Aequiusforsanalleriusrulna

61 1993 155 2086 quod
177 1992 341 2061 indicant
363 2005 499 2063 veteres
517 1983 778 2058 Monachorum
796 1989 869 2056 divi
887 1986 1041 2058 Benesli-
1094 1989 1178 2057 serri
1203 1988 1329 2080 potuit
1379 1987 1469 2058 Nam
1491 2003 1526 2059 et
1549 1991 1726 2081 lapsantes
1750 1992 1887 2079 literas,
1910 1998 2074 2070 incorru-

60 2095 104 2163 cti
127 2089 385 2164 bibliothecae:
426 2091 602 2187 equibus
634 2114 737 2160 nemo
769 2089 884 2159 clarus
917 2091 1043 2174 extitit,
1096 2090 1146 2180 pti
1161 2087 1339 2160 Ecclesiae
1357 2091 1467 2175 ritus,
1492 2092 1594 2160 facile
1619 2092 1815 2164 instaurare
1831 2110 2013 2185 poterant,
2041 2116 2076 2175 et

63 2196 122 2289 qui
141 2219 215 2265 non
229 2219 337 2285 opere
351 2188 605 2265 Mathematico
628 2192 924 2261 siteruditionem
942 2217 1041 2261 suam
1094 2191 1198 2261 bonis
1227 2192 1359 2276 literis,
1399 2193 1428 2261 si
1460 2216 1549 2286 quae
1579 2194 1697 2263 salvae
1722 2197 1949 2285 mansissent,
1985 2201 2075 2274 libe-

63 2298 198 2388 egregie
221 2311 380 2368 testatus.
429 2294 568 2366 Deinde
590 2319 658 2364 usu
684 2318 738 2363 res
759 2307 833 2364 acta
855 2307 927 2380 est,
951 2295 1043 2363 inci·
1094 2317 1174 2363 rum
1212 2306 1304 2378 erat,
1337 2294 1501 2364 ruinosos
1529 2290 1708 2365 Ecclesiae
1741 2322 1857 2368 mores
1891 2303 2075 2393 corrigere,

63 2401 262 2494 desuntque
285 2393 448 2468 homines
470 2397 635 2490 quidam,
667 2396 740 2465 sive
769 2396 919 2465 libidine
943 2397 1041 2487 inge·
1093 2395 1231 2465 animos
1252 2389 1441 2464 hominum
1473 2395 1625 2466 iacentes
1651 2398 1819 2481 excitare,
1854 2403 2073 2494 confirmare,

62 2502 323 2588 niorum,sive
339 2525 458 2571 amore
474 2500 591 2571 litium
607 2498 723 2583 ducti,
750 2499 788 2566 in
804 2497 1043 2583 Aristotelem,
1094 2512 1129 2567 et
1151 2497 1188 2565 iu
1211 2496 1375 2566 ordinem
1401 2521 1535 2587 cogere.
1593 2492 1643 2568 At
1666 2525 1750 2571 vero
1774 2500 1847 2571 sive
1871 2505 1961 2591 lato,
2000 2509 2074 2579 sive

65 2627 214 2698 comque
246 2628 432 2690 mancum,
472 2615 505 2671 et
538 2601 714 2684 lacerum,
744 2613 779 2670 et
812 2599 875 2694 qui
907 2600 1042 2695 alioqui
1095 2614 1215 2670 nostro
1231 2599 1318 2669 vitio
1333 2600 1470 2686 evenit,
1496 2600 1604 2670 simul
1623 2601 1738 2671 bonae
1761 2603 1884 2675 literae
1909 2630 1983 2677 non
2009 2612 2074 2682 bo·

66 2703 211 2776 Graecis
240 2708 428 2790 obscurus,
458 2699 522 2776 καὶ
547 2698 591 2774 τὸ
614 2697 717 2785 λοξία
742 2703 869 2771 similis
891 2703 1043 2786 videtur,
1095 2702 1172 2786 nis,
1199 2699 1312 2792 prisca
1328 2702 1438 2791 pietas
1454 2702 1680 2789 ceremoniis,
1705 2699 1893 2777 hominum
1911 2712 2074 2784 traditio·

64 2806 186 2879 Latine
221 2809 271 2877 sic
291 2808 490 2891 redditum,
521 2818 562 2874 ut
586 2805 690 2874 etiam
713 2802 870 2897 Sibyllae
892 2805 1043 2875 furentis
1095 2805 1221 2885 nibus,
1249 2804 1579 2890 constitutionibus,
1614 2806 1781 2892 decretis,
1808 2810 1989 2901 capitulis,
2013 2838 2075 2884 ea-

63 2912 282 2981 coniecturas
306 2924 498 2980 exerceret:
528 2904 609 2976 Huc
630 2919 747 2975 tamen
768 2907 903 2977 incauti
925 2901 1039 2976 homi·
1096 2906 1417 2995 travagationihus‚
1441 2906 1566 2996 glossis
1585 2901 1824 3001 δευτερώτωκ
1851 2927 1985 2985 mutale
2013 2930 2075 2993 etl.

63 3035 122 3083 nes
142 3014 380 3104 impegerunt.
439 3009 578 3081 Sensim
601 3009 780 3098 neglectae
799 3009 964 3079 meliores
987 3011 1043 3077 di·
1093 3007 1218 3102 Neque
1248 3009 1371 3080 retulit
1395 3011 1490 3102 quod
1515 3007 1649 3079 Nicena
1676 3008 1822 3103 Synodo
1847 3012 1970 3086 Patres
2002 3031 2075 3089 tam

64 3115 249 3208 sciplinae,
275 3113 474 3185 eruditione
491 3109 626 3184 Graeca
649 3110 860 3194 excidimus,
893 3112 1041 3181 omnino
1095 3111 1287 3202 prudenter
1316 3124 1503 3196 caverunt,
1533 3104 1581 3180 ed
1616 3107 1755 3208 ἀρχαῖα
1784 3110 1855 3209 ἔθη
1884 3114 2074 3212 κρατείτω.

62 3243 125 3311 pro
150 3218 258 3286 bonis
282 3240 356 3287 non
384 3216 479 3286 bona
500 3214 620 3283 doceri
640 3227 773 3302 coepta.
833 3211 929 3283 Hinc
959 3238 1042 3306 pro·
1094 3212 1275 3283 Audacius
1290 3207 1376 3283 haec
1394 3214 1516 3282 videar
1529 3213 1655 3298 alicui,
1680 3238 1926 3307 quamexusu
1941 3223 1998 3292 vel
2015 3246 2075 3293 ae-

63 3321 159 3389 diere
207 3312 390 3404 Thomae,
447 3315 563 3398 Scoti,
615 3313 796 3397 Durandi,
849 3310 1043 3406 Seraphici,
1095 3315 1176 3384 tatis
1199 3314 1254 3383 vel
1278 3315 1477 3385 studiorum
1500 3339 1677 3384 meorum:
1712 3339 1856 3403 verum,
1881 3336 1920 3392 ut
1943 3324 1993 3393 sic
2020 3326 2076 3394 di-

61 3419 271 3505 Cherubici,
297 3433 330 3491 et
350 3418 481 3512 reliqui
504 3416 624 3512 proles
646 3415 870 3485 numerosior
889 3412 1041 3485 Cadmea
1095 3439 1190 3497 cam,
1228 3439 1283 3484 res
1322 3431 1472 3499 vestrae,
1510 3415 1658 3505 ingenui
1687 3415 1852 3504 iuvenes,
1883 3424 2075 3512 postulant.

63 3524 196 3597 sobole.
249 3521 396 3592 Accedit
415 3521 577 3611 insuper,
603 3519 699 3612 quod
721 3541 794 3586 nou
815 3518 931 3586 solum
956 3540 1041 3586 con·
1096 3515 1185 3585 Nam
1199 3529 1240 3585 ut
1255 3516 1401 3608 quidam
1420 3516 1561 3605 segnius
1577 3540 1657 3585 cum
1672 3517 1777 3586 bonis
1791 3522 1926 3592 artibus
1942 3525 1979 3594 in
1995 3549 2076 3617 gra-

63 3626 186 3719 tempti
204 3637 337 3695 veteres
351 3623 469 3693 studio
485 3644 672 3702 novorum,
698 3621 757 3688 secl
776 3617 924 3687 omnino
938 3619 966 3687 si
981 3619 1042 3712 qui
1095 3619 1182 3686 tiam
1208 3618 1372 3703 redeant,
1398 3617 1568 3688 nimirum
1594 3620 1631 3687 in
1649 3634 1838 3703 causaest,
1865 3628 1961 3717 quod
1983 3653 2076 3700 nou·

63 3729 99 3799 in
115 3752 193 3798 eam
209 3739 415 3819 supererant
430 3737 593 3807 aetatem,
608 3746 670 3791 ceu
686 3722 724 3790 in
739 3716 876 3790 Lethen
892 3721 1041 3811 ablegati
1095 3722 1179 3790 dum
1196 3720 1382 3815 quisquam
1404 3743 1464 3790 eos
1484 3720 1595 3790 libere
1616 3723 1813 3796 admonuit.
1855 3723 1941 3799 „lam
1969 3729 2077 3822 igitur

63 3832 266 3923 perierunt,
287 3842 328 3898 ut
344 3827 484 3898 dubites
498 3849 586 3895 num
605 3824 673 3892 alia
690 3848 728 3892 re
745 3823 962 3912 argutiarum
980 3848 1044 3892 au·
1097 3823 1312 3911 cognoscite,
1345 3846 1517 3916 quaenam
1549 3822 1593 3892 sit
1623 3823 1686 3892 illa
1707 3821 1947 3897 Barbarorum
1979 3856 2077 3903 com·

63 3929 181 4003 shores
204 3930 285 4023 plus
308 3929 518 4014 nocuerint,
549 3949 655 4019 quam
678 3926 773 4018 qnod
797 3925 964 3995 vecordes
990 3938 1043 3995 tot
1097 3927 1280 3993 mentandi
1297 3925 1407 4009 ratio,
1432 3947 1523 4018 quae
1546 3947 1564 3992 e
1588 3924 1720 4018 quibus
1741 3930 1893 4000 manarit
1919 3931 2079 4005 lontibus

62 4035 174 4105 millia
200 4047 359 4104 veterum
380 4030 592 4121 scriptorum
614 4029 657 4097 ad
686 4026 959 4097 internicionem
985 4050 1044 4097 us-
1097 4026 1255 4098 audistis.
1308 4023 1450 4096 Artium
1468 4048 1596 4116 genera
1610 4026 1758 4098 omnino
1775 4030 1842 4101 tria
1857 4045 1958 4120 suot,
1979 4039 2078 4136 loys-

63 4161 130 4232 qne
145 4135 283 4207 aboleri
299 4133 392 4226 passi
411 4143 504 4204 sunt.
549 4127 701 4200 Talibus
716 4129 845 4199 deinde
866 4128 971 4198 semel
989 4129 1044 4198 iu·
1095 4123 1183 4213 κόν,
1221 4123 1401 4223 φυσικὸν,
1437 4121 1714 4224 προτρεπτικόν.
1796 4129 1967 4223 Logicum
2005 4140 2078 4209 vim

64 4242 111 4310 ris
127 4238 244 4310 divini
261 4261 300 4307 ac
320 4231 468 4307 humani
482 4245 632 4323 potestas
647 4233 736 4301 sacta
762 4243 831 4310 est,
859 4255 899 4300 ex
915 4225 1043 4300 horum
1098 4253 1238 4300 omnem
1262 4254 1301 4298 ac
1327 4230 1533 4299 discrimina
1558 4231 1730 4301 sermonis
1753 4243 1896 4320 tractat,
1933 4251 1968 4309 et
1994 4242 2075 4315 tutti

63 4342 213 4412 decretis
240 4340 404 4409 iuventus
420 4335 662 4407 erudiebatur.
701 4331 857 4401 Proinde
877 4332 914 4400 in
931 4332 1044 4401 scien·
1099 4356 1160 4422 per
1176 4331 1292 4423 ipsum
1317 4331 1353 4399 in
1377 4332 1439 4400 illa
1452 4332 1633 4422 superiora
1650 4334 1696 4402 sit
1711 4335 1796 4416 iter,
1822 4338 1978 4426 primum
2002 4343 2076 4412 sor-

65 4444 147 4514 tiam
158 4442 254 4515 Iuris
273 4464 313 4511 ac
328 4464 403 4511 rem
423 4436 601 4509 Medicam
618 4435 750 4526 pariter
765 4429 910 4526 posthac
932 4435 1045 4503 saevi·
1098 4435 1247 4501 mandae
1262 4433 1433 4522 pueritiae
1449 4432 1690 4503 rudimentum
1719 4449 1788 4520 est,
1816 4437 1934 4508 literas
1962 4442 2077 4529 docet,

63 4561 136 4616 tum
160 4559 232 4616 est:
257 4538 457 4635 Oportebat
482 4539 575 4608 enim
594 4537 744 4606 similem
762 4537 1046 4628 praeceptoribus
1099 4535 1345 4626 proprietatem
1371 4535 1543 4604 sermonis
1563 4550 1623 4605 aut
1642 4536 1770 4625 regulis
1787 4539 1992 4631 adstringit,
2017 4559 2079 4616 aut

63 4647 278 4739 discipulum
305 4666 400 4727 esse,
434 4655 475 4712 ut
500 4640 601 4709 aiunt
623 4626 728 4725 vulgo
753 4642 873 4709 κακοῦ
889 4630 1048 4732 κόρακος
1098 4637 1234 4706 collatis
1247 4652 1410 4706 autorum
1428 4636 1564 4725 figuris,
1590 4636 1724 4708 indicat
1740 4638 1825 4732 quid
1843 4641 2018 4726 observes,
2041 4646 2078 4718 id

61 4746 180 4823 κακὸν
196 4743 286 4821 oide-
314 4742 436 4816 llaec
448 4743 539 4814 ratio
555 4741 755 4810 studiorum
774 4763 887 4809 annos
909 4740 1048 4809 circiter
1099 4739 1195 4831 quod
1230 4738 1302 4806 lere
1330 4735 1569 4807 Grammatica
1602 4751 1765 4830 praestat.
1825 4738 1964 4813 Deinde
1998 4771 2079 4819 cum

61 4865 239 4923 trecentos
252 4849 290 4919 in
310 4845 460 4939 Anglia,
483 4845 523 4914 in
541 4841 691 4925 Galliis,
715 4841 753 4912 in
777 4838 969 4911 Germanis
991 4865 1047 4910 re.
1100 4839 1205 4930 paulo
1222 4861 1427 4929 progressus
1447 4839 1574 4923 fueris,
1599 4840 1771 4911 iudicium
1790 4842 1919 4913 animis
1936 4870 2080 4942 compa-

63 4955 204 5045 φωρ,
234 4965 275 5022 ui
298 4974 344 5021 ne
367 4948 453 5043 quid
475 4944 617 5017 interim
643 4944 759 5013 dicam
791 4943 1046 5013 immodestius.
1100 4953 1172 5021 rat,
1199 4965 1270 5034 quo
1285 4954 1396 5010 metas
1410 4965 1548 5021 rerum,
1573 4953 1690 5021 ortus,
1715 4941 1821 5025 lines,
1842 4945 2008 5036 ductum,
2029 4951 2080 5024 sic

63 5056 182 5146 Quam
196 5052 414 5147 perniciosa,
439 5048 614 5120 coniicere
631 5045 713 5115 licet
729 5045 988 5136 propemodum
1005 5069 1046 5114 ex
1100 5064 1284 5131 agnoscas,
1312 5056 1351 5111 ut
1366 5041 1480 5113 sicubi
1495 5041 1580 5135 quid
1604 5042 1769 5113 inciderit
1790 5060 1908 5118 exacte
1926 5061 2079 5123 tractan-

63 5152 120 5231 ffi,
139 5180 231 5252 qm
253 5154 346 5241 dixi,
383 5166 490 5246 atque
518 5162 558 5220 ut
579 5149 685 5241 plane
710 5145 935 5236 intelligatis,
969 5147 1047 5216 sni.
1100 5146 1207 5225 dum,
1232 5145 1351 5214 omnia
1370 5168 1459 5238 quae
1476 5144 1520 5213 ad
1538 5142 1740 5213 institutum
1755 5149 1953 5238 pertinent,
1978 5155 2080 5246 quasi

63 5284 162 5331 mum
181 5257 369 5330 advortite.
426 5251 607 5336 Primum,
640 5248 787 5319 desertis
811 5262 970 5317 veterum
990 5247 1047 5317 di·
1101 5244 1139 5313 in
1156 5258 1339 5315 numerato
1354 5240 1503 5326 habeas,
1530 5258 1563 5314 et
1578 5246 1663 5315 artis
1679 5245 1906 5320 adminiculis
1925 5251 1976 5323 ita
1998 5278 2080 5325 sen-

64 5360 243 5453 scipliuis,
263 5358 407 5452 quaudo
424 5356 537 5425 audax
553 5353 619 5422 ista
636 5349 900 5420 commentandi
916 5363 950 5421 et
967 5345 1049 5442 phi·
1100 5368 1160 5416 sus
1182 5347 1387 5417 auditorum
1409 5346 1545 5438 capias,
1584 5359 1623 5415 ut
1646 5347 1832 5419 dissentire
1850 5363 1981 5422 temere
2006 5379 2080 5425 nou

64 5457 278 5552 lamphandi
300 5458 392 5530 ratio
415 5454 584 5539 invaluit,
610 5452 716 5524 simul
732 5449 867 5524 Graeca
890 5465 1049 5524 contem·
1102 5460 1245 5542 queant.
1296 5445 1374 5520 Hae
1397 5463 1512 5542 partes
1535 5447 1633 5519 illius
1656 5461 1758 5530 111111,
1784 5474 1891 5545 qum
1915 5475 1980 5527 1101
1995 5454 2099 5529 Dis--
2140 5538 2149 5554 ,

117 5561 304 5635 Merserit.
330 5563 435 5629 Orsa.
461 5561 545 5626 Vos.
572 5557 634 5623 xl.
1479 5550 1505 5619 2
