4664 6022
137 290 213 371 47⁶
507 238 510 243 ’
691 274 852 354 nucu
884 273 960 351 uu
993 237 1271 353 duareno
1304 274 1465 353 nucu
1497 271 1625 356 nav.
2104 286 2166 364 us

139 479 255 550 natae,
280 479 362 533 curn
377 453 476 527 velut
490 465 707 546 postremum
723 451 940 523 allocuturae
956 451 1134 544 perituros
1186 473 1327 521 morum
1350 452 1518 525 sanctitas
1536 453 1575 525 in
1600 451 1669 528 hoc
1688 480 1793 542 mu,
1821 460 1919 556 apud
1939 460 2094 535 maiores
2111 488 2167 537 no-
2204 448 2207 483 ³

137 571 235 645 viros
250 589 273 638 s
290 557 497 634 custodibus
512 557 648 627 aditum
670 555 934 646 impetrassent,
960 577 1132 624 carcerem
1185 567 1287 622 stros.
1339 552 1525 626 Caeterum
1547 582 1691 629 ornnem
1715 561 1856 635 laudern
1872 577 2044 655 exuperat
2064 566 2167 639 iucre-

138 676 336 765 ingressae,
361 671 644 751 commutataque
667 681 747 727 curn
771 657 907 726 maritis
932 669 1045 741 veste,
1071 679 1134 746 per
1185 655 1328 740 dibilis,
1354 680 1394 726 ac
1415 658 1495 749 plus
1518 684 1626 753 qnam
1648 657 1791 735 heroica
1813 666 2036 758 placabilitate
2058 682 2094 740 rt
2108 670 2168 741 ele·

140 771 404 850 simulationem
426 760 561 831 doloris
589 759 713 831 velatis
743 759 917 850 capitibus
946 782 1006 828 eos
1035 757 1133 827 abire
1187 759 1317 828 mentia
1333 753 1537 846 Chunradi,
1558 787 1664 855 quern
1683 789 1763 836 cum
1783 768 2001 855 consiliarii,
2025 793 2167 843 comm

141 897 264 976 passae
277 881 376 953 sunt,
401 887 462 935 sua
480 884 629 953 corpora
647 886 713 955 pro
731 859 876 930 illorum
898 862 1026 945 salute,
1049 883 1134 950 snp-
1187 858 1332 930 moratis
1368 854 1643 957 haudquaquam
1682 867 1886 958 vulgaribus
1922 871 2090 958 offensis,
2129 879 2165 947 sd

139 978 249 1077 plicio
272 989 307 1048 et
330 965 506 1062 praesenti
528 964 685 1056 periculo
700 962 903 1046 offerentes,
929 963 1034 1052 digne
1052 960 1134 1055 qui-
1186 961 1413 1031 saeviendum
1439 964 1648 1052 invitarent,
1677 972 1880 1061 respondit,
1911 997 1987 1043 non
2010 974 2081 1046 sibi
2102 977 2164 1069 pls-

142 1087 243 1166 dem,
267 1071 411 1171 quaein
429 1091 505 1139 eam
528 1066 698 1136 familiam
713 1063 923 1157 Principum
946 1067 1133 1144 nuberent,
1187 1086 1264 1132 cere
1279 1064 1363 1133 odio
1389 1079 1424 1135 et
1446 1066 1519 1151 ira,
1544 1072 1604 1137 sed
1630 1070 1748 1161 potius
1762 1075 1891 1165 pietate
1905 1099 1946 1146 ac
1962 1076 2164 1168 benignitate

141 1207 231 1283 qnae
255 1185 445 1257 vetustate,
479 1167 666 1239 nobilitate
693 1179 728 1237 et
758 1167 899 1238 virtutis
931 1168 1024 1236 fasma
1047 1166 1134 1235 olim
1187 1189 1267 1234 curn
1294 1160 1454 1238 hostibus
1475 1183 1627 1257 certare,
1669 1179 1969 1265 quemadmodum
1993 1185 2090 1271 apud
2110 1180 2184 1255 So-¹

141 1282 334 1360 clarissima
362 1275 444 1345 fuit.
503 1270 577 1342 Nec
606 1270 725 1341 minus
749 1269 966 1360 periculoso,
999 1293 1038 1337 ac
1058 1292 1134 1336 non
1188 1262 1349 1358 phoclem
1368 1265 1548 1358 Antigone
1571 1267 1825 1347 humanissime
1846 1279 1911 1350 ait:
1945 1277 1992 1353 οὐ
2020 1276 2112 1379 πρὸς
2130 1280 2164 1357 sl

139 1388 247 1487 paulo
269 1375 493 1475 generosiore
515 1373 663 1444 consilio
686 1395 769 1442 suos
790 1371 934 1441 maritos
957 1367 1076 1441 Gnelfi
1100 1381 1135 1438 et
1188 1365 1387 1460 συνέχθειν
1404 1366 1607 1470 ἀλλὰπρὸς
1628 1371 1671 1447 rd
1690 1382 1889 1474 συμφιλεῖν
1903 1397 2082 1457 senatum
2095 1408 2165 1473 esre,

140 1492 406 1566 Germanorum
424 1477 591 1566 coniuges
606 1475 819 1545 liberarunt.
856 1472 933 1543 Hae
947 1473 1042 1542 enim
1061 1495 1132 1540 non
1188 1471 1236 1541 its
1251 1467 1464 1542 lilruuradns
1480 1492 1713 1567 proposuerat
1733 1481 1800 1551 sibi
1825 1482 2040 1557 iuimicitias
2050 1502 2165 1561 mona

140 1606 319 1667 nocturno
343 1581 427 1651 dolo
450 1579 629 1663 fallentes,
654 1579 715 1646 sed
730 1588 850 1667 aperta
870 1589 904 1645 et
923 1576 1025 1666 plane
1042 1572 1134 1644 Ger·
1187 1575 1256 1657 les,
1279 1573 1450 1644 amicitias
1474 1601 1556 1647 vero
1579 1579 1795 1652 immortales
1816 1607 1890 1654 esse
1908 1587 2054 1661 debere.
2100 1588 2164 1663 tte·

141 1693 280 1769 manica
306 1687 457 1763 virtute,
499 1680 614 1751 media
645 1680 722 1751 luce
752 1678 886 1771 palam,
920 1679 1136 1770 inspectante
1187 1675 1257 1745 rito
1275 1676 1499 1767 praedicatur
1519 1683 1716 1753 moderatio
1732 1679 1943 1757 'l'hrasibuli
1963 1687 2005 1759 iu
2022 1690 2168 1785 virturis,

142 1813 219 1877 toto
235 1789 409 1871 exercitu,
435 1797 573 1856 tantum
594 1782 731 1851 facinus
748 1794 919 1872 tantoque
936 1805 1014 1850 cnm
1041 1779 1135 1872 peri·
1188 1777 1250 1870 qui
1268 1780 1391 1847 urbem
1407 1774 1633 1853 Athenanrm
1658 1810 1677 1853 a
1695 1786 1841 1876 triginta
1867 1791 2034 1883 tyrannis
2055 1794 2168 1867 libers.

142 1902 224 1977 culo
247 1915 350 1966 ausae
374 1899 470 1960 sunt.
496 1948 499 1955 .
529 1882 656 1953 Varias
683 1883 882 1952 occasiones
904 1883 1135 1951 declarandae
1187 1879 1250 1964 vit,
1277 1882 1373 1973 quod
1391 1882 1543 1954 multum
1559 1887 1603 1954 de
1617 1885 1695 1957 iure
1708 1911 1790 1974 suo,
1812 1915 1884 1983 quo
1896 1892 1975 1962 sine
1991 1892 2169 1988 repreben-

142 1999 286 2076 virtutis
301 2018 341 2065 ac
362 1988 502 2085 pietatis
519 2009 621 2078 saepe
638 2008 738 2055 casus
756 1999 788 2054 et
805 1986 970 2065 fortuna,
996 1982 1135 2074 saepius
1187 1981 1287 2052 sione
1301 1995 1342 2053 ut
1357 1980 1472 2055 victor
1485 1987 1537 2056 uti
1553 1988 1732 2078 potuisset,
1755 1992 1909 2063 multum
1929 1996 1976 2064 de
1991 1997 2167 2071 iustissins

141 2105 251 2181 huius
265 2098 414 2169 miserae
428 2091 520 2162 vitae
535 2087 720 2180 multiplex
738 2086 944 2156 vicissitudo
962 2110 1001 2156 ac
1015 2107 1135 2155 neces·
1188 2084 1311 2153 dolore
1325 2085 1512 2162 remiserit.
1547 2088 1618 2160 Sed
1635 2096 1745 2182 magis
1761 2093 1865 2163 etiam
1880 2094 2075 2185 laudatura
2086 2102 2166 2197 quad

142 2211 227 2283 sitas
241 2200 354 2273 offert.
388 2192 573 2284 Quaedam
589 2212 671 2260 suos
686 2203 859 2280 parentes,
885 2188 1036 2257 nesame
1055 2211 1136 2280 per·
1186 2186 1400 2277 praeclaram
1417 2187 1515 2258 illam
1531 2186 1742 2284 ἀμνηστίαν
1755 2197 1922 2284 sanxerit,
1947 2224 2024 2293 qua
2038 2226 2166 2277 eomas

142 2313 256 2393 irent,
284 2297 449 2373 ramalia
467 2294 560 2364 vitae
579 2291 737 2363 subsidia
753 2292 932 2370 deessent,
959 2289 1031 2359 suis
1046 2290 1135 2360 ube·
1188 2311 1266 2357 sum
1282 2310 1323 2358 ac
1339 2287 1514 2361 labentem
1528 2293 1680 2364 civitatis
1697 2308 1827 2367 statum
1846 2297 1885 2367 iu
1907 2302 2102 2390 pristinum
2114 2300 2168 2377 lta·

141 2415 241 2488 ribus
263 2409 409 2480 lactasse
433 2397 613 2468 dicuntur.
672 2394 983 2483 Quemadmodum
1006 2393 1051 2460 de
1075 2390 1136 2462 (Ji-
1188 2389 1304 2460 bitum
1326 2388 1495 2462 nonnihil
1518 2395 1684 2468 restituit.
1736 2397 1806 2468 Sed
1829 2402 1944 2474 multo
1962 2406 2163 2479 stabilitus

140 2537 247 2589 morie
264 2508 418 2604 quodam
436 2509 645 2581 memorant,
669 2492 731 2590 q'ui
748 2494 803 2564 vir
820 2495 891 2563 iam
908 2518 1055 2584 magnus
1071 2519 1136 2562 ua·
1189 2487 1400 2584 ἀμνηστίαν
1422 2494 1536 2565 sanxit
1552 2497 1746 2590 imperator
1760 2495 1981 2576 Clrunradus
2000 2510 2167 2583 clementis

142 2635 201 2703 tn,
227 2637 307 2684 cnm
323 2602 447 2699 capitis
464 2603 670 2682 damnatus,
695 2611 800 2691 atque
824 2597 860 2665 in
878 2597 1074 2667 custodiam
1096 2610 1136 2665 nt
1188 2619 1270 2678 sua,
1296 2608 1330 2664 et
1351 2599 1527 2685 parcendo
1551 2599 1834 2696 ignoscendoque
1856 2609 1993 2679 arctius
2015 2612 2087 2693 sibi
2106 2611 2168 2683 ssi·

142 2721 196 2795 ibi
209 2718 301 2788 tame
319 2719 521 2789 necaretur,
547 2701 698 2772 traditus
714 2712 814 2783 esset,
839 2700 922 2784 filia,
948 2699 1135 2789 impetrato
1189 2718 1265 2764 mos
1280 2690 1468 2766 hominum
1484 2700 1662 2787 devinxit,
1688 2727 1793 2796 quana
1811 2706 1895 2777 ullis
1914 2710 2079 2798 legibus,
2100 2713 2169 2785 siti·

142 2848 163 2895 a
180 2813 385 2891 custodibus
402 2806 520 2890 aditu,
544 2801 705 2896 qnotidie
725 2814 858 2892 patrem
877 2799 1028 2869 invisere
1044 2800 1136 2868 sole·
1188 2798 1274 2880 bus,
1303 2810 1364 2868 aut
1385 2799 1459 2870 ulla
1483 2802 1666 2874 severitate
1689 2805 1872 2896 potuisset.
1897 2864 1900 2869 .
1931 2808 2019 2889 Hoc
2035 2808 2186 2889 suiesna'

141 2928 222 3005 bat,
248 2919 308 2989 sed
332 2907 479 2988 nonnisi
502 2904 601 3001 prius
623 2925 784 2989 excussa,
810 2925 856 2971 ne
882 2901 967 2995 quid
990 2896 1135 2993 ei'qnod
1189 2899 1388 2968 missimum
1411 2914 1516 2995 atque
1543 2903 1742 2977 immortale
1767 2907 1909 2992 foedus,
1944 2919 2052 3008 quod
2072 2926 2169 2991 ortu

143 3024 220 3099 esui
243 3032 351 3100 esset,
376 3013 528 3085 afferret.
579 3001 628 3079 At
652 3005 705 3079 illi
728 3007 868 3075 tandem
889 3004 1052 3073 admirati
1079 3027 1136 3073 se-
1189 3002 1357 3094 apietate
1371 3015 1405 3072 et
1421 3026 1440 3072 a
1456 3004 1640 3076 clementia
1656 3008 1810 3081 tirmavit
1825 3011 1989 3104 iusticia,
2010 3022 2168 3115 adprobv

143 3150 225 3200 nem
249 3136 319 3197 tam
343 3115 406 3187 din
427 3113 559 3205 absque
582 3107 661 3178 cibo
685 3107 792 3179 vitam
816 3119 1029 3190 sustentare,
1055 3131 1135 3174 cum
1189 3103 1242 3174 vit
1264 3103 1337 3195 ipse
1353 3100 1461 3174 Deus.
1512 3105 1581 3177 Sed
1607 3102 1692 3178 haec
1716 3137 1859 3207 qnoque
1881 3115 1963 3187 laus
1987 3119 2166 3193 nondini-

143 3221 389 3304 mulierculam
411 3212 584 3285 curiosius
600 3211 848 3288 observarent,
875 3208 1137 3278 animadverte·
1189 3207 1359 3275 raacrlanda
1398 3222 1467 3293 est,
1512 3209 1614 3300 plane
1649 3212 1755 3302 digna
1789 3212 1976 3291 Germano
2010 3221 2170 3317 Principe,

143 3343 230 3406 runt
255 3348 332 3396 eam
356 3331 470 3389 exerta
495 3311 654 3389 mauritta
677 3325 812 3403 patrem
835 3311 922 3382 lacte
946 3334 1010 3381 suo
1032 3312 1138 3395 alere,
1189 3308 1285 3401 quod
1313 3332 1386 3376 non
1412 3333 1532 3398 passus
1555 3326 1608 3382 est
1629 3312 1689 3382 illa
1707 3316 1834 3387 callida
1857 3323 2114 3399 condicionum
2128 3326 2172 3397 ῑῃ.

143 3428 367 3530 perculsique
382 3435 452 3494 tarn
472 3415 646 3486 mirabilis
661 3412 849 3505 spectaculi
868 3412 1036 3497 novitate,
1062 3437 1135 3481 rem
1191 3412 1462 3498 terpretatione,
1488 3428 1522 3483 et
1536 3415 1695 3504 specioso
1711 3416 1798 3487 iuris
1817 3436 2003 3511 praetextu
2028 3412 2100 3501 sibi
2120 3430 2172 3509 in,-

143 3533 322 3610 iudicibus
354 3548 394 3595 ac
420 3517 686 3609 Magistratibus
709 3515 888 3599 iudicant,
928 3515 991 3607 qui
1021 3528 1137 3585 tantae
1192 3512 1286 3603 pesni.
1338 3507 1393 3581 Ex
1418 3539 1489 3606 quo
1512 3516 1613 3585 facile
1636 3519 1802 3607 adparet,
1828 3540 2060 3621 quantopere
2079 3528 2172 3605 uestri

144 3635 267 3734 pietati
289 3653 369 3700 eum
391 3620 563 3693 honorem
588 3613 809 3698 habuerunt,
834 3631 873 3686 ut
894 3629 1029 3707 patrem
1045 3616 1138 3685 filiae
1190 3613 1340 3682 maiores
1358 3629 1492 3686 veteres
1507 3614 1680 3688 Germani
1693 3622 1854 3693 delectati
1871 3625 1943 3695 sint
1960 3606 2174 3726 simplicitate

144 3740 400 3812 condonarent.
451 3722 567 3810 Quem
584 3744 658 3788 non
675 3731 894 3788 commoveat
914 3719 980 3787 ista
995 3741 1138 3788 ornnem
1191 3728 1226 3785 et
1251 3716 1446 3804 probitate,
1477 3744 1654 3813 quamque
1678 3722 1782 3811 louge
1807 3727 1991 3809 abluerint
2015 3728 2174 3807 stabulo

144 3841 286 3915 laudem
310 3855 350 3904 ac
374 3822 672 3921 praedicationem
702 3843 897 3911 exuperans
920 3811 1139 3913 dersueioip-
1191 3817 1386 3888 calamitosi
1414 3834 1447 3889 et
1475 3822 1600 3909 tragici
1615 3824 1724 3891 seculi
1740 3842 1876 3897 versuta
1896 3845 1930 3901 et
1947 3838 2173 3928 perplexsss·

146 3940 273 4046 papate?
324 3932 374 4007 At
396 3941 558 4011 nostrae,
582 3948 671 4018 quae
695 3923 841 3994 maritos
863 3935 899 3992 et
922 3922 1052 3991 liberos
1077 3945 1139 4013 per
1192 3920 1340 4011 pientia:
1377 3922 1535 4010 placebat
1559 3923 1632 3992 illis
1657 3929 1754 3995 nuda
1778 3942 1812 3999 et
1838 3926 2025 4007 Germana
2054 3939 2176 4021 veritas.

145 4044 262 4119 media
277 4036 432 4111 hostium
449 4053 546 4101 arma
560 4027 781 4108 extulerunt,
806 4024 836 4094 si
853 4026 948 4117 quod
965 4023 1032 4094 tale
1048 4037 1139 4094 tem·
1191 4022 1337 4107 callida,
1362 4022 1551 4109 insidiosa,
1576 4027 1762 4121 fucataque
1778 4031 1897 4101 omnia
1920 4036 2027 4125 peius
2042 4042 2179 4115 oderant

145 4171 213 4244 pus
237 4140 431 4215 incidisset,
458 4128 554 4205 haud
577 4128 685 4200 dubie
706 4129 866 4207 nullum,
893 4127 988 4219 quod
1007 4126 1052 4194 ab
1070 4121 1139 4195 hu-
1191 4148 1296 4218 quam
1321 4139 1470 4196 mortem
1494 4140 1528 4197 et
1550 4127 1743 4198 infernum.
1792 4128 2048 4213 Etcumvm
2062 4144 2179 4217 vim

145 4271 251 4322 marra
275 4256 391 4312 mente
413 4233 558 4326 cogitari
586 4233 720 4323 potuit,
752 4229 883 4299 amoris
908 4242 969 4298 aut
1001 4227 1139 4316 pietatis
1193 4229 1408 4313 niterentur,
1435 4223 1502 4297 hoc
1524 4229 1641 4300 studio
1666 4225 1865 4321 habebant,
1890 4250 1931 4307 ut
1951 4246 2107 4333 nurui,
2128 4244 2179 4317 d

146 4349 302 4423 osticium
319 4366 383 4434 pro
398 4338 603 4408 redimenda
616 4358 760 4403 suorum
776 4332 887 4402 salute
909 4343 1138 4402 recusassent.
1193 4329 1398 4413 clementia,
1425 4354 1497 4399 non
1513 4345 1630 4416 metu,
1657 4337 1716 4403 sed
1739 4335 1826 4421 fide,
1852 4358 2001 4430 amore,
2021 4370 2067 4419 aa
2082 4350 2180 4419 bem-

146 4454 238 4533 Nam
256 4448 286 4520 si
302 4445 382 4540 quis
405 4441 515 4531 ipsam
539 4437 702 4528 pietatem
722 4435 865 4524 pingere
881 4434 1006 4513 vellet,
1032 4456 1139 4526 qnam
1193 4430 1348 4499 volentia
1375 4430 1507 4500 civium
1538 4435 1737 4507 stabilirent
1768 4438 1980 4530 imperium,
2016 4448 2180 4543 sapientis

146 4559 252 4631 aliatus
271 4551 346 4620 eius
366 4543 552 4631 imaginem
567 4538 660 4628 apud
678 4538 836 4606 anianum
854 4537 1038 4627 concipere
1058 4555 1140 4626 pos·
1193 4532 1264 4601 illis
1287 4546 1361 4601 erat
1385 4533 1503 4602 ouuaia
1527 4535 1566 4602 in
1588 4537 1771 4609 meliorem
1793 4556 1926 4629 partem
1948 4546 2182 4644 interpretari,

146 4642 199 4733 tel
215 4654 409 4749 aptiorem,
435 4667 541 4737 quam
559 4641 588 4709 si
603 4652 823 4720 matronam,
847 4638 979 4705 liberos
997 4651 1032 4707 et
1054 4660 1140 4705 con-
1193 4658 1266 4703 non
1284 4635 1501 4703 calumniose
1518 4651 1548 4705 et
1571 4637 1666 4706 vaire
1683 4639 1868 4717 invertere.
1910 4643 1963 4718 At
1978 4632 2188 4727 humanius·

148 4762 264 4851 iugem
284 4778 345 4849 per
363 4747 475 4820 media
490 4739 645 4813 hostimn
663 4766 759 4813 arma
778 4764 818 4808 ex
833 4752 932 4828 capta
949 4738 1037 4807 urbe
1057 4738 1140 4805 elle-
1193 4730 1262 4805 hoc
1279 4750 1436 4826 ternpore
1454 4736 1589 4825 ingenii
1603 4739 1679 4808 lans
1696 4755 1765 4827 est,
1791 4743 1819 4812 si
1837 4747 1918 4839 quis
1934 4756 2040 4845 quod
2053 4752 2182 4849 simpla

148 4876 285 4948 pensem
303 4848 487 4947 pingeret?
517 4844 565 4915 lta
579 4843 733 4915 Aeneam
751 4866 854 4911 sanun
864 4839 1040 4929 Virgilius
1055 4864 1142 4908 con·
1194 4838 1280 4908 citer
1302 4861 1341 4906 ac
1365 4854 1457 4908 recte
1487 4840 1617 4909 lactum
1642 4843 1820 4914 dictumve
1843 4863 1914 4933 cst,
1945 4864 2026 4925 arte
2048 4872 2182 4931 ωῃιω.

147 4966 278 5035 sectum
294 4956 391 5031 senio
408 4964 588 5045 parentem
606 4970 647 5015 ex
664 4946 806 5017 incensa
825 4946 913 5012 urbe
931 4942 968 5011 in
984 4937 1142 5012 humeris
1195 4964 1319 5036 querc„
1345 4955 1379 5011 et
1401 4941 1576 5010 malitiose
1597 4959 1805 5039 versuteque
1831 4948 2106 5047 interpretando
2124 4962 2181 5031 de·

148 5072 391 5156 exportantem
415 5055 532 5139 fingit,
566 5072 647 5117 curn
673 5041 768 5115 hune
793 5039 888 5115 haud
912 5046 1021 5116 dubie
1045 5067 1143 5113 sum·
1195 5067 1343 5134 pravare
1374 5044 1494 5125 novit,
1528 5045 1636 5137 idque
1661 5071 1703 5114 eo
1729 5048 1913 5140 indignius
1940 5070 1994 5129 est
2021 5060 2120 5149 fieri,
2145 5080 2179 5131 sc

148 5188 247 5239 mum
273 5159 411 5252 pictatis
432 5153 580 5244 gradum
604 5150 636 5219 ei
657 5148 813 5218 tribuere
830 5149 947 5221 vellet.
996 5146 1143 5216 Praedi-
1196 5169 1306 5237 prope
1330 5145 1399 5215 iam
1423 5169 1486 5235 pru
1509 5147 1639 5216 virtute
1662 5138 1804 5236 haberi,
1830 5153 1867 5221 in
1887 5178 1927 5227 ea
1944 5174 2076 5247 geute,
2100 5180 2179 5259 qu

148 5283 204 5343 cst
225 5263 330 5335 etiam
348 5257 493 5345 'l'acitus
518 5253 686 5323 virtutem
708 5273 749 5318 ar
762 5249 993 5318 constantiam
1016 5249 1143 5317 foemi-
1196 5271 1333 5338 semper
1356 5248 1537 5331 carrrdoris,
1565 5251 1749 5339 probitatis
1775 5275 1816 5322 ac
1840 5255 2017 5350 simplicis
2033 5260 2177 5337 vertutis

150 5393 277 5444 narum
307 5357 620 5438 Germanicarum,
660 5365 766 5444 atque
797 5373 838 5418 ex
857 5344 924 5419 hoc
944 5351 1036 5423 lacto
1060 5349 1144 5418 satis
1195 5349 1304 5418 amica
1321 5350 1445 5433 luerit,
1469 5374 1614 5441 eamque
1633 5353 1771 5422 laudem
1792 5380 1875 5447 prae
1892 5362 2065 5435 omnibns
2080 5364 2174 5437 toti!

150 5482 315 5567 appares,
342 5484 432 5560 quae
450 5457 558 5531 luerit
572 5454 746 5546 gravitas,
773 5451 901 5544 pietas,
927 5452 1088 5555 vitaeque
1104 5474 1144 5521 sc
1194 5450 1292 5519 orbis
1312 5452 1534 5535 nationibus,
1561 5454 1644 5522 inde
1660 5476 1796 5550 usque,
1821 5461 2042 5559 abantiquis
2053 5479 2171 5558 tempo·
