4664 6022
146 290 226 367 aas
613 276 778 364 nucu
817 245 1262 367 aarutnutttco
1295 278 1721 368 nocuerunt„
1779 388 1784 397 ,
2115 295 2192 371 oro

250 464 295 537 In
309 457 366 536 bis
376 461 463 558 ipsis
476 461 911 538 contentionibusnorunt
921 457 1145 536 adhuemul-
1295 457 1464 533 Vidimus
1476 459 1547 556 ipsi
1562 485 1670 534 manu
1687 462 1764 534 eius
1782 465 1930 559 scriptas
1944 471 2136 543 sententias
2152 473 2192 545 iu
2219 514 2223 521 ·

147 565 178 640 ti
192 591 268 639 non
283 569 399 638 solum
414 565 635 657 vigilantiam
646 566 841 654 Friderici,
866 568 927 639 sed
943 568 1050 640 etiam
1065 591 1142 638 mo
1192 562 1313 660 parvis
1341 565 1506 658 pagellis,
1537 588 1625 661 quas
1650 566 1819 639 adfixerat
1841 568 2055 662 parietibus,
2089 589 2128 647 ut
2151 575 2190 646 in

147 670 369 742 demtionem
393 668 524 756 animi,
556 682 592 741 et
606 669 841 742 constantiam
857 667 897 740 in
913 670 1047 764 optima
1063 691 1146 740 sen-
1193 680 1384 762 conspectu
1398 682 1530 755 essent,
1556 672 1600 740 de
1614 669 1725 740 animi
1740 672 2001 762 moderatione,
2024 677 2192 750 videlicet

146 773 260 845 tentia
275 771 501 843 excellentem
514 771 639 858 luisse,
664 771 790 867 inqua
813 771 1146 845 eiusanimusalie-
1193 764 1262 842 hoc
1283 769 1437 844 Senecae
1465 771 1616 843 dictum:
1649 766 1752 843 Nihil
1775 796 1962 864 manum,
1995 781 2090 872 quod
2116 804 2189 853 non

146 875 319 946 missimus
338 874 407 946 luit
427 875 474 945 ab
488 873 702 956 ambitione,
728 888 763 946 et
777 875 823 946 sb
837 876 1007 946 omnibus
1023 873 1145 968 priva-
1192 887 1244 944 est
1260 873 1452 966 placidum.
1499 869 1548 946 Et
1570 870 1637 947 hoc
1658 871 1857 946 Plutarchi:
1887 876 1934 950 Ut
1948 877 2011 951 Sol
2029 905 2110 952 curn
2127 907 2191 952 ve·

147 977 195 1048 tis
225 975 494 1070 cupiditatibus,
526 999 567 1047 ae
589 990 727 1048 tantum
755 977 904 1050 salutem
930 975 1145 1050 Germaniae
1192 976 1248 1048 nit
1270 977 1309 1045 in
1331 999 1512 1047 summum
1532 977 1712 1068 fastigium
1734 979 1869 1050 tardius
1893 979 2045 1065 incedit,
2079 983 2129 1055 ita
2151 985 2189 1055 in

147 1079 328 1171 publicam
341 1078 520 1172 spectavit.
573 1077 699 1150 Postea
715 1080 821 1151 etiam
837 1104 919 1151 cum
936 1079 975 1149 in
993 1077 1144 1152 Germa·
1191 1100 1330 1149 summa
1352 1091 1523 1170 potestate
1547 1078 1749 1154 contantius
1769 1093 1803 1153 et
1825 1084 2045 1156 moderatius
2068 1087 2189 1157 omnia

146 1182 248 1254 niam
268 1181 419 1255 venisset
435 1179 606 1267 Carolus,
630 1194 672 1253 ut
690 1204 758 1274 pax
777 1194 812 1253 et
826 1183 1016 1254 concordia
1038 1182 1144 1276 prin·
1190 1183 1328 1272 agenda
1345 1202 1432 1253 esse.

146 1285 269 1376 cipum
301 1283 592 1370 constitueretur,
623 1305 770 1375 magnos
795 1284 936 1357 labores
964 1286 1145 1373 sustinuit,
1291 1277 1532 1355 Sciebatnihil
1543 1293 1615 1353 tam
1628 1306 1702 1355 esse
1716 1279 1857 1356 homini
1871 1285 2058 1369 familiare,
2081 1312 2189 1382 quam

147 1384 663 1482 quibuseteorporisviresin
678 1410 720 1456 eo
735 1386 1116 1478 languelactaesuntst
1192 1379 1405 1455 hallucinari
1427 1400 1461 1458 et
1482 1408 1612 1455 errare.
1670 1383 1754 1457 ideo
1777 1412 1938 1461 normam
1957 1391 2189 1463 consiliorum
2247 1407 2257 1416 '

248 1486 323 1559 Nec
345 1486 422 1558 leve
438 1510 603 1558 curarum
621 1501 655 1560 et
671 1489 953 1561 sollicitudinum
970 1489 1143 1562 iudicium
1193 1487 1335 1560 volebat
1355 1510 1428 1558 esse
1453 1486 1641 1581 praecipue
1658 1488 1769 1580 legem
1787 1487 1876 1579 Dei,
1901 1491 2032 1562 deinde
2052 1506 2085 1565 et
2100 1493 2190 1562 alia·

145 1591 293 1662 fuerunt
317 1589 436 1660 morbi
458 1589 582 1681 ipsius.
639 1586 717 1662 Etsi
740 1594 836 1662 euim
853 1592 979 1664 calculi
994 1591 1144 1663 saevicia
1192 1613 1272 1660 rum
1289 1590 1406 1682 legum
1421 1614 1560 1677 vocem,
1585 1615 1676 1686 quae
1691 1591 1892 1683 sapientum
1909 1595 2188 1685 gubernatorum

148 1693 219 1765 orti
233 1718 254 1763 a
270 1690 417 1762 renibus
430 1690 606 1763 extinctus
629 1707 703 1778 est,
729 1706 847 1764 tamen
864 1707 898 1765 et
915 1696 1055 1766 dolores
1077 1689 1144 1790 hy·
1191 1691 1325 1764 iudicio
1346 1706 1504 1784 receptae
1532 1706 1636 1776 sunt,
1662 1707 1702 1765 et
1728 1719 1787 1766 eos
1814 1695 1876 1791 qui
1899 1718 1980 1767 suas
2001 1696 2189 1789 opiniones

146 1791 391 1890 pochondrios
407 1816 554 1884 magnos
573 1790 720 1880 habuit,
743 1819 854 1889 quare
875 1798 1005 1867 medici
1024 1810 1145 1890 postea
1191 1793 1346 1865 nimium
1360 1796 1545 1879 amabant,
1571 1820 1646 1867 uon
1661 1796 1846 1888 probabat.
1900 1796 2013 1870 Valde
2030 1799 2139 1890 igitur
2155 1813 2191 1870 et

147 1898 305 1991 splenem
321 1897 551 1988 contemplati
576 1898 732 1991 lapidem
751 1898 790 1969 iu
812 1895 889 1990 ipso
905 1901 1027 1992 splene
1044 1900 1145 1969 inve·
1193 1890 1258 1968 bac
1271 1897 1446 1968 sententia
1462 1897 1720 1983 delectabatur,
1746 1924 1827 1970 cum
1844 1899 1936 1972 sorte
1955 1925 2032 1973 eam
2049 1901 2087 1970 in
2102 1898 2189 1972 Plu·

147 2014 280 2072 nerunt
297 1998 467 2070 maiorem
481 2000 623 2090 glande.
1191 1993 1306 2083 tarchi
1331 1997 1463 2092 scripto
1494 2000 1650 2093 legisset,
1686 2024 1778 2096 quae
1801 2001 1973 2075 tribuitur
1991 2001 2188 2077 Simonidi:

250 2098 298 2173 Ut
313 2114 430 2172 autem
446 2097 532 2172 baec
542 2102 654 2194 ipsius
667 2115 827 2174 seueetus
841 2101 945 2195 pleae
956 2101 1026 2175 soit
1040 2127 1145 2175 cura-
1191 2099 1315 2194 opinio
1334 2101 1407 2170 vim
1425 2102 1538 2174 adfert
1554 2102 1718 2185 veritati,

146 2216 279 2278 mmet
299 2202 462 2274 laborum
478 2218 624 2296 propter
638 2201 850 2293 Ecclesiam,
874 2219 909 2277 et
925 2202 1032 2277 huius
1050 2204 1144 2278 Ger·
1338 2197 1375 2264 ¹3
1398 2199 1498 2264 δοκῶ
1518 2192 1656 2282 eddim*
1678 2198 1737 2284 vit
1759 2198 1921 2287 dtidsror.

144 2308 277 2378 manici
305 2302 444 2397 imperii
469 2305 610 2397 negotia
633 2305 745 2378 resulta
774 2320 809 2379 et
830 2331 976 2397 magua,
1006 2310 1054 2382 ita
1079 2310 1145 2381 do-
1291 2303 1367 2379 Nec
1382 2308 1483 2378 rudis
1499 2320 1575 2379 erat
1594 2307 1779 2378 doctrinae
1796 2309 1841 2379 de
1855 2306 2010 2380 motibus
2026 2309 2187 2379 coelesti-

146 2408 292 2480 mestica
314 2407 386 2478 vita
406 2406 475 2478 tuit
500 2409 607 2499 plena
635 2403 865 2481 honestorum
890 2413 1144 2504 exemplorum.
1191 2407 1275 2494 bus,
1307 2407 1408 2481 euius
1431 2408 1604 2481 didicerat
1626 2408 1801 2481 elementa
1830 2434 1850 2481 a
1876 2410 2014 2480 medico
2039 2408 2188 2481 Mellar-

148 2509 192 2582 ln
213 2509 294 2579 aula
312 2507 455 2578 adsidui
477 2510 625 2580 aderant
647 2510 717 2580 viri
740 2510 949 2583 excellentes
970 2512 1142 2604 sapientia
1185 2511 1329 2592 stadio,
1359 2510 1422 2604 qui
1442 2511 1475 2581 ei
1500 2511 1585 2581 inde
1605 2534 1717 2606 usque
1736 2514 1783 2583 ab
1804 2510 2039 2585 adolescentia
2058 2514 2103 2583 ad
2129 2537 2187 2586 se·

148 2627 182 2681 et
199 2609 329 2681 virtute
337 2607 545 2681 Fabianusa
556 2606 745 2697 Feilitsch,
766 2609 970 2686 Friderieus
987 2611 1141 2702 aTbun,
1191 2626 1329 2683 nectam
1342 2613 1639 2684 familiarissimus
1656 2612 1743 2700 suit,
1768 2627 1803 2686 et
1817 2637 1936 2686 comes
1955 2615 2070 2687 luerat
2085 2638 2189 2710 pere-

147 2709 383 2793 Einsidelius,
421 2707 599 2784 lohannes
630 2737 651 2783 a
682 2713 914 2801 Minckwitz,
945 2715 1143 2803 Pantanus,
1190 2714 1454 2806 grinationisin
1472 2712 1722 2790 Palaestinam.

146 2836 249 2903 saepe
271 2825 306 2880 et
331 2808 573 2907 Hieronymus
598 2809 746 2886 Schurff
770 2829 805 2886 et
829 2816 892 2886 alii
915 2820 1142 2889 accerseban-
1291 2815 1398 2888 Scitis
1420 2817 1597 2887 veteribus
1619 2818 1761 2907 regibus
1786 2834 1820 2892 et
1841 2817 1993 2891 ducibus
2014 2819 2186 2889 usitatum

145 2927 215 2984 tur.
266 2909 424 3008 Eratque
447 2915 637 2988 consilium
660 2919 748 3001 tale,
773 2919 870 3011 quod
891 2942 1018 3008 magno
1032 2945 1142 3011 regno
1190 2917 1349 2988 studium
1379 2918 1488 2990 luisse
1526 2918 1612 2989 artis
1647 2921 1825 3008 medicae,
1864 2934 1905 2993 ut
1938 2924 1983 2992 de
2013 2916 2193 3007 Chirone,

144 3014 270 3086 luisset
306 3031 531 3090 ornamento.
601 3014 693 3087 Cum
735 3014 791 3088 his
827 3018 914 3091 viris
951 3021 1142 3092 familiaria
1190 3014 1353 3106 Achille,
1388 3016 1592 3092 Alexandro
1615 3019 1775 3111 legimus.
1833 3022 1887 3094 lta
1916 3035 1953 3095 et
1982 3020 2187 3094 Fridericus

145 3131 249 3192 erant
277 3117 474 3210 colloquia,
506 3121 551 3189 de
587 3118 761 3209 religione
788 3132 823 3191 et
859 3121 905 3192 de
941 3123 1143 3214 republica,
1191 3120 1347 3191 studiose
1375 3120 1545 3192 didicita
1575 3122 1789 3192 doctissimis
1817 3124 1904 3194 viris
1925 3120 2186 3211 Mellerstadio,

143 3220 251 3313 plena
276 3219 487 3310 prudentiae
512 3235 548 3295 et
568 3222 801 3308 eruditionis,
834 3234 870 3293 et
892 3226 1037 3296 condita
1058 3247 1142 3296 sua-
1192 3236 1226 3293 et
1240 3220 1415 3309 Pistorio,
1440 3224 1526 3295 artis
1548 3222 1706 3293 medicae
1726 3224 1863 3308 sontes,
1896 3247 2018 3296 causas
2037 3226 2185 3295 morbo-
2305 3304 2315 3312 ‚

143 3321 254 3395 vitate
273 3342 424 3393 summa.
1192 3347 1272 3394 rum
1282 3337 1316 3395 et
1330 3325 1499 3400 remedia.
1540 3321 1656 3395 Mults
1670 3326 1774 3394 etiam
1787 3325 2025 3421 experimenta
2035 3350 2055 3398 a
2066 3325 2185 3397 Masi-

247 3419 363 3496 Eraut
386 3423 482 3493 enim
506 3424 546 3498 in
571 3422 754 3498 Friderico
776 3449 857 3496 cum
880 3426 971 3497 aliae
992 3426 1142 3499 virtutes
1191 3425 1340 3496 miliano
1354 3439 1390 3496 et
1404 3425 1479 3496 eius
1500 3425 1644 3497 medicis
1657 3427 1801 3518 accepit.
1855 3425 1978 3523 ltaque
1992 3429 2186 3523 quotannis

144 3527 278 3599 multae
299 3549 341 3596 ac
362 3549 529 3618 magnae,
563 3527 754 3621 prudentia
777 3552 884 3622 quam
908 3529 1014 3599 etiarn
1030 3529 1142 3601 literis
1191 3529 1302 3599 multa
1319 3528 1476 3600 remedia
1500 3551 1563 3599 sua
1579 3551 1688 3598 manu
1705 3529 1916 3620 adparabat,
1942 3553 2093 3624 cumque
2111 3531 2185 3600 vir-

145 3643 181 3701 et
197 3628 386 3723 colloquiis
400 3628 601 3720 sapientum
620 3629 754 3710 alebat,
779 3629 937 3715 iusticia,
962 3654 1065 3702 amor
1079 3657 1140 3702 ve·
1192 3643 1300 3701 tutem
1324 3629 1484 3724 principe
1499 3629 1644 3720 digitum
1659 3651 1734 3699 esse
1757 3631 1861 3703 sciret
1875 3625 2063 3703 hominum
2079 3632 2185 3704 saluti

143 3731 279 3818 ritatis,
302 3731 390 3800 tides
404 3728 442 3799 in
459 3732 587 3823 pactis,
610 3731 859 3803 constantinia
876 3732 982 3805 bonis
997 3748 1140 3805 senten-
1190 3756 1294 3825 opem
1317 3733 1428 3814 lerre,
1457 3731 1612 3803 officiose
1633 3732 1742 3803 dabat
1761 3731 1916 3805 remedia
1943 3734 2127 3805 nobilibus
2149 3750 2185 3807 et

143 3833 224 3914 tiis,
253 3832 503 3920 beneficentia,
535 3849 612 3906 tum
628 3857 712 3905 vero
728 3834 834 3905 etiam
855 3834 1045 3925 singularis
1062 3859 1141 3906 mo·
1191 3835 1422 3924 ignobilibus.
1474 3833 1632 3905 Vulnera
1649 3847 1685 3905 et
1699 3833 1871 3906 labefacta
1887 3836 2045 3906 membra
2061 3836 2185 3925 singn-

144 3935 284 4007 deratio
305 3949 340 4006 et
361 3933 529 4024 comitas,
556 3936 699 4032 qualem
721 3936 760 4007 io
776 3932 877 4008 betto
900 3951 935 4010 et
954 3938 993 4009 io
1014 3936 1140 4031 Augu-
1191 3935 1258 4005 lari
1274 3936 1464 4009 faelicitate
1475 3936 1640 4021 cumbet,
1662 3959 1813 4030 quarum
1830 3935 2107 4009 meditationum
2126 3937 2185 4006 in-

142 4037 434 4131 depraedicant.
1190 4038 1304 4129 signis
1324 4038 1480 4130 exempla
1502 4036 1648 4108 recitare
1664 4058 1860 4129 possemus·

247 4139 301 4210 Ac
320 4151 362 4210 ut
386 4151 487 4209 vetus
508 4137 662 4230 scriptor
685 4138 804 4233 iuquit
826 4140 872 4209 de
891 4141 1024 4232 grstia,
1049 4167 1140 4237 quae
1292 4138 1485 4211 Postremis
1507 4164 1592 4210 vero
1612 4138 1735 4223 annis,
1765 4162 1847 4209 cum
1880 4160 2004 4210 rursus
2020 4132 2185 4230 Evange·

141 4240 301 4314 actiones
310 4233 484 4312 humanas
496 4263 620 4311 omnes
635 4240 763 4312 eximie
772 4253 892 4313 ornat:
912 4237 936 4337 ἡ
951 4236 1075 4315 πάντα
1090 4258 1139 4316 τα
1191 4242 1281 4313 Ιίυιιι
1298 4241 1515 4313 illucesceret
1532 4235 1588 4310 his
1605 4239 1830 4332 regionibus,
1856 4254 2029 4335 qnantum
2046 4255 2184 4333 tempo-

142 4335 373 4436 ἀνθρώπινα
392 4339 645 4434 ἐπικοσμοῦσα
662 4336 790 4440 χάρις,
824 4337 916 4415 hanc
929 4346 1138 4417 suavitatem
1190 4347 1240 4415 ris
1269 4343 1437 4415 suffurari
1464 4341 1618 4434 negociis
1648 4341 1917 4433 gubernationis
1948 4355 2103 4434 poterat,
2145 4343 2183 4411 id

142 4447 313 4518 omnibus
343 4445 572 4516 sermonibus
602 4457 710 4540 atque
742 4445 942 4517 actionibus
961 4447 1140 4536 miscebat,
1190 4445 1336 4516 lectioni
1358 4444 1562 4516 divinorum
1576 4443 1760 4541 ,librorum
1776 4456 1810 4513 et
1826 4442 1966 4535 piarum
1990 4443 2184 4513 enarratio·

143 4573 253 4644 quam
281 4547 388 4619 etiam
413 4546 567 4619 eruditio
589 4547 752 4638 augebat.
816 4545 1013 4619 Curaverat
1041 4552 1138 4621 enim
1190 4572 1278 4618 utam
1301 4545 1502 4634 tribuebat,
1532 4546 1663 4640 quibus
1687 4557 1722 4615 et
1736 4545 1879 4615 erudire
1899 4564 1936 4615 se
1956 4543 2184 4615 etadveram

142 4651 214 4723 sibi
229 4649 400 4744 perscribi
414 4651 593 4742 epitomen
616 4648 867 4734 historiarum,
892 4649 931 4720 in
946 4675 1017 4746 qua
1032 4652 1140 4723 series
1190 4647 1451 4720 invocationem
1466 4647 1612 4720 accendi
1624 4646 1844 4718 adfirmabat.
1892 4643 1948 4716 Ac
1961 4668 2064 4739 saepe
2078 4647 2117 4716 in
2130 4648 2184 4717 ia·

142 4767 221 4825 erat
236 4751 400 4825 omnium
423 4766 624 4846 temporum
646 4765 683 4823 et
697 4747 1005 4840 monarchiarum,
1031 4778 1139 4848 quam
1189 4750 1392 4822 miliaribus
1406 4748 1630 4821 sermonibus
1647 4747 1808 4818 tenebras
1824 4742 2002 4817 Ecclesiae
2017 4748 2185 4841 deplora·

143 4856 194 4928 ita
207 4855 245 4925 in
262 4867 451 4948 conspectu
468 4849 617 4941 habeat,
640 4867 681 4926 ut
704 4853 744 4923 in
764 4853 981 4942 gravissimis
1001 4857 1139 4927 delibe-
1189 4853 1272 4937 bat,
1293 4855 1453 4949 adempte
1476 4851 1598 4921 dextre
1620 4848 1837 4920 diiudicabat
1858 4849 2100 4919 doctrinarum
2123 4874 2184 4940 ga-

143 4956 362 5043 rationibus,
398 4979 503 5048 saepe
533 4957 618 5027 inde
642 4956 803 5047 exempla
832 4955 1005 5028 recitaret.
1066 4955 1139 5028 Nec
1190 4977 1297 5040 nera,
1328 4968 1370 5026 ιιι
1392 4955 1578 5046 adpareret
1599 4951 1794 5024 seriorum
1817 4949 2004 5020 intendere
2029 4964 2184 5023 mentem

142 5085 230 5133 raro
238 5060 389 5141 dicebat,
413 5080 534 5130 senon
551 5071 689 5130 tantum
704 5059 896 5149 voluptatis
909 5081 1013 5129 causa
1027 5055 1140 5132 bisto-
1190 5056 1229 5126 iu
1247 5050 1373 5126 harum
1387 5054 1621 5126 maximarum
1635 5075 1755 5123 rerum
1769 5050 2101 5126 considerationem.

141 5164 217 5234 rias
231 5163 367 5254 legere,
390 5161 453 5232 sed
468 5182 607 5232 sumere
620 5160 706 5231 inde
719 5161 765 5230 de
781 5159 905 5231 multis
918 5162 1026 5233 rebus
1040 5186 1140 5233 com·
1291 5154 1454 5252 Cumque
1475 5168 1603 5228 natura
1625 5152 1741 5245 gravis
1765 5165 1802 5223 et
1831 5153 2063 5248 pauciloquus
2085 5167 2187 5239 esset,

141 5263 440 5349 muelactioues,
462 5276 498 5333 et
511 5262 751 5352 cognitionem
768 5285 890 5332 earum
905 5264 1138 5334 necessariam
1188 5273 1226 5330 et
1240 5282 1365 5351 parurn
1381 5259 1413 5328 ei
1429 5259 1634 5328 concederet
1649 5254 1753 5324 vacui
1769 5254 1938 5346 temporis
1956 5254 2097 5346 respub.
2120 5280 2186 5325 ne-

141 5390 238 5453 esse,
262 5390 338 5436 non
353 5365 468 5436 solum
483 5364 797 5454 gubernatoribus,
820 5367 884 5437 sed
903 5363 1009 5438 etism
1024 5379 1139 5440 caete·
1189 5385 1366 5456 quaquam
1381 5360 1624 5431 delectabatur
1638 5354 1789 5427 curiosis
1803 5367 1838 5426 et
1852 5355 2043 5428 inutilibus
2059 5357 2186 5448 dispo-

142 5465 419 5545 riahotuiuibus
430 5465 611 5545 omuibus.
1187 5463 1402 5548 ustionibus,
1423 5461 1461 5532 iu
1476 5460 1608 5558 quibus
1622 5457 1766 5531 videbat
1779 5456 1911 5530 multos
1924 5457 2112 5529 ambitiose
2124 5459 2185 5530 iu·
