4664 6022
140 314 219 397 965
616 302 781 406 DECL.
810 301 887 381 ΒΕ
919 293 1255 383 ratnafflco
1289 292 1445 373 nucu
1478 292 1602 376 SAX.
1633 293 1718 381 EI«.
2119 308 2195 389 966

131 511 223 578 Ιιιιιιι
239 485 348 557 simili
365 484 554 579 preconio,
578 496 619 555 ιιι
633 474 870 555 Telemachus
887 476 1072 554 aNestore
1088 478 1147 551 di·
1196 471 1349 567 probare
1374 494 1514 545 necesse
1537 484 1599 548 est.
1658 470 1822 573 Suntque
1843 477 1973 572 passim
1987 482 2092 557 multi
2106 483 2195 557 bani

139 589 300 661 mittitur
311 615 320 659 :
1197 590 1230 648 et
1249 572 1345 646 docti
1361 574 1448 659 viri,
1474 573 1535 669 qui
1558 575 1731 661 latentur,
1759 602 1795 649 se
1814 595 1905 655 artes
1920 583 2013 655 vitae
2030 585 2136 657 utiles
2154 587 2194 659 in

297 694 368 762 Non
382 717 491 782 expers
504 697 623 760 virtutis
638 697 695 757 eris
710 695 860 757 minime
875 695 930 762 fili.
1197 672 1265 749 boc
1287 677 1510 749 literatorum
1533 692 1710 751 conventu
1733 682 1916 767 didicisse,
1949 687 2012 757 alii
2029 683 2194 760 Philoso-

246 793 319 867 sea
333 794 492 887 optimus
506 817 612 865 senex
635 802 718 862 ante
733 789 889 862 reditum
903 782 1145 877 ducisuFride-
1195 775 1338 873 pbiam,
1363 779 1425 849 alii
1444 776 1537 850 luris
1557 781 1776 870 doctrinam,
1801 784 1862 855 alii
1879 800 1991 860 artem
2007 792 2191 866 medicam.

143 898 211 970 rici
231 922 272 967 ex
298 891 365 968 hac
386 896 459 967 vita
478 895 639 968 decessit.
689 889 759 962 Hic
774 891 964 981 inserenda
980 900 1070 959 esset
1087 879 1146 954 hi·
1196 881 1250 953 De
1270 878 1450 953 Ecclesiae
1481 883 1643 956 doctrina
1665 900 1785 979 postea
1816 890 1944 964 dicam.
2003 889 2093 963 Nam
2113 908 2194 987 post

144 1000 253 1073 storia
272 997 569 1092 peregrinationis
592 994 754 1085 longior,
787 1017 893 1088 quam
911 988 1108 1063 honorilice
1123 1011 1144 1058 a
1196 984 1339 1056 exordia
1355 978 1496 1056 scholae
1509 985 1644 1057 bellum
1659 986 1836 1061 Venetum
1853 1006 2010 1066 secutum
2027 1008 2094 1081 est,
2120 1022 2192 1093 qno

143 1116 271 1175 senatu
295 1099 430 1173 Veneto
455 1098 658 1171 Fridericus
679 1110 843 1188 exceptus
863 1095 929 1181 sit,
955 1115 1046 1188 quae
1064 1090 1144 1163 iuc-
1196 1101 1354 1178 tempore
1378 1110 1491 1158 annos
1515 1086 1654 1184 aliquot
1675 1115 1694 1159 a
1719 1092 1831 1181 patria
1847 1091 2052 1167 Fridericus
2067 1100 2194 1185 abfuit,

142 1206 220 1276 rint
245 1203 336 1274 vitae
359 1202 530 1297 pericula.
586 1198 679 1270 Nam
702 1199 773 1268 dux
791 1194 963 1268 Bavariae
980 1188 1144 1267 Christo·
1195 1214 1275 1261 cum
1293 1201 1427 1281 partem
1444 1189 1626 1283 copiarum
1645 1192 1685 1263 in
1697 1193 1855 1267 exercitu
1870 1194 2108 1269 Maximiliani
2124 1202 2194 1271 dn-

142 1302 281 1401 pborus
304 1306 342 1374 in
367 1331 409 1376 eo
431 1305 559 1376 itinere
591 1300 719 1373 morbo
746 1300 922 1372 extinctus
943 1311 1004 1371 est.
1072 1295 1145 1371 Sed
1194 1303 1299 1363 cerea
1350 1288 1437 1364 Fuit
1453 1317 1492 1364 ea
1517 1292 1644 1365 militia
1662 1297 1766 1388 plena
1787 1298 1950 1369 laborum
1966 1312 2001 1370 et
2015 1302 2193 1393 periculo-

144 1412 191 1481 ad
209 1408 279 1481 alia
298 1430 467 1502 propero.
1196 1418 1295 1478 r11m,
1319 1418 1394 1464 non
1411 1394 1576 1465 salumin
1594 1400 1733 1484 castris,
1760 1400 1942 1471 sedetiam
1961 1400 1998 1469 in
2015 1402 2193 1475 delibera-

247 1508 381 1580 Verum
403 1504 490 1579 baec
514 1503 699 1597 diligentia
719 1502 890 1594 singulari
915 1500 1143 1591 laudedIgna
1197 1497 1371 1581 tionibus,
1403 1496 1612 1591 inquibus,
1645 1516 1684 1574 ιιι
1707 1515 1790 1572 sunt
1807 1503 1844 1571 in
1864 1504 1954 1574 aulis
1971 1504 2141 1577 sactiones
2158 1521 2192 1580 et

145 1629 214 1698 est,
240 1614 338 1705 quod
353 1636 427 1682 nou
443 1609 512 1683 sibi
538 1624 678 1682 tantum
696 1606 794 1677 illam
820 1606 975 1698 regionis
995 1619 1031 1676 et
1047 1606 1146 1675 loco.
1195 1597 1407 1685 certamina,
1433 1600 1599 1671 malevoli
1615 1603 1722 1673 variis
1740 1604 1855 1676 modis
1872 1607 1904 1674 ci
1922 1606 2081 1680 insidiati
2098 1627 2193 1686 sunt.

144 1740 226 1789 rum
249 1713 522 1806 inspectionem,
555 1711 616 1784 scd
640 1708 786 1782 caeteris
806 1710 915 1780 etiam
938 1711 977 1779 in
994 1709 1145 1779 lectione
1194 1700 1360 1790 Legimus
1382 1699 1450 1794 ipsi
1474 1728 1581 1774 nvanu
1601 1700 1776 1779 friderici
1808 1721 1976 1781 annotata
2001 1710 2113 1803 capita
2135 1736 2193 1783 re-

145 1814 316 1888 bistoriae
333 1819 498 1909 prodesse
510 1813 645 1895 voluit,
678 1810 837 1881 Tabulas
853 1813 1030 1901 eleganter
1045 1808 1143 1901 pingi
1169 1856 1173 1923 Ι
1196 1802 1450 1895 sponsionum,
1475 1804 1659 1900 inquibus
1681 1809 1858 1882 refutabat
1874 1811 2069 1883 calumnias
2085 1837 2193 1885 vene-

145 1931 300 2007 curavit,
325 1919 365 1989 in
380 1919 512 2013 quibus
530 1917 593 1987 illa
608 1928 767 1986 veterum
779 1914 993 2005 oppidorum
1006 1906 1146 2007 ipsium
1170 1930 1173 1941 ·
1197 1921 1315 1993 natas,
1339 1905 1470 2001 quibus
1485 1904 1725 1982 Maximiliani
1744 1913 1903 1983 animum
1921 1914 2088 1987 adversus
2111 1941 2193 1989 eom

146 2023 336 2097 distrilmta
368 2033 469 2107 sunt,
510 2033 545 2092 ιι
572 2019 715 2091 additae
744 2016 994 2108 inscriptiones
1026 2038 1145 2086 rerum
1199 2008 1387 2080 incendere
1416 2010 1562 2104 qnidam
1587 2014 1703 2085 eonati
1731 2012 1883 2088 fuerant,
1945 2014 1985 2087 ln
2008 2012 2065 2087 his
2086 2019 2194 2093 qamt,

145 2148 375 2215 magnarum,
422 2147 512 2218 quae
544 2122 582 2191 in
615 2118 764 2210 singolis
799 2118 886 2188 locis
919 2132 1016 2187 actae
1049 2131 1145 2192 scint.
1198 2109 1364 2201 periculis
1387 2136 1466 2181 cnm
1488 2115 1532 2183 de
1555 2114 1661 2185 rebus
1688 2117 1848 2189 maximis
1873 2116 2064 2190 instillatae
2079 2137 2195 2195 essent

147 2228 246 2299 Hm
259 2227 328 2296 fuit
349 2225 433 2295 olim
455 2224 655 2316 ,aptemum
674 2222 914 2306 consuetudo,
936 2244 978 2290 ex
992 2218 1148 2311 peregri.
1197 2210 1447 2284 Maximiliano
1473 2216 1736 2288 crudelissimae
1765 2219 2003 2313 suspiciones,
2036 2226 2195 2314 pruden-

148 2327 357 2401 nationibns
374 2327 532 2409 adferre,
557 2349 633 2395 non
648 2325 797 2413 figuram
813 2347 942 2417 novam
958 2322 1061 2414 pilei,
1085 2335 1147 2392 aut
1199 2313 1284 2386 tiam
1314 2314 1426 2408 ipsius
1455 2332 1491 2388 et
1518 2316 1756 2411 integritatem
1788 2345 1828 2393 ac
1855 2323 2133 2395 moderationem
2160 2341 2195 2398 et

149 2432 294 2513 cristae,
328 2430 390 2498 sed
418 2429 604 2517 regionum
632 2427 810 2518 picturas,
841 2437 877 2494 et
904 2437 1148 2509 monumenta,
1197 2414 1466 2489 Maximilianus
1504 2418 1579 2512 ipsc
1620 2437 1656 2493 et
1694 2424 1821 2495 caeteri
1856 2424 2001 2495 detectis
2037 2426 2196 2515 insidiis,
2309 2470 2320 2483 -

149 2536 195 2603 ad
212 2529 450 2619 cognitionem
467 2526 696 2599 historiarum
710 2527 914 2617 profutura,
940 2541 976 2600 et
988 2527 1146 2598 remedia
1197 2543 1410 2613 magnopere
1446 2523 1699 2614 probaverunt.
1763 2522 1842 2599 Etsi
1876 2540 1993 2599 autem
2019 2530 2196 2603 sauciatus

149 2635 371 2701 morborum.
421 2628 522 2701 Talia
536 2631 646 2701 multa
665 2627 869 2701 Fridericus
882 2654 923 2699 ex
935 2628 1146 2710 Palaestina,
1198 2637 1274 2693 erat
1294 2620 1537 2693 Maxiiniliani
1567 2625 1727 2709 animus,
1762 2619 1880 2698 tamen
1903 2654 1978 2700 non
2000 2643 2071 2701 tarn
2096 2632 2196 2729 rudis

148 2732 287 2825 Cypro,
319 2728 472 2815 Rhodo,
506 2728 696 2817 Methone,
724 2727 901 2824 Corcyra,
935 2745 1033 2804 etex
1059 2732 1148 2811 urbe
1199 2726 1490 2796 eratcomvnunis
1514 2726 1626 2815 vitae,
1653 2746 1691 2801 ut
1709 2728 1887 2821 ignoraret
1906 2745 2018 2823 pestes
2035 2758 2196 2807 eommu-

153 2831 288 2904 l'eneta
305 2834 435 2905 attulit.
1198 2850 1262 2895 nes
1285 2850 1358 2899 esse
1381 2827 1535 2898 inomni
1558 2832 1836 2919 gubernatione,
1871 2834 2045 2903 invidiam
2073 2852 2107 2909 et
2137 2863 2196 2908 ca·

251 2931 336 3006 Post
357 2935 510 3005 reditum
529 2947 647 3005 secuta
665 2950 751 3006 scrut
766 2933 806 3003 in
827 2933 1022 3005 Germania
1041 2935 1148 3020 bella,
1198 2928 1374 3015 lemnias,
1392 2928 1436 3001 ἰι
1451 2931 1587 3001 viderat
1602 2932 1676 3025 ipse
1692 2936 1804 3007 multa
1820 2936 1996 3028 exempla,
2023 2953 2058 3011 et
2071 2939 2197 3010 audie·

147 3033 374 3106 Helveticum
396 3051 431 3107 et
448 3032 679 3121 Bavaricum,
711 3036 752 3105 in
781 3036 913 3130 quibus
937 3060 1010 3105 ιιοιι
1034 3036 1148 3109 defuit
1198 3043 1253 3100 rat
1266 3044 1391 3103 vetera.
1444 3030 2194 3133 PalamcdemartiliciisUlyssisoppressum

151 3140 226 3228 ipse
249 3137 392 3230 quidem
415 3135 676 3208 blaximiliano.
732 3134 803 3209 Sed
828 3152 948 3210 tamen
966 3136 1148 3208 belloBa-
1198 3155 1293 3216 esse,
1325 3126 1604 3206 Themistoclem
1634 3138 1769 3228 optime
1791 3140 1956 3209 meritum
1980 3165 2000 3211 a
2027 3142 2197 3222 Leobote.

151 3238 268 3310 vap-ico
293 3252 437 3331 propter
463 3239 655 3311 electorum
678 3237 968 3310 coniunctionem
991 3239 1147 3332 pluscu.
1199 3232 1347 3323 Legeral
1361 3234 1466 3304 ellam
1482 3236 1615 3306 (licium
1633 3237 1852 3311 Salomonis:
1882 3238 2070 3315 calumnia
2089 3245 2198 3317 ellam

150 3366 211 3412 rac
228 3355 264 3413 ct
288 3341 450 3412 laborum
473 3340 644 3413 sustinuit
668 3341 707 3409 in
725 3340 890 3413 lenienda
909 3340 1150 3411 Maximiliaui
1199 3336 1376 3429 sapientes
1399 3338 1537 3422 turbat,
1563 3352 1599 3411 et
1616 3339 1750 3430 frangit
1768 3343 1880 3413 robur
1902 3343 2032 3420 cordis.
2071 3341 2137 3419 ,Et
2156 3361 2199 3419 ut

151 3447 224 3527 ira,
255 3458 289 3512 et
310 3468 353 3513 eo
376 3456 556 3537 utcunque
579 3444 736 3536 placato,
766 3442 895 3515 unicus
917 3443 1150 3514 inconvento
1199 3452 1274 3509 erat
1305 3438 1435 3519 iustus,
1479 3464 1616 3513 mentor
1643 3457 1719 3513 erat
1745 3444 1848 3530 dicti,
1888 3440 2027 3539 ὁμοίως
2049 3443 2197 3547 ἀμφοῖν

149 3547 359 3618 Coloniensi
381 3567 487 3617 ausus
507 3557 557 3616 est
578 3542 784 3616 Palatinum
796 3547 842 3616 ad
860 3544 1149 3617 Maximilianum
1200 3532 1425 3635 depraeder.
1496 3536 1544 3615 Et
1566 3544 1726 3616 audierat
1770 3542 2013 3618 Alexandrum
2049 3550 2197 3621 alteram

152 3652 346 3728 adducere,
379 3663 418 3718 nt
451 3646 600 3739 supplex
628 3670 749 3740 pacem
775 3661 928 3739 peteret,
958 3672 1027 3741 qua
1050 3649 1090 3717 in
1111 3670 1150 3718 rc
1199 3667 1321 3712 aurem
1340 3644 1541 3731 obstruere,
1567 3670 1647 3717 cum
1666 3646 1840 3741 quispiam
1866 3650 1992 3720 absens
2007 3654 2197 3725 accusaba-

153 3745 323 3821 nonnihil
351 3750 542 3819 offendisse
569 3749 793 3842 imperatoris
817 3750 978 3820 animum
1008 3749 1150 3820 diceba·
1200 3760 1269 3817 tur.
1328 3742 1450 3837 Quare
1474 3745 1664 3838 diligenter
1692 3748 1879 3845 inquisivit
1912 3752 2049 3845 negocii
2071 3753 2198 3842 fontes,

153 3869 231 3938 tur,
262 3853 358 3947 quod
378 3846 472 3923 hosti
488 3850 598 3942 ipsius
620 3874 694 3921 non
709 3848 952 3923 vehementius
977 3850 1080 3923 irasci
1096 3852 1151 3922 vi·
1200 3862 1234 3919 et
1256 3846 1396 3939 cognita
1418 3848 1571 3922 'vanitate
1587 3850 1866 3933 calumniarum,
1891 3854 2025 3927 maiore
2039 3856 2197 3937 benevo-

152 3980 212 4026 sus
228 3968 339 4039 esset,
371 3952 442 4025 Sed
459 3954 528 4024 suit
542 3947 902 4027 honestissimacausa
918 3954 1057 4026 consilii
1070 3953 1151 4026 Fri·
1200 3949 1309 4022 lcntia
1326 3949 1549 4023 fridericum
1569 3955 1771 4051 complexus
1786 3969 1846 4027 est.
1907 4036 1911 4041 ,

151 4057 274 4129 dcrici.
323 4053 528 4145 Cogitabat,
561 4056 718 4149 quaesit
741 4058 933 4129 electomm
957 4057 1151 4130 necessitu—
1302 4047 1394 4125 Crem
1416 4067 1533 4125 aulem
1554 4057 1701 4127 domum
1717 4081 1878 4149 reversus
1895 4071 2004 4144 essct,
2033 4059 2196 4157 canonici

153 4163 221 4241 do,
254 4181 319 4227 nec
341 4158 456 4229 voluit
477 4157 616 4249 penitus
634 4158 819 4229 dilacerari
840 4159 938 4229 illam
955 4158 1152 4231 vetustissi-
1201 4152 1411 4245 Mogontiaci
1426 4152 1614 4227 ltrsorutae
1637 4182 1782 4249 magnos
1798 4160 1970 4233 tumultus
1987 4162 2197 4248 excitarunt,
2281 4236 2284 4241 ,

153 4287 248 4333 mam
266 4261 426 4331 electoris
440 4259 631 4345 ditionem,
655 4273 690 4332 et
703 4261 875 4331 familiam
891 4261 1150 4332 nobilissimam
1201 4258 1264 4355 qui
1293 4256 1363 4327 nisi
1392 4258 1582 4350 prudentia
1613 4273 1648 4333 et
1675 4260 1917 4333 moderatione
1942 4258 2119 4335 Friderici
2141 4289 2199 4336 re-

152 4364 277 4438 deleri.
320 4362 461 4435 Deinde
474 4357 543 4433 boc
558 4360 714 4433 officium
729 4364 870 4453 tegendi
886 4363 990 4432 amici
1007 4364 1054 4435 ita
1072 4388 1151 4433 mo·
1202 4359 1312 4455 pressi
1344 4373 1477 4447 essent,
1518 4360 1642 4453 ingens
1670 4362 1805 4433 bellum
1836 4364 1875 4435 in
1903 4360 1959 4435 his
1989 4366 2197 4455 regionibus

152 4471 296 4537 deratns
318 4479 385 4550 cst,
419 4488 464 4534 ιιι
489 4467 534 4535 de
557 4464 696 4535 domini
721 4464 911 4537 autoritate
933 4464 1069 4559 aliquid
1088 4467 1152 4535 de-
1201 4459 1394 4535 cxarsisset
1446 4459 1537 4535 Cum
1553 4477 1641 4535 esset
1654 4488 1775 4536 amans
1798 4465 1974 4552 iusticiae,
1992 4468 2198 4554 modestiae,

154 4581 375 4661 carperetur,
407 4565 603 4659 supplicem
637 4589 712 4637 esse
741 4567 867 4637 voluit.
936 4562 1001 4639 Est
1032 4579 1150 4638 autem
1201 4580 1236 4636 et
1251 4565 1415 4655 publicae
1435 4564 1473 4633 in
1497 4562 1690 4637 Germania
1705 4568 1990 4660 tranquillitatis,
2015 4570 2197 4641 neminem

154 4670 377 4742 vetusillnd:
403 4667 626 4740 Parcendum
641 4693 715 4739 csse
728 4668 896 4763 supplici:
1203 4668 1365 4739 irritabat
1384 4666 1477 4757 ipse,
1509 4681 1545 4739 et
1569 4667 1717 4741 iniurias
1741 4670 1870 4740 inultas
1900 4670 2046 4745 serebat.
2104 4668 2197 4743 Cum

227 4778 300 4843 Non
315 4779 474 4841 violandus
488 4781 544 4841 erit
558 4782 709 4861 supplex,
733 4800 815 4842 sacer
833 4801 897 4841 essa
914 4792 1049 4861 putetur.
1203 4793 1287 4841 veto
1299 4767 1360 4839 alii
1377 4766 1410 4839 ei
1425 4769 1701 4857 minitabantur,
1727 4794 1766 4841 ea
1778 4784 1852 4843 erat
1868 4770 2039 4865 sapientia
2057 4787 2092 4843 el
2110 4797 2197 4844 con-

258 4872 349 4946 Cum
373 4888 489 4945 autem
510 4874 581 4943 iam
602 4897 730 4943 ornare
745 4874 894 4966 patriam
910 4874 1079 4946 aediliciis
1094 4898 1153 4945 ce-
1202 4871 1355 4957 stantia,
1386 4883 1425 4940 ut
1447 4894 1567 4944 caecos
1588 4872 1734 4943 illorum
1759 4872 1910 4965 impetus
1930 4872 2100 4967 paulatim
2122 4888 2198 4948 arte

155 4980 283 5073 pissct,
317 4975 491 5071 sciretque
517 5000 599 5046 vera
624 4989 659 5046 et
683 4976 817 5047 maiora
836 4977 1037 5047 communis
1061 4976 1154 5047 vitae
1202 4974 1398 5065 frangeret,
1432 4996 1494 5065 spe
1525 4974 1615 5045 illud
1649 4976 1765 5067 ipsum
1798 4990 1897 5048 vetus
1931 4976 2067 5050 dictum
2092 5001 2198 5048 visur-

156 5090 364 5152 ornameuta
379 5101 453 5148 esse
467 5078 650 5149 literarum
663 5092 698 5151 et
713 5078 842 5149 artium
853 5078 1155 5172 propagationem,
1202 5100 1309 5167 parts:
1337 5074 1474 5149 Multos
1488 5100 1636 5168 magam
1659 5077 1803 5148 morbos
1826 5076 1946 5173 quiete
1967 5092 2001 5150 et
2014 5078 2199 5151 abstinen-

157 5186 269 5273 leges,
292 5196 326 5251 et
348 5179 590 5270 disciplinam:
623 5177 795 5251 Doctores
808 5181 970 5250 omnium
986 5176 1152 5253 honesta·
1203 5179 1255 5251 tia
1268 5178 1398 5255 curari.

157 5310 238 5357 rum
261 5283 398 5356 artium·
423 5306 465 5352 ex
488 5282 569 5355 aliis
599 5276 802 5353 Academiis
825 5280 864 5351 in
887 5278 955 5351 boc
978 5282 1155 5375 oppidum
1306 5278 1384 5353 Sed·
1396 5280 1500 5351 venio
1516 5282 1560 5351 ad
1577 5304 1719 5353 causam
1735 5277 1924 5357 Ecclesiae.
1975 5277 2068 5353 Cum
2083 5294 2200 5356 motae

156 5386 363 5472 accersivit,
394 5398 428 5456 et
449 5379 534 5454 baec
554 5399 675 5455 nostra
697 5383 843 5474 collegia
862 5384 1002 5456 usitatis
1018 5385 1155 5477 legibus
1204 5397 1318 5457 esseut
1338 5383 1598 5455 controversiae
1624 5386 1669 5456 de
1689 5383 1870 5471 doctrina,
1905 5380 2060 5474 primum
2080 5380 2201 5457 Maxi-

158 5488 334 5579 instituit,
365 5510 434 5581 qua
460 5486 498 5555 io
523 5509 559 5557 re
581 5486 771 5558 comilium
789 5502 824 5560 et
842 5488 1061 5560 voluntatens
1079 5487 1156 5559 eius
1204 5486 1392 5569 militenus,
1418 5484 1548 5559 deinde
1560 5478 1729 5574 Carolus,
1744 5478 1903 5587 Romani
1916 5484 2100 5585 pontifices
2114 5512 2202 5561 con·

1512 5584 1599 5661 61*
