4664 6022
235 303 314 379 933
659 285 823 364 unet.
857 280 1174 361 DELEGUM
1206 279 1506 359 FONTlBUS
1538 281 1613 357 ET
1645 283 1870 364 causta
2217 286 2286 365 sat

239 473 390 573 quirites
412 466 643 565 perspicietis.
689 459 745 547 Ac
767 475 808 533 ut
830 485 887 532 ars
910 458 1047 529 medica
1071 481 1147 528 non
1165 457 1239 528 dis·
1261 478 1266 554 1
1289 456 1381 528 siliis
1401 459 1602 529 accendunt
1620 461 1675 531 vel
1700 484 1843 545 errore,
1870 462 1927 532 vel
1944 463 2188 535 assentatione
2205 462 2288 533 ciri-

240 578 349 652 sentit
372 601 392 648 a
415 575 561 669 pietate,
594 569 656 640 sed
681 566 800 660 potius
821 563 1007 655 multiplex
1034 585 1238 632 commone·
1262 559 1265 595 ¹
1290 561 1340 631 les
1353 560 1548 631 discordias
1565 577 1599 634 et
1619 564 1722 633 bella.
1777 565 1900 660 ltaque
1918 581 2065 660 propter
2080 567 2286 637 mandatum

240 681 347 755 factio
368 693 421 752 est
444 679 489 748 de
513 673 601 750 Deo.
651 669 759 741 Videt
782 667 876 738 enim
902 664 1060 736 medicus
1074 677 1239 736 naturam
1262 670 1265 743 j
1290 678 1326 734 ct
1342 664 1431 733 iram
1447 664 1514 736 Dei
1529 667 1573 735 ad
1591 681 1685 738 recte
1701 668 1861 739 discendi
1876 693 1996 740 curam
2010 694 2074 741 vos
2090 670 2288 742 exuscitate.

241 783 424 857 conditam
438 802 576 851 summa
588 788 901 868 arte-nequaquam
916 768 1071 839 extitisse
1086 792 1181 853 casu,
1206 782 1241 838 et
1263 812 1267 911 p
1290 761 1391 837 Nihil
1407 768 1505 838 enim
1521 769 1657 840 tristius
1673 771 1819 860 cogitari
1837 785 1965 864 potest,
1990 798 2095 866 quam
2113 775 2288 864 guberna·

242 887 335 958 velle
356 883 491 964 Deum,
523 894 563 952 ut
585 874 694 950 huius
714 876 802 948 artis
824 898 891 966 ope
911 872 1017 943 multi
1041 885 1239 952 serventur,
1263 920 1267 1015 p
1290 885 1402 961 torem
1428 871 1660 943 consiliorum
1687 874 1845 964 neglecta
1873 889 1935 945 aut
1959 879 2154 968 depravata
2178 877 2286 966 legum

241 992 294 1065 sic
310 1009 533 1083 nequequam
549 980 750 1055 dissentita
767 978 897 1073 pictate
915 977 1032 1065 legum
1055 975 1240 1067 sapientia,
1263 1024 1267 1077 3
1290 997 1377 1043 voce
1401 972 1479 1043 heri
1503 975 1656 1044 similem
1680 977 1813 1063 furiae,
1838 1002 1930 1071 quae
1946 978 2126 1050 infinitam
2142 978 2287 1072 dissipa-

241 1094 304 1166 sed
328 1090 447 1185 potius
472 1089 610 1158 illustre
634 1082 878 1156 testimonium
900 1092 1003 1150 cst'et
1019 1078 1094 1170 ipsa
1118 1078 1239 1169 provi·
1263 1084 1267 1161 1
1291 1077 1426 1148 tionem
1453 1089 1489 1146 et
1512 1083 1746 1149 vastationem
1770 1081 1808 1150 in
1832 1104 1960 1171 genere
1985 1078 2148 1153 humano
2178 1083 2287 1168 efficit,

241 1197 384 1270 dentiae
397 1191 554 1263 dirime.
586 1187 678 1261 Nam
695 1186 855 1256 miranda
872 1181 1086 1253 consociatio
1101 1180 1240 1271 generis

241 1296 395 1371 humani
410 1308 447 1366 et
459 1296 549 1366 ordo
565 1291 817 1384 imperiorum,
843 1300 878 1358 et
900 1285 1038 1356 ordinis
1053 1307 1241 1353 conserva-

242 1403 318 1487 tio,
340 1413 376 1472 et
390 1422 526 1492 poenae
541 1394 714 1467 atrocium
731 1393 902 1462 scelerum
919 1389 1104 1458 manifeste
1120 1404 1240 1458 osten-

241 1507 335 1577 dunt
349 1500 467 1573 Deum
492 1515 527 1572 et
547 1513 708 1571 autorem
736 1510 771 1565 et
789 1496 968 1564 custodem
993 1515 1067 1560 esse
1089 1505 1124 1559 et
1145 1491 1240 1560 iudi-

240 1632 318 1679 cem
339 1605 480 1698 genesis
501 1599 662 1675 humani.
713 1595 860 1669 Etcum
884 1594 1053 1666 iustitiam
1072 1594 1241 1664 discimus

240 1711 493 1806 aequalitatem
514 1729 607 1792 esse,
634 1719 668 1774 et
689 1699 781 1773 hanc
804 1699 1052 1793 aequalitatem
1075 1697 1163 1766 mira
1182 1720 1240 1766 so·

240 1814 345 1885 lertia
364 1810 640 1901 investigamus,
663 1828 768 1897 saepe
789 1799 878 1873 mibi
902 1802 940 1870 in
958 1813 1112 1870 mentem
1132 1800 1241 1883 venit,

239 1917 357 1991 Deum
384 1938 528 2008 quoque
558 1935 639 1983 cum
664 1910 711 1980 sit
737 1906 968 1990 iustissimus,
1006 1899 1103 1975 haud
1131 1903 1240 1973 dubie

240 2019 425 2114 aequalem
452 2040 526 2087 esse
550 2014 627 2083 sine
652 2010 853 2102 acceptione
884 2032 1071 2100 personae,
1105 2020 1139 2076 et
1164 2006 1240 2075 sine

241 2120 443 2218 tyrannide.
485 2112 668 2189 Omnibus
684 2114 793 2205 igitur
806 2113 911 2183 offert
926 2110 1088 2194 salutem,
1114 2123 1149 2180 et
1164 2111 1243 2179 vult

241 2225 398 2317 recipere
413 2237 447 2293 et
462 2243 615 2301 servare,
630 2221 726 2312 quod
741 2217 785 2286 ad
802 2215 913 2308 ipsius
923 2214 1142 2284 voluntatem
1158 2213 1241 2283 atti-

240 2341 315 2402 net.
362 2323 481 2414 Quam
498 2323 662 2393 mirando
678 2318 829 2391 consilio
846 2318 1054 2410 temperavit
1072 2307 1168 2387 Deus
1183 2315 1241 2385 iu·

240 2430 374 2503 stitiam
390 2442 425 2498 et
439 2422 745 2497 misericordiam?
767 2421 963 2491 lmmensae
977 2417 1241 2488 misericordiae

241 2533 406 2628 estquod
430 2529 558 2624 recipit
579 2550 691 2617 genus
711 2520 929 2608 humanum,
952 2537 986 2594 ct
1002 2536 1121 2594 tamen
1137 2521 1241 2591 iusti-

240 2638 312 2710 tiae
326 2632 396 2705 Dei
412 2634 579 2705 immotae
596 2645 683 2712 erat,
710 2643 751 2699 ut
765 2629 820 2697 lex
836 2628 950 2698 fieret:
978 2624 1052 2696 Nec
1068 2651 1109 2695 ex
1126 2624 1241 2695 futili-

239 2754 312 2813 tate
327 2736 514 2808 remissnm
529 2748 582 2806 est
598 2744 790 2826 peccatum.
842 2728 1087 2801 Constitutum
1106 2741 1158 2799 est
1174 2728 1240 2818 igi-

241 2857 313 2929 tur,
324 2855 366 2912 ut
382 2863 497 2933 poena
510 2838 551 2908 in
565 2836 679 2907 filium
696 2834 929 2918 derivaretur,
954 2834 1039 2925 quia
1055 2831 1240 2901 universa-

239 2947 323 3018 liter
338 2945 394 3013 les
410 2943 467 3012 vel
482 2943 526 3010 ad
545 2937 805 3020 obedientiam,
832 2934 888 3003 vel
910 2936 955 3005 ad
976 2958 1127 3026 poenam
1147 2932 1241 3003 obli-

241 3060 313 3140 μί.
358 3042 429 3116 llic
444 3043 557 3113 mede
571 3040 723 3111 consilio
740 3053 776 3110 et
790 3037 923 3109 iustitia
940 3052 1080 3108 aeterna
1094 3033 1162 3106 Dei
1176 3039 1241 3105 ad·

240 3161 364 3223 monet
387 3145 473 3218 haec
493 3145 640 3238 politica
659 3142 791 3214 iustitia
813 3141 856 3210 in'
875 3142 1013 3232 legibus
1033 3140 1163 3210 nostris
1177 3140 1241 3208 de-

240 3253 381 3346 scripta·
432 3250 545 3342 Saepe
569 3272 652 3318 cunr
673 3246 865 3316 discrimen
891 3245 1006 3336 cogito
1030 3244 1124 3314 inter
1141 3243 1240 3333 vigo·

1291 1193 1325 1250 et
1356 1173 1524 1250 horribili
1553 1183 1707 1252 amentia
1740 1184 1813 1254 ruit
1840 1185 1879 1253 in
1911 1198 2076 1256 aeternos
2102 1186 2285 1258 cruciatus.

1292 1280 1416 1375 Neque
1433 1307 1511 1352 rara
1537 1298 1623 1355 sunt
1644 1287 1802 1378 exempla
1827 1287 1954 1357 talium
1977 1289 2172 1361 furiarum.
2224 1287 2285 1361 Sed

1290 1381 1407 1455 Deum
1430 1400 1614 1458 aeternnm
1633 1402 1769 1480 patrem
1784 1388 1933 1460 Domini
1952 1392 2067 1462 nostri
2088 1388 2172 1463 lesu
2187 1387 2286 1463 Chri-

1292 1489 1337 1558 sti
1358 1489 1491 1560 iontem
1517 1491 1710 1581 sapientiae
1730 1506 1764 1562 et
1786 1494 1943 1563 iustitiae
1966 1494 2182 1566 ardentibus
2205 1496 2285 1566 votis

1292 1616 1451 1678 oremus,
1477 1608 1517 1663 ut
1542 1594 1617 1685 ipse
1640 1609 1776 1666 urentes
1796 1611 1956 1682 nostras,
1978 1597 2119 1682 studia,
2146 1599 2280 1669 consilia

1292 1709 1327 1765 ct
1343 1694 1500 1766 actiones
1516 1711 1656 1766 nostras
1681 1712 1800 1789 regat,
1824 1713 1865 1770 ut
1891 1715 2022 1771 ornent
2046 1701 2200 1791 gloriam
2212 1699 2279 1783 Dei,

1292 1814 1326 1867 et
1343 1799 1482 1889 prosint
1495 1801 1619 1881 nobis,
1646 1815 1681 1871 et
1696 1803 1763 1873 toti
1780 1802 1902 1892 generi
1924 1798 2106 1889 humano,
2136 1817 2175 1876 et
2189 1805 2282 1875 iaciat

1292 1923 1358 1970 nos
1388 1925 1470 1971 vasa
1500 1904 1766 1975 misericordiae
1798 1905 1966 1978 salutaria
1996 1909 2124 1993 nobis,
2159 1920 2196 1977 et
2215 1909 2284 1978 aliis

1294 1999 1519 2090 bominibus,
1570 2021 1606 2077 et
1636 2008 1701 2079 toti
1729 2006 1974 2100 Reipublicae.
2048 2009 2194 2082 Deinde
2227 2035 2283 2081 nos

1292 2132 1435 2201 qnoque
1448 2108 1554 2178 fidem
1573 2125 1608 2181 et
1623 2111 1845 2205 diligentiam
1860 2114 1898 2181 in
1915 2114 2081 2184 docendo
2098 2130 2134 2185 et
2156 2115 2283 2186 discen-

1292 2213 1339 2281 do
1364 2206 1617 2298 adhibeamus,
1649 2238 1754 2306 qnam
1779 2228 1814 2284 et
1836 2216 1913 2286 vult
1934 2211 2102 2287 adhiberi
2119 2216 2235 2302 Deos,
2256 2232 2284 2287 et

1292 2327 1331 2384 ut
1347 2328 1521 2407 praestare
1538 2317 1660 2409 aliquo
1678 2320 1784 2387 modo
1803 2339 2003 2410 possemus,
2027 2320 2174 2392 viribus
2192 2336 2280 2392 natu-

1292 2443 1351 2488 rae
1368 2440 1433 2486 nos
1449 2419 1635 2504 instruxit,
1662 2443 1749 2512 quas
1762 2421 1840 2492 vult
1855 2446 1930 2491 non
1947 2446 2021 2492 esse
2033 2424 2186 2495 ociosas.
2216 2423 2280 2496 Etsi

1293 2535 1411 2592 autem
1427 2522 1466 2589 in
1482 2522 1702 2614 amplissima
1726 2523 1894 2604 materia,
1923 2528 1969 2595 de
1993 2526 2169 2599 laudibus
2189 2529 2278 2599 totius

1293 2623 1431 2716 politici
1465 2624 1604 2695 ordinis
1628 2639 1662 2694 et
1685 2641 1887 2697 nostrarum
1915 2627 2034 2718 legum
2059 2631 2276 2723 disputanda,

1293 2740 1327 2797 et
1341 2729 1385 2796 de
1403 2728 1580 2818 praesenti
1604 2728 1693 2800 iuris
1709 2730 1874 2801 doctrina
1899 2733 2032 2803 tuenda
2057 2734 2179 2808 multo
2192 2736 2272 2828 plura

1292 2831 1442 2899 dicenda
1458 2844 1570 2916 erant,
1595 2846 1715 2903 tamen
1731 2857 1828 2904 nnnc
1842 2858 1918 2903 non
1932 2859 1992 2905 ero
2007 2836 2190 2926 prolixior,
2210 2862 2268 2906 non

1293 2932 1409 3004 solum
1427 2935 1509 3026 quia
1521 2928 1608 3004 haec
1622 2935 1776 3007 brevitas
1792 2936 1967 3008 orationis
1981 2942 2025 3008 ad
2040 2940 2262 3031 praescriptum

1292 3050 1432 3130 tempus
1448 3042 1754 3111 accommodatum
1771 3054 1835 3126 est,
1857 3043 1920 3110 sed
1936 3043 2052 3113 multo
2068 3044 2191 3136 magis,
2204 3041 2270 3135 quia

1292 3164 1413 3209 rernm
1437 3140 1637 3232 amplitudo
1660 3155 1758 3213 tanta
1782 3158 1854 3224 est,
1886 3158 1927 3215 ut
1952 3169 2104 3216 omnem
2128 3148 2276 3240 eloquen-

1293 3243 1379 3314 tiam
1397 3257 1552 3335 superet.
1604 3243 1728 3314 Bonae
1745 3260 1880 3317 mentes
1897 3242 1954 3316 his
1967 3247 2213 3321 fundamentis
2230 3272 2279 3317 co·

241 3381 317 3427 rem
335 3355 425 3425 iuris
439 3367 475 3424 et
489 3351 723 3445 aequitatem,
749 3348 857 3419 simul
874 3348 1062 3419 considero
1078 3346 1190 3436 legem
1207 3358 1243 3416 et
1292 3346 1420 3437 gnitis,
1441 3369 1544 3437 saepe
1558 3348 1714 3437 cogitent
1731 3350 1776 3417 de
1795 3350 1967 3439 dignitate
1985 3352 2127 3444 politici
2151 3350 2281 3432 ordinis,

240 3455 491 3547 Evangelium.
550 3449 617 3524 Est
650 3454 746 3521 enim
780 3465 821 3521 nt
854 3452 969 3536 scitis,
1003 3445 1241 3540 Evangelium
1296 3463 1330 3520 et
1355 3466 1559 3519 reverenter
1580 3447 1658 3521 Deo
1682 3451 1813 3541 gratias
1837 3467 1960 3542 agant,
1984 3457 2081 3547 quod
2108 3451 2281 3526 bominum

240 3561 356 3654 reipsa
374 3557 559 3629 mitissima
573 3554 734 3650 aequitas
750 3569 784 3626 et
800 3547 971 3626 ἐπιείκεια
992 3553 1099 3642 legis,
1125 3566 1160 3622 et
1175 3576 1240 3644 pro
1293 3552 1402 3621 vitam
1417 3546 1474 3621 his
1490 3553 1600 3623 radiis
1614 3577 1698 3623 suae
1714 3556 1908 3647 sapientiae
1930 3569 1964 3627 et
1987 3557 2147 3629 institiae
2169 3579 2281 3628 conso-

240 3660 308 3737 hac
325 3662 502 3756 aequitate
520 3660 600 3730 Deo
618 3657 746 3749 gratias
763 3679 840 3747 ago.
892 3654 1055 3750 Denique
1074 3650 1240 3725 univ'ersa
1293 3655 1420 3736 ciavit,
1451 3668 1485 3724 et
1507 3660 1602 3749 quod
1628 3658 1667 3726 in
1690 3652 1757 3728 hac
1780 3659 1944 3730 societate
1968 3662 2102 3731 tuenda
2129 3683 2283 3754 praesen-

241 3765 414 3858 sapientia
445 3765 564 3853 legum
595 3773 799 3830 nostrarum
831 3759 1078 3851 multipliciter
1104 3782 1171 3828 nos
1197 3760 1241 3827 de
1297 3760 1380 3829 tiam
1407 3782 1507 3827 suam
1529 3761 1635 3830 nobis
1657 3761 1830 3846 declarat,
1868 3776 1902 3832 ct
1925 3785 1999 3832 sese
2019 3764 2064 3831 ad
2092 3759 2181 3834 haec
2203 3765 2282 3834 lrorra

241 3866 319 3940 Deo
333 3864 634 3938 commonefacere
651 3874 779 3954 potest.
831 3857 885 3932 Ac
902 3863 1082 3953 gratitudo
1098 3877 1241 3932 aeterna
1293 3863 1426 3933 tuenda
1442 3877 1587 3954 propter
1601 3863 1750 3952 gloriam
1766 3860 1835 3936 Dei
1852 3865 2057 3939 exuscitent.
2111 3863 2203 3937 Peto
2229 3865 2282 3956 igi·

242 3973 393 4043 debetur
413 3962 673 4061 sapientissimo
698 3965 903 4058 imperatori
931 3959 1104 4036 Lothario
1130 3978 1165 4035 et
1188 3960 1242 4033 lr-
1294 3980 1363 4050 tur,
1377 3977 1419 4035 nt
1435 3959 1528 4036 hanc
1545 3979 1687 4037 tenuem
1704 3967 1901 4038 orationem
1916 3966 2003 4038 boni
2020 3969 2231 4053 consulatis,
2251 3991 2283 4038 ae

241 4074 366 4158 sterio,
391 4086 427 4142 et
439 4071 519 4142 aliis
536 4067 756 4162 sapientibus
770 4068 874 4154 viris,
898 4069 960 4162 qui
979 4063 1042 4136 bas
1059 4065 1241 4140 Romanas
1293 4065 1410 4139 Deum
1425 4080 1608 4139 aeternum
1631 4082 1767 4161 patrem
1783 4070 1933 4142 Domini
1955 4071 2070 4144 nostri
2088 4072 2176 4145 lesn
2188 4066 2288 4144 chri-

242 4177 336 4267 leges
364 4176 486 4268 plenas
513 4197 615 4243 verae
643 4170 857 4242 eruditionis
879 4194 921 4240 ex
951 4165 1178 4242 bibliothecis
1203 4170 1240 4238 in
1293 4171 1357 4257 sti,
1387 4171 1608 4242 conditorem
1626 4186 1660 4244 et
1676 4187 1959 4244 conservatorem
1977 4169 2129 4245 humani
2145 4174 2285 4268 generis,

242 4275 401 4359 scholas,
434 4274 572 4348 curiam
597 4288 632 4346 et
662 4274 781 4344 forum
803 4274 1044 4368 protulerunt.
1097 4272 1242 4367 Vosque
1293 4289 1328 4345 et
1344 4269 1451 4346 huius
1468 4275 1644 4346 societatis
1660 4277 1846 4368 copulatae
1861 4277 1999 4368 legibus
2015 4293 2050 4348 et
2067 4279 2208 4351 iustitia
2229 4301 2283 4349 oro

241 4381 425 4456 auditores
445 4402 520 4449 non
542 4377 658 4448 solum
680 4372 872 4465 adhortor,
898 4380 957 4448 sed
975 4377 1082 4449 etiam
1096 4390 1243 4470 propter
1293 4393 1369 4451 toto
1382 4392 1543 4470 pectore,
1567 4392 1609 4449 ut
1622 4403 1698 4449 mea
1714 4393 1750 4451 ct
1766 4393 1882 4450 vestra
1901 4382 2018 4451 studia
2039 4383 2234 4471 gubernet,
2256 4392 2283 4449 ct

243 4486 392 4557 salutem
412 4480 551 4573 generis
565 4474 717 4550 humani
738 4480 916 4564 obtestor,
942 4495 983 4553 ut
999 4481 1161 4550 omnium
1183 4480 1242 4551 fu·
1295 4495 1465 4575 perpetua
1494 4482 1533 4550 in
1560 4478 1617 4551 his
1640 4482 1847 4573 regionibus
1871 4508 2013 4578 quoque
2035 4480 2233 4556 Ecclesiam
2255 4495 2282 4552 et

243 4610 354 4673 rores,
369 4585 432 4680 qui
447 4579 542 4655 hanc
556 4594 774 4677 praesentem
789 4583 879 4654 iuris
892 4583 1092 4654 doctrinam
1102 4583 1242 4676 vitupe-
1294 4582 1461 4658 honestas
1488 4585 1634 4678 politias
1655 4601 1788 4672 servet,
1822 4599 1862 4658 ut
1889 4611 1973 4659 vera
1998 4589 2229 4660 invocatione
2255 4598 2283 4656 et

242 4703 335 4776 rant,
355 4701 560 4760 constanter
573 4686 790 4758 execrandos
805 4709 879 4757 csse
893 4687 1068 4760 statuatis.
1097 4683 1241 4759 Deinde
1293 4687 1498 4762 obedientia
1516 4689 1726 4764 celebretur.

132 4804 141 4817 '
242 4806 284 4865 ut
299 4815 379 4863 cum
395 4802 530 4862 certum
546 4789 593 4861 sit
614 4789 652 4858 in
672 4784 730 4858 bis
745 4788 884 4879 legibus
899 4791 1109 4884 sapientiam
1131 4804 1167 4863 et
1180 4815 1242 4861 ve-

244 4918 321 4966 ram
344 4893 498 4965 iustitiae
513 4894 665 4963 formam
681 4894 854 4984 proponi,
879 4895 1183 4989 fontesqueratis,
1208 4908 1242 4965 et
1299 4903 1407 4911 ”““

243 5021 318 5068 non
340 4995 456 5065 solum
477 4994 661 5067 doctrinae
681 4996 866 5080 umbram,
898 5002 958 5069 sed
982 5022 1101 5069 veram
1125 4998 1242 5068 scien·
1293 5037 1359 5108 No·
1378 5037 1450 5109 113

242 5099 330 5171 tiam
354 5098 540 5190 expetatis,
572 5112 606 5169 et
630 5097 713 5190 quia
730 5097 805 5191 ipsa
824 5101 983 5172 veritatis
999 5102 1157 5193 cognitio
1178 5126 1242 5194 per
1303 5091 1473 5164 ηοω-’ν

243 5224 318 5273 sese
347 5202 444 5272 hona
473 5213 545 5286 est,
579 5199 757 5271 etlumen
782 5202 898 5273 bonae
920 5205 1069 5289 mentis,
1099 5218 1135 5276 et
1157 5205 1240 5298 quia
1409 5238 1487 5324 De
1516 5235 1786 5354 sympathia
1815 5245 1862 5320 et
1890 5238 2173 5350 antipathia·

243 5303 340 5376 Deus
361 5303 439 5375 vult
462 5326 530 5373 nos
547 5303 709 5374 custodes
728 5327 802 5375 esse
825 5304 995 5391 iustitiae,
1020 5307 1242 5401 disciplinae,

244 5406 455 5477 concordiae
479 5405 612 5477 civium
636 5420 670 5476 et
693 5409 808 5501 pacis,
835 5420 871 5478 ct
893 5409 997 5502 punit
1015 5409 1191 5482 inscitiam
1207 5424 1242 5481 ct
1362 5394 1749 5526 Ῑῠίῒῐῗῗέῗῧωῶοᾞ
1762 5393 1942 5534 ent-⁰⁴:¹1&
1952 5393 2284 5538 jffgal'nlit'pffiv

1397 5556 1426 5612 p.
1443 5536 1504 5595 188.

244 5507 430 5581 andaciam
441 5531 585 5596 eorum,
606 5509 722 5602 quiin
745 5510 900 5604 publicis
915 5525 976 5583 aut
990 5513 1139 5606 privatis
1154 5537 1241 5584 con-
