<?xml version="1.0" encoding="UTF-8"?>
<!DOCTYPE html PUBLIC "-//W3C//DTD XHTML 1.0 Transitional//EN"
    "http://www.w3.org/TR/xhtml1/DTD/xhtml1-transitional.dtd">
<html xmlns="http://www.w3.org/1999/xhtml" xml:lang="en" lang="en">
 <head>
  <title>
</title>
<meta http-equiv="Content-Type" content="text/html;charset=utf-8" />
  <meta name='ocr-system' content='tesseract 3.04.00' />
  <meta name='ocr-capabilities' content='ocr_page ocr_carea ocr_par ocr_line ocrx_word'/>
</head>
<body>
  <div class='ocr_page' id='page_1' title='image "./philippimelanth00bretgoog_0146.png"; bbox 0 0 4664 6022; ppageno 0'>
   <div class='ocr_carea' id='block_1_1' title="bbox 123 280 2175 379">
    <p class='ocr_par' dir='ltr' id='par_1_1' title="bbox 123 280 2175 379">
     <span class='ocr_line' id='line_1_1' title="bbox 123 280 2175 379; baseline -0.001 -1"><span class='ocrx_word' id='word_1_1' title='bbox 123 300 202 379; x_wconf 71' lang='lat'><strong>869</strong></span> <span class='ocrx_word' id='word_1_2' title='bbox 606 296 611 311; x_wconf 84' lang='lat'>&#39;</span> <span class='ocrx_word' id='word_1_3' title='bbox 689 295 848 377; x_wconf 74' lang='lat' dir='ltr'><strong>nuel.</strong></span> <span class='ocrx_word' id='word_1_4' title='bbox 900 297 979 375; x_wconf 79' lang='lat' dir='ltr'><strong>DE</strong></span> <span class='ocrx_word' id='word_1_5' title='bbox 1018 292 1231 373; x_wconf 79' lang='lat' dir='ltr'><strong>AMORE</strong></span> <span class='ocrx_word' id='word_1_6' title='bbox 1270 280 1615 373; x_wconf 75' lang='lat' dir='ltr'><strong>Vlllll&#39;l&#39;ATlS.</strong></span> <span class='ocrx_word' id='word_1_7' title='bbox 2098 301 2175 377; x_wconf 77' lang='lat'><strong>270</strong></span> 
     </span>
    </p>
   </div>
   <div class='ocr_carea' id='block_1_2' title="bbox 123 467 2179 877">
    <p class='ocr_par' dir='ltr' id='par_1_2' title="bbox 123 467 2179 877">
     <span class='ocr_line' id='line_1_2' title="bbox 123 467 2179 573; baseline -0 -24"><span class='ocrx_word' id='word_1_8' title='bbox 123 478 261 573; x_wconf 84' lang='lat' dir='ltr'><strong>gallum</strong></span> <span class='ocrx_word' id='word_1_9' title='bbox 285 472 536 566; x_wconf 86' lang='lat' dir='ltr'><strong>gallinaceum:</strong></span> <span class='ocrx_word' id='word_1_10' title='bbox 567 471 658 544; x_wconf 89' lang='lat' dir='ltr'><strong>alius</strong></span> <span class='ocrx_word' id='word_1_11' title='bbox 681 473 772 545; x_wconf 90' lang='lat' dir='ltr'><strong>sedit</strong></span> <span class='ocrx_word' id='word_1_12' title='bbox 788 472 827 542; x_wconf 95' lang='lat' dir='ltr'><strong>iu</strong></span> <span class='ocrx_word' id='word_1_13' title='bbox 844 496 956 543; x_wconf 84' lang='lat' dir='ltr'><strong>vacuo</strong></span> <span class='ocrx_word' id='word_1_14' title='bbox 974 467 1127 558; x_wconf 86' lang='lat' dir='ltr'><strong>theatro,</strong></span> <span class='ocrx_word' id='word_1_15' title='bbox 1181 494 1286 564; x_wconf 90' lang='lat' dir='ltr'><strong>quam</strong></span> <span class='ocrx_word' id='word_1_16' title='bbox 1303 469 1566 563; x_wconf 71' lang='lat' dir='ltr'><strong>simplicissime</strong></span> <span class='ocrx_word' id='word_1_17' title='bbox 1580 495 1620 541; x_wconf 91' lang='lat' dir='ltr'><strong>ac</strong></span> <span class='ocrx_word' id='word_1_18' title='bbox 1635 471 1840 563; x_wconf 80' lang='lat' dir='ltr'><strong>planissime</strong></span> <span class='ocrx_word' id='word_1_19' title='bbox 1853 474 2103 567; x_wconf 74' lang='lat' dir='ltr'><strong>patefaciamus</strong></span> <span class='ocrx_word' id='word_1_20' title='bbox 2116 500 2179 557; x_wconf 77' lang='lat' dir='ltr'><strong>ve—</strong></span> 
     </span>
     <span class='ocr_line' id='line_1_3' title="bbox 123 570 2177 669; baseline -0.002 -14"><span class='ocrx_word' id='word_1_21' title='bbox 123 580 311 655; x_wconf 82' lang='lat' dir='ltr'><strong>somniaus</strong></span> <span class='ocrx_word' id='word_1_22' title='bbox 325 600 361 649; x_wconf 91' lang='lat' dir='ltr'><strong>se</strong></span> <span class='ocrx_word' id='word_1_23' title='bbox 375 577 496 648; x_wconf 90' lang='lat' dir='ltr'><strong>videre</strong></span> <span class='ocrx_word' id='word_1_24' title='bbox 512 576 720 669; x_wconf 84' lang='lat' dir='ltr'><strong>spectacula.</strong></span> <span class='ocrx_word' id='word_1_25' title='bbox 772 572 839 647; x_wconf 90' lang='lat' dir='ltr'><strong>His</strong></span> <span class='ocrx_word' id='word_1_26' title='bbox 853 575 1051 669; x_wconf 83' lang='lat' dir='ltr'><strong>persimiles</strong></span> <span class='ocrx_word' id='word_1_27' title='bbox 1072 574 1127 644; x_wconf 85' lang='lat' dir='ltr'><strong>vi-</strong></span> <span class='ocrx_word' id='word_1_28' title='bbox 1180 573 1330 643; x_wconf 77' lang='lat' dir='ltr'><strong>ritatem.</strong></span> <span class='ocrx_word' id='word_1_29' title='bbox 1396 570 1493 643; x_wconf 86' lang='lat' dir='ltr'><strong>Haec</strong></span> <span class='ocrx_word' id='word_1_30' title='bbox 1528 573 1623 642; x_wconf 89' lang='lat' dir='ltr'><strong>enim</strong></span> <span class='ocrx_word' id='word_1_31' title='bbox 1656 589 1692 645; x_wconf 90' lang='lat' dir='ltr'><strong>et</strong></span> <span class='ocrx_word' id='word_1_32' title='bbox 1716 571 1793 646; x_wconf 90' lang='lat' dir='ltr'><strong>Deo</strong></span> <span class='ocrx_word' id='word_1_33' title='bbox 1826 600 1893 646; x_wconf 92' lang='lat' dir='ltr'><strong>uos</strong></span> <span class='ocrx_word' id='word_1_34' title='bbox 1919 579 2104 665; x_wconf 87' lang='lat' dir='ltr'><strong>conciliat,</strong></span> <span class='ocrx_word' id='word_1_35' title='bbox 2142 593 2177 651; x_wconf 90' lang='lat' dir='ltr'><strong>et</strong></span> 
     </span>
     <span class='ocr_line' id='line_1_4' title="bbox 123 674 2178 774; baseline -0.004 -15"><span class='ocrx_word' id='word_1_36' title='bbox 123 686 260 759; x_wconf 84' lang='lat' dir='ltr'><strong>dentur</strong></span> <span class='ocrx_word' id='word_1_37' title='bbox 275 679 422 774; x_wconf 82' lang='lat' dir='ltr'><strong>plurimi</strong></span> <span class='ocrx_word' id='word_1_38' title='bbox 440 675 657 765; x_wconf 88' lang='lat' dir='ltr'><strong>hebetiores,</strong></span> <span class='ocrx_word' id='word_1_39' title='bbox 681 678 744 773; x_wconf 94' lang='lat' dir='ltr'><strong>qui</strong></span> <span class='ocrx_word' id='word_1_40' title='bbox 759 679 833 749; x_wconf 86' lang='lat' dir='ltr'><strong>levi</strong></span> <span class='ocrx_word' id='word_1_41' title='bbox 846 679 965 774; x_wconf 91' lang='lat' dir='ltr'><strong>aliqua</strong></span> <span class='ocrx_word' id='word_1_42' title='bbox 980 676 1128 751; x_wconf 86' lang='lat' dir='ltr'><strong>cavilla·</strong></span> <span class='ocrx_word' id='word_1_43' title='bbox 1179 675 1332 744; x_wconf 88' lang='lat' dir='ltr'><strong>maxime</strong></span> <span class='ocrx_word' id='word_1_44' title='bbox 1358 674 1526 745; x_wconf 87' lang='lat' dir='ltr'><strong>convenit</strong></span> <span class='ocrx_word' id='word_1_45' title='bbox 1551 690 1716 761; x_wconf 90' lang='lat' dir='ltr'><strong>naturae,</strong></span> <span class='ocrx_word' id='word_1_46' title='bbox 1748 692 1784 748; x_wconf 90' lang='lat' dir='ltr'><strong>et</strong></span> <span class='ocrx_word' id='word_1_47' title='bbox 1806 678 1953 749; x_wconf 89' lang='lat' dir='ltr'><strong>salutem</strong></span> <span class='ocrx_word' id='word_1_48' title='bbox 1980 682 2083 752; x_wconf 86' lang='lat' dir='ltr'><strong>affert</strong></span> <span class='ocrx_word' id='word_1_49' title='bbox 2104 680 2178 755; x_wconf 85' lang='lat' dir='ltr'><strong>Re-</strong></span> 
     </span>
     <span class='ocr_line' id='line_1_5' title="bbox 123 773 2177 877; baseline -0.001 -20"><span class='ocrx_word' id='word_1_50' title='bbox 123 788 227 863; x_wconf 87' lang='lat' dir='ltr'><strong>tione</strong></span> <span class='ocrx_word' id='word_1_51' title='bbox 241 782 401 876; x_wconf 87' lang='lat' dir='ltr'><strong>decepti,</strong></span> <span class='ocrx_word' id='word_1_52' title='bbox 427 793 548 853; x_wconf 91' lang='lat' dir='ltr'><strong>amant</strong></span> <span class='ocrx_word' id='word_1_53' title='bbox 562 783 733 853; x_wconf 86' lang='lat' dir='ltr'><strong>absurdas</strong></span> <span class='ocrx_word' id='word_1_54' title='bbox 749 780 956 876; x_wconf 89' lang='lat' dir='ltr'><strong>opiniones,</strong></span> <span class='ocrx_word' id='word_1_55' title='bbox 980 797 1013 855; x_wconf 87' lang='lat' dir='ltr'><strong>et</strong></span> <span class='ocrx_word' id='word_1_56' title='bbox 1029 783 1126 877; x_wconf 90' lang='lat' dir='ltr'><strong>quod</strong></span> <span class='ocrx_word' id='word_1_57' title='bbox 1179 778 1332 871; x_wconf 91' lang='lat' dir='ltr'><strong>buspub.</strong></span> <span class='ocrx_word' id='word_1_58' title='bbox 1346 792 1379 849; x_wconf 87' lang='lat' dir='ltr'><strong>et</strong></span> <span class='ocrx_word' id='word_1_59' title='bbox 1397 773 1577 848; x_wconf 83' lang='lat' dir='ltr'><strong>Ecclesiis.</strong></span> <span class='ocrx_word' id='word_1_60' title='bbox 1631 777 1703 849; x_wconf 88' lang='lat' dir='ltr'><strong>Nec</strong></span> <span class='ocrx_word' id='word_1_61' title='bbox 1718 779 1792 850; x_wconf 89' lang='lat' dir='ltr'><strong>ulla</strong></span> <span class='ocrx_word' id='word_1_62' title='bbox 1808 781 2047 854; x_wconf 81' lang='lat' dir='ltr'><strong>existimemus</strong></span> <span class='ocrx_word' id='word_1_63' title='bbox 2062 784 2177 855; x_wconf 85' lang='lat' dir='ltr'><strong>officia</strong></span> 
     </span>
    </p>
   </div>
   <div class='ocr_carea' id='block_1_3' title="bbox 123 877 2286 981">
    <p class='ocr_par' dir='ltr' id='par_1_3' title="bbox 123 877 2286 981">
     <span class='ocr_line' id='line_1_6' title="bbox 123 877 2286 981; baseline -0.003 -18"><span class='ocrx_word' id='word_1_64' title='bbox 123 902 175 963; x_wconf 77' lang='lat' dir='ltr'><strong>cst</strong></span> <span class='ocrx_word' id='word_1_65' title='bbox 195 886 466 970; x_wconf 88' lang='lat' dir='ltr'><strong>miserandum,</strong></span> <span class='ocrx_word' id='word_1_66' title='bbox 496 880 552 954; x_wconf 92' lang='lat' dir='ltr'><strong>bis</strong></span> <span class='ocrx_word' id='word_1_67' title='bbox 576 882 627 955; x_wconf 86' lang='lat' dir='ltr'><strong>ita</strong></span> <span class='ocrx_word' id='word_1_68' title='bbox 646 884 833 955; x_wconf 89' lang='lat' dir='ltr'><strong>blanditur</strong></span> <span class='ocrx_word' id='word_1_69' title='bbox 855 908 973 972; x_wconf 90' lang='lat' dir='ltr'><strong>error,</strong></span> <span class='ocrx_word' id='word_1_70' title='bbox 1000 899 1040 957; x_wconf 89' lang='lat' dir='ltr'><strong>ut</strong></span> <span class='ocrx_word' id='word_1_71' title='bbox 1055 883 1126 955; x_wconf 92' lang='lat' dir='ltr'><strong>sibi</strong></span> <span class='ocrx_word' id='word_1_72' title='bbox 1180 882 1258 952; x_wconf 91' lang='lat' dir='ltr'><strong>Deo</strong></span> <span class='ocrx_word' id='word_1_73' title='bbox 1288 882 1442 973; x_wconf 84' lang='lat' dir='ltr'><strong>gratiora</strong></span> <span class='ocrx_word' id='word_1_74' title='bbox 1468 905 1562 969; x_wconf 88' lang='lat' dir='ltr'><strong>esse,</strong></span> <span class='ocrx_word' id='word_1_75' title='bbox 1595 877 1688 951; x_wconf 89' lang='lat' dir='ltr'><strong>nibil</strong></span> <span class='ocrx_word' id='word_1_76' title='bbox 1710 879 1865 973; x_wconf 85' lang='lat' dir='ltr'><strong>Reipub.</strong></span> <span class='ocrx_word' id='word_1_77' title='bbox 1894 887 2035 967; x_wconf 90' lang='lat' dir='ltr'><strong>utilius,</strong></span> <span class='ocrx_word' id='word_1_78' title='bbox 2069 910 2176 981; x_wconf 90' lang='lat' dir='ltr'><strong>quam</strong></span> <span class='ocrx_word' id='word_1_79' title='bbox 2282 924 2286 929; x_wconf 95' lang='lat'>·</span> 
     </span>
    </p>
   </div>
   <div class='ocr_carea' id='block_1_4' title="bbox 122 979 2177 1295">
    <p class='ocr_par' dir='ltr' id='par_1_4' title="bbox 122 979 2177 1295">
     <span class='ocr_line' id='line_1_7' title="bbox 122 979 2177 1087; baseline -0 -26"><span class='ocrx_word' id='word_1_80' title='bbox 122 991 368 1087; x_wconf 79' lang='lat' dir='ltr'><strong>applaudant,</strong></span> <span class='ocrx_word' id='word_1_81' title='bbox 393 987 774 1063; x_wconf 79' lang='lat' dir='ltr'><strong>aebeatosducantilla</strong></span> <span class='ocrx_word' id='word_1_82' title='bbox 792 987 943 1062; x_wconf 87' lang='lat' dir='ltr'><strong>insania.</strong></span> <span class='ocrx_word' id='word_1_83' title='bbox 994 984 1126 1058; x_wconf 89' lang='lat' dir='ltr'><strong>Exem·</strong></span> <span class='ocrx_word' id='word_1_84' title='bbox 1178 979 1246 1054; x_wconf 92' lang='lat' dir='ltr'><strong>hoc</strong></span> <span class='ocrx_word' id='word_1_85' title='bbox 1278 984 1437 1057; x_wconf 86' lang='lat' dir='ltr'><strong>studium</strong></span> <span class='ocrx_word' id='word_1_86' title='bbox 1472 986 1699 1076; x_wconf 84' lang='lat' dir='ltr'><strong>explicandae</strong></span> <span class='ocrx_word' id='word_1_87' title='bbox 1734 987 1902 1058; x_wconf 87' lang='lat' dir='ltr'><strong>veritatis.</strong></span> <span class='ocrx_word' id='word_1_88' title='bbox 1966 987 2177 1065; x_wconf 89' lang='lat' dir='ltr'><strong>Rectissime</strong></span> 
     </span>
     <span class='ocr_line' id='line_1_8' title="bbox 123 1083 2176 1191; baseline 0.001 -26"><span class='ocrx_word' id='word_1_89' title='bbox 123 1096 281 1191; x_wconf 86' lang='lat' dir='ltr'><strong>plasunt</strong></span> <span class='ocrx_word' id='word_1_90' title='bbox 302 1091 341 1160; x_wconf 92' lang='lat' dir='ltr'><strong>iu</strong></span> <span class='ocrx_word' id='word_1_91' title='bbox 356 1083 487 1161; x_wconf 87' lang='lat' dir='ltr'><strong>scholis</strong></span> <span class='ocrx_word' id='word_1_92' title='bbox 503 1088 591 1160; x_wconf 90' lang='lat' dir='ltr'><strong>etin</strong></span> <span class='ocrx_word' id='word_1_93' title='bbox 607 1085 775 1159; x_wconf 82' lang='lat' dir='ltr'><strong>Eccletiis</strong></span> <span class='ocrx_word' id='word_1_94' title='bbox 793 1090 958 1180; x_wconf 89' lang='lat' dir='ltr'><strong>plurima.</strong></span> <span class='ocrx_word' id='word_1_95' title='bbox 1011 1090 1124 1161; x_wconf 87' lang='lat' dir='ltr'><strong>Stoici</strong></span> <span class='ocrx_word' id='word_1_96' title='bbox 1177 1087 1421 1157; x_wconf 90' lang='lat' dir='ltr'><strong>enimdictum</strong></span> <span class='ocrx_word' id='word_1_97' title='bbox 1438 1101 1490 1158; x_wconf 91' lang='lat' dir='ltr'><strong>est</strong></span> <span class='ocrx_word' id='word_1_98' title='bbox 1506 1089 1596 1159; x_wconf 91' lang='lat' dir='ltr'><strong>illud</strong></span> <span class='ocrx_word' id='word_1_99' title='bbox 1612 1089 1988 1179; x_wconf 87' lang='lat' dir='ltr'><strong>inlegibusPlatonis:</strong></span> <span class='ocrx_word' id='word_1_100' title='bbox 2016 1086 2176 1188; x_wconf 78' lang='grc' dir='ltr'><strong><em>ἀλήθεια</em></strong></span> 
     </span>
     <span class='ocr_line' id='line_1_9' title="bbox 123 1181 2175 1295; baseline 0 -28"><span class='ocrx_word' id='word_1_101' title='bbox 123 1210 272 1295; x_wconf 84' lang='lat' dir='ltr'><strong>propter</strong></span> <span class='ocrx_word' id='word_1_102' title='bbox 296 1194 392 1264; x_wconf 83' lang='lat' dir='ltr'><strong>leves</strong></span> <span class='ocrx_word' id='word_1_103' title='bbox 415 1190 658 1262; x_wconf 89' lang='lat' dir='ltr'><strong>cavillationes</strong></span> <span class='ocrx_word' id='word_1_104' title='bbox 682 1191 959 1263; x_wconf 86' lang='lat' dir='ltr'><strong>discesserunta</strong></span> <span class='ocrx_word' id='word_1_105' title='bbox 984 1206 1124 1273; x_wconf 89' lang='lat' dir='ltr'><strong>natura,</strong></span> <span class='ocrx_word' id='word_1_106' title='bbox 1176 1181 1332 1262; x_wconf 78' lang='grc' dir='ltr'><em>πάντων</em></span> <span class='ocrx_word' id='word_1_107' title='bbox 1356 1182 1428 1283; x_wconf 71' lang='grc' dir='ltr'><strong>μὲν</strong></span> <span class='ocrx_word' id='word_1_108' title='bbox 1454 1186 1619 1287; x_wconf 70' lang='grc' dir='ltr'><em>ἀγαθῶν</em></span> <span class='ocrx_word' id='word_1_109' title='bbox 1639 1191 1743 1273; x_wconf 83' lang='grc' dir='ltr'><em>θεοῖς</em></span> <span class='ocrx_word' id='word_1_110' title='bbox 1763 1189 1926 1293; x_wconf 75' lang='grc' dir='ltr'><strong>ἡγεῖται,</strong></span> <span class='ocrx_word' id='word_1_111' title='bbox 1960 1190 2175 1270; x_wconf 65' lang='lat' dir='ltr'><strong>molestanda*</strong></span> 
     </span>
    </p>
   </div>
   <div class='ocr_carea' id='block_1_5' title="bbox 125 1284 2300 1494">
    <p class='ocr_par' dir='ltr' id='par_1_5' title="bbox 125 1284 2300 1494">
     <span class='ocr_line' id='line_1_10' title="bbox 129 1284 2300 1384; baseline 0.001 -16"><span class='ocrx_word' id='word_1_112' title='bbox 129 1312 283 1373; x_wconf 67' lang='lat' dir='ltr'><strong>amam</strong></span> <span class='ocrx_word' id='word_1_113' title='bbox 307 1294 408 1364; x_wconf 92' lang='lat' dir='ltr'><strong>illam</strong></span> <span class='ocrx_word' id='word_1_114' title='bbox 433 1286 624 1365; x_wconf 76' lang='grc' dir='ltr'><em>ἀπάθειαν</em></span> <span class='ocrx_word' id='word_1_115' title='bbox 648 1292 798 1364; x_wconf 86' lang='lat' dir='ltr'><strong>ridicule</strong></span> <span class='ocrx_word' id='word_1_116' title='bbox 831 1293 900 1365; x_wconf 90' lang='lat' dir='ltr'><strong>sibi</strong></span> <span class='ocrx_word' id='word_1_117' title='bbox 934 1297 1124 1368; x_wconf 88' lang='lat' dir='ltr'><strong>finxerunt.</strong></span> <span class='ocrx_word' id='word_1_118' title='bbox 1176 1284 1407 1384; x_wconf 76' lang='grc' dir='ltr'><strong><em>ἀνθρώποις.</em></strong></span> <span class='ocrx_word' id='word_1_119' title='bbox 1467 1291 1607 1364; x_wconf 89' lang='lat' dir='ltr'><strong>Veritas</strong></span> <span class='ocrx_word' id='word_1_120' title='bbox 1627 1297 1789 1366; x_wconf 92' lang='lat' dir='ltr'><strong>omnium</strong></span> <span class='ocrx_word' id='word_1_121' title='bbox 1810 1299 1989 1367; x_wconf 89' lang='lat' dir='ltr'><strong>bonorum</strong></span> <span class='ocrx_word' id='word_1_122' title='bbox 2005 1313 2176 1371; x_wconf 87' lang='lat' dir='ltr'><strong>causaest</strong></span> <span class='ocrx_word' id='word_1_123' title='bbox 2235 1362 2239 1371; x_wconf 86' lang='lat'><strong>.</strong></span> <span class='ocrx_word' id='word_1_124' title='bbox 2297 1326 2300 1331; x_wconf 87' lang='lat'>·</span> 
     </span>
     <span class='ocr_line' id='line_1_11' title="bbox 125 1389 2288 1494; baseline -0.001 -23"><span class='ocrx_word' id='word_1_125' title='bbox 125 1399 287 1491; x_wconf 67' lang='lat' dir='ltr'><strong>longius</strong></span> <span class='ocrx_word' id='word_1_126' title='bbox 309 1396 415 1468; x_wconf 89' lang='lat' dir='ltr'><strong>etiam</strong></span> <span class='ocrx_word' id='word_1_127' title='bbox 451 1409 627 1466; x_wconf 86' lang='lat' dir='ltr'><strong>anatura</strong></span> <span class='ocrx_word' id='word_1_128' title='bbox 656 1395 804 1466; x_wconf 89' lang='lat' dir='ltr'><strong>discedit</strong></span> <span class='ocrx_word' id='word_1_129' title='bbox 825 1391 1021 1487; x_wconf 86' lang='lat' dir='ltr'><strong>Epicurus,</strong></span> <span class='ocrx_word' id='word_1_130' title='bbox 1062 1397 1123 1491; x_wconf 92' lang='lat' dir='ltr'><strong>qui</strong></span> <span class='ocrx_word' id='word_1_131' title='bbox 1176 1394 1247 1463; x_wconf 90' lang='lat' dir='ltr'><strong>diis</strong></span> <span class='ocrx_word' id='word_1_132' title='bbox 1268 1405 1304 1463; x_wconf 88' lang='lat' dir='ltr'><strong>ct</strong></span> <span class='ocrx_word' id='word_1_133' title='bbox 1322 1389 1540 1464; x_wconf 90' lang='lat' dir='ltr'><strong>hominibus.</strong></span> <span class='ocrx_word' id='word_1_134' title='bbox 1595 1393 1714 1485; x_wconf 87' lang='lat' dir='ltr'><strong>Quam</strong></span> <span class='ocrx_word' id='word_1_135' title='bbox 1739 1400 1862 1469; x_wconf 90' lang='lat' dir='ltr'><strong>crebro</strong></span> <span class='ocrx_word' id='word_1_136' title='bbox 1880 1397 2176 1494; x_wconf 89' lang='lat' dir='ltr'><strong>praecipitChri-</strong></span> <span class='ocrx_word' id='word_1_137' title='bbox 2285 1406 2288 1411; x_wconf 87' lang='grc'><strong>’</strong></span> 
     </span>
    </p>
   </div>
   <div class='ocr_carea' id='block_1_6' title="bbox 123 1492 2176 2721">
    <p class='ocr_par' dir='ltr' id='par_1_6' title="bbox 123 1492 2176 2721">
     <span class='ocr_line' id='line_1_12' title="bbox 286 1492 2175 1595; baseline 0.002 -24"><span class='ocrx_word' id='word_1_138' title='bbox 286 1498 416 1571; x_wconf 80' lang='lat' dir='ltr'><strong>evertit</strong></span> <span class='ocrx_word' id='word_1_139' title='bbox 427 1492 597 1592; x_wconf 88' lang='lat' dir='ltr'><strong>Physica,</strong></span> <span class='ocrx_word' id='word_1_140' title='bbox 623 1496 717 1567; x_wconf 92' lang='lat' dir='ltr'><strong>tollit</strong></span> <span class='ocrx_word' id='word_1_141' title='bbox 739 1497 928 1568; x_wconf 89' lang='lat' dir='ltr'><strong>efficientes</strong></span> <span class='ocrx_word' id='word_1_142' title='bbox 952 1513 987 1569; x_wconf 88' lang='lat' dir='ltr'><strong>et</strong></span> <span class='ocrx_word' id='word_1_143' title='bbox 1003 1500 1125 1570; x_wconf 88' lang='lat' dir='ltr'><strong>finales</strong></span> <span class='ocrx_word' id='word_1_144' title='bbox 1175 1509 1249 1566; x_wconf 90' lang='lat' dir='ltr'><strong>stus</strong></span> <span class='ocrx_word' id='word_1_145' title='bbox 1271 1495 1317 1565; x_wconf 90' lang='lat' dir='ltr'><strong>de</strong></span> <span class='ocrx_word' id='word_1_146' title='bbox 1341 1496 1489 1567; x_wconf 88' lang='lat' dir='ltr'><strong>colenda</strong></span> <span class='ocrx_word' id='word_1_147' title='bbox 1510 1510 1544 1567; x_wconf 92' lang='lat' dir='ltr'><strong>et</strong></span> <span class='ocrx_word' id='word_1_148' title='bbox 1566 1499 1697 1569; x_wconf 87' lang='lat' dir='ltr'><strong>tuenda</strong></span> <span class='ocrx_word' id='word_1_149' title='bbox 1713 1500 1886 1573; x_wconf 82' lang='lat' dir='ltr'><strong>veritate?</strong></span> <span class='ocrx_word' id='word_1_150' title='bbox 1928 1526 2034 1595; x_wconf 89' lang='lat' dir='ltr'><strong>quam</strong></span> <span class='ocrx_word' id='word_1_151' title='bbox 2056 1517 2175 1574; x_wconf 88' lang='lat' dir='ltr'><strong>sancte</strong></span> 
     </span>
     <span class='ocr_line' id='line_1_13' title="bbox 123 1592 2176 1697; baseline 0.002 -25"><span class='ocrx_word' id='word_1_152' title='bbox 123 1628 267 1690; x_wconf 66' lang='lat' dir='ltr'><strong>muns,</strong></span> <span class='ocrx_word' id='word_1_153' title='bbox 294 1614 331 1674; x_wconf 92' lang='lat' dir='ltr'><strong>et</strong></span> <span class='ocrx_word' id='word_1_154' title='bbox 345 1598 490 1695; x_wconf 88' lang='lat' dir='ltr'><strong>quidem</strong></span> <span class='ocrx_word' id='word_1_155' title='bbox 507 1603 552 1670; x_wconf 88' lang='lat' dir='ltr'><strong>dc</strong></span> <span class='ocrx_word' id='word_1_156' title='bbox 568 1592 623 1669; x_wconf 90' lang='lat' dir='ltr'><strong>his</strong></span> <span class='ocrx_word' id='word_1_157' title='bbox 641 1598 796 1669; x_wconf 88' lang='lat' dir='ltr'><strong>inve&#39;ntis</strong></span> <span class='ocrx_word' id='word_1_158' title='bbox 810 1600 954 1694; x_wconf 85' lang='lat' dir='ltr'><strong>utrique</strong></span> <span class='ocrx_word' id='word_1_159' title='bbox 967 1601 1037 1671; x_wconf 91' lang='lat' dir='ltr'><strong>sibi</strong></span> <span class='ocrx_word' id='word_1_160' title='bbox 1055 1602 1124 1670; x_wconf 89' lang='lat' dir='ltr'><strong>mi·</strong></span> <span class='ocrx_word' id='word_1_161' title='bbox 1175 1599 1400 1669; x_wconf 89' lang='lat' dir='ltr'><strong>commendat</strong></span> <span class='ocrx_word' id='word_1_162' title='bbox 1414 1598 1519 1669; x_wconf 89' lang='lat' dir='ltr'><strong>nobis</strong></span> <span class='ocrx_word' id='word_1_163' title='bbox 1537 1600 1612 1669; x_wconf 93' lang='lat' dir='ltr'><strong>eius</strong></span> <span class='ocrx_word' id='word_1_164' title='bbox 1629 1600 1814 1672; x_wconf 84' lang='lat' dir='ltr'><strong>studium?</strong></span> <span class='ocrx_word' id='word_1_165' title='bbox 1850 1627 1957 1697; x_wconf 91' lang='lat' dir='ltr'><strong>quam</strong></span> <span class='ocrx_word' id='word_1_166' title='bbox 1983 1599 2176 1677; x_wconf 85' lang='lat' dir='ltr'><strong>horribiles</strong></span> 
     </span>
     <span class='ocr_line' id='line_1_14' title="bbox 127 1698 2176 1797; baseline 0.001 -23"><span class='ocrx_word' id='word_1_167' title='bbox 127 1732 205 1783; x_wconf 78' lang='lat' dir='ltr'><strong>mn</strong></span> <span class='ocrx_word' id='word_1_168' title='bbox 225 1707 268 1779; x_wconf 89' lang='lat' dir='ltr'><strong>in</strong></span> <span class='ocrx_word' id='word_1_169' title='bbox 290 1706 439 1774; x_wconf 84' lang='lat' dir='ltr'><strong>modurn</strong></span> <span class='ocrx_word' id='word_1_170' title='bbox 461 1702 614 1794; x_wconf 87' lang='lat' dir='ltr'><strong>placent.</strong></span> <span class='ocrx_word' id='word_1_171' title='bbox 674 1699 774 1790; x_wconf 84' lang='lat' dir='ltr'><strong>Quid</strong></span> <span class='ocrx_word' id='word_1_172' title='bbox 802 1726 901 1773; x_wconf 91' lang='lat' dir='ltr'><strong>nunc</strong></span> <span class='ocrx_word' id='word_1_173' title='bbox 922 1698 1124 1794; x_wconf 84' lang='lat' dir='ltr'><strong>Anabapti-</strong></span> <span class='ocrx_word' id='word_1_174' title='bbox 1175 1723 1306 1788; x_wconf 88' lang='lat' dir='ltr'><strong>poenas</strong></span> <span class='ocrx_word' id='word_1_175' title='bbox 1328 1700 1434 1771; x_wconf 90' lang='lat' dir='ltr'><strong>etiam</strong></span> <span class='ocrx_word' id='word_1_176' title='bbox 1459 1702 1630 1793; x_wconf 89' lang='lat' dir='ltr'><strong>proponit</strong></span> <span class='ocrx_word' id='word_1_177' title='bbox 1653 1698 1708 1772; x_wconf 88' lang='lat' dir='ltr'><strong>his</strong></span> <span class='ocrx_word' id='word_1_178' title='bbox 1733 1705 1793 1797; x_wconf 88' lang='lat' dir='ltr'><strong>qni</strong></span> <span class='ocrx_word' id='word_1_179' title='bbox 1812 1707 1996 1779; x_wconf 84' lang='lat' dir='ltr'><strong>veritatem</strong></span> <span class='ocrx_word' id='word_1_180' title='bbox 2013 1707 2176 1778; x_wconf 83' lang='lat' dir='ltr'><strong>violant?</strong></span> 
     </span>
     <span class='ocr_line' id='line_1_15' title="bbox 129 1799 2172 1903; baseline 0 -23"><span class='ocrx_word' id='word_1_181' title='bbox 129 1822 218 1895; x_wconf 66' lang='lat' dir='ltr'><strong>nae,</strong></span> <span class='ocrx_word' id='word_1_182' title='bbox 231 1830 352 1903; x_wconf 77' lang='lat' dir='ltr'><strong>quam</strong></span> <span class='ocrx_word' id='word_1_183' title='bbox 368 1818 454 1876; x_wconf 87' lang='lat' dir='ltr'><strong>suut</strong></span> <span class='ocrx_word' id='word_1_184' title='bbox 474 1806 580 1895; x_wconf 91' lang='lat' dir='ltr'><strong>plane</strong></span> <span class='ocrx_word' id='word_1_185' title='bbox 596 1799 852 1899; x_wconf 72' lang='grc' dir='ltr'><strong><em>τετυφωμένοι</em></strong></span> <span class='ocrx_word' id='word_1_186' title='bbox 870 1829 911 1874; x_wconf 90' lang='lat' dir='ltr'><strong>ac</strong></span> <span class='ocrx_word' id='word_1_187' title='bbox 930 1806 1123 1876; x_wconf 87' lang='lat' dir='ltr'><strong>dementati</strong></span> <span class='ocrx_word' id='word_1_188' title='bbox 1176 1800 1288 1871; x_wconf 88' lang='lat' dir='ltr'><strong>Porro</strong></span> <span class='ocrx_word' id='word_1_189' title='bbox 1303 1803 1365 1895; x_wconf 92' lang='lat' dir='ltr'><strong>qui</strong></span> <span class='ocrx_word' id='word_1_190' title='bbox 1387 1817 1508 1873; x_wconf 89' lang='lat' dir='ltr'><strong>amant</strong></span> <span class='ocrx_word' id='word_1_191' title='bbox 1523 1800 1748 1896; x_wconf 88' lang='lat' dir='ltr'><strong>Sophisticen</strong></span> <span class='ocrx_word' id='word_1_192' title='bbox 1771 1808 1858 1877; x_wconf 90' lang='lat' dir='ltr'><strong>etin</strong></span> <span class='ocrx_word' id='word_1_193' title='bbox 1876 1809 2019 1880; x_wconf 88' lang='lat' dir='ltr'><strong>caeteris</strong></span> <span class='ocrx_word' id='word_1_194' title='bbox 2035 1810 2172 1881; x_wconf 88' lang='lat' dir='ltr'><strong>artibus</strong></span> 
     </span>
     <span class='ocr_line' id='line_1_16' title="bbox 129 1900 2174 2005; baseline 0 -22"><span class='ocrx_word' id='word_1_195' title='bbox 129 1906 359 2005; x_wconf 70' lang='lat' dir='ltr'><strong>sophistica?</strong></span> <span class='ocrx_word' id='word_1_196' title='bbox 408 1905 479 1978; x_wconf 84' lang='lat' dir='ltr'><strong>Sed</strong></span> <span class='ocrx_word' id='word_1_197' title='bbox 497 1900 562 1976; x_wconf 90' lang='lat' dir='ltr'><strong>bos</strong></span> <span class='ocrx_word' id='word_1_198' title='bbox 581 1900 780 1976; x_wconf 84' lang='lat' dir='ltr'><strong>hebetiores</strong></span> <span class='ocrx_word' id='word_1_199' title='bbox 795 1907 934 1980; x_wconf 90' lang='lat' dir='ltr'><strong>omitto.</strong></span> <span class='ocrx_word' id='word_1_200' title='bbox 1177 1905 1299 1974; x_wconf 89' lang='lat' dir='ltr'><strong>ludere</strong></span> <span class='ocrx_word' id='word_1_201' title='bbox 1322 1919 1602 1992; x_wconf 87' lang='lat' dir='ltr'><strong>consueverunt,</strong></span> <span class='ocrx_word' id='word_1_202' title='bbox 1633 1908 1677 1975; x_wconf 85' lang='lat' dir='ltr'><strong>ad</strong></span> <span class='ocrx_word' id='word_1_203' title='bbox 1703 1910 1853 1977; x_wconf 86' lang='lat' dir='ltr'><strong>eundem</strong></span> <span class='ocrx_word' id='word_1_204' title='bbox 1873 1912 2021 1981; x_wconf 87' lang='lat' dir='ltr'><strong>modurn</strong></span> <span class='ocrx_word' id='word_1_205' title='bbox 2043 1913 2174 1983; x_wconf 91' lang='lat' dir='ltr'><strong>ludunt</strong></span> 
     </span>
     <span class='ocr_line' id='line_1_17' title="bbox 132 2004 2173 2107; baseline -0 -22"><span class='ocrx_word' id='word_1_206' title='bbox 132 2070 135 2075; x_wconf 88' lang='lat'><strong>.</strong></span> <span class='ocrx_word' id='word_1_207' title='bbox 227 2007 307 2085; x_wconf 77' lang='lat' dir='ltr'><strong>Atii</strong></span> <span class='ocrx_word' id='word_1_208' title='bbox 327 2010 472 2104; x_wconf 90' lang='lat' dir='ltr'><strong>quidam</strong></span> <span class='ocrx_word' id='word_1_209' title='bbox 492 2008 677 2078; x_wconf 90' lang='lat' dir='ltr'><strong>abundant</strong></span> <span class='ocrx_word' id='word_1_210' title='bbox 694 2007 870 2097; x_wconf 83' lang='lat' dir='ltr'><strong>ingeniis,</strong></span> <span class='ocrx_word' id='word_1_211' title='bbox 902 2008 963 2102; x_wconf 89' lang='lat' dir='ltr'><strong>qui</strong></span> <span class='ocrx_word' id='word_1_212' title='bbox 986 2008 1023 2076; x_wconf 91' lang='lat' dir='ltr'><strong>in</strong></span> <span class='ocrx_word' id='word_1_213' title='bbox 1047 2020 1122 2078; x_wconf 88' lang='lat' dir='ltr'><strong>stu·</strong></span> <span class='ocrx_word' id='word_1_214' title='bbox 1176 2006 1215 2076; x_wconf 91' lang='lat' dir='ltr'><strong>in</strong></span> <span class='ocrx_word' id='word_1_215' title='bbox 1232 2007 1391 2076; x_wconf 90' lang='lat' dir='ltr'><strong>doctrina</strong></span> <span class='ocrx_word' id='word_1_216' title='bbox 1407 2007 1561 2080; x_wconf 88' lang='lat' dir='ltr'><strong>coelesti.</strong></span> <span class='ocrx_word' id='word_1_217' title='bbox 1621 2006 1693 2077; x_wconf 87' lang='lat' dir='ltr'><strong>lam</strong></span> <span class='ocrx_word' id='word_1_218' title='bbox 1711 2004 1770 2079; x_wconf 90' lang='lat' dir='ltr'><strong>bic</strong></span> <span class='ocrx_word' id='word_1_219' title='bbox 1794 2012 1951 2083; x_wconf 90' lang='lat' dir='ltr'><strong>remedia</strong></span> <span class='ocrx_word' id='word_1_220' title='bbox 1970 2017 2173 2107; x_wconf 87' lang='lat' dir='ltr'><strong>quaerenda</strong></span> 
     </span>
     <span class='ocr_line' id='line_1_18' title="bbox 136 2104 2174 2208; baseline -0.001 -21"><span class='ocrx_word' id='word_1_221' title='bbox 136 2116 199 2191; x_wconf 80' lang='lat' dir='ltr'><strong>diis</strong></span> <span class='ocrx_word' id='word_1_222' title='bbox 210 2114 285 2187; x_wconf 87' lang='lat' dir='ltr'><strong>suis</strong></span> <span class='ocrx_word' id='word_1_223' title='bbox 301 2135 378 2182; x_wconf 90' lang='lat' dir='ltr'><strong>non</strong></span> <span class='ocrx_word' id='word_1_224' title='bbox 395 2122 602 2204; x_wconf 89' lang='lat' dir='ltr'><strong>proponunt</strong></span> <span class='ocrx_word' id='word_1_225' title='bbox 620 2109 687 2178; x_wconf 87' lang='lat' dir='ltr'><strong>sibi</strong></span> <span class='ocrx_word' id='word_1_226' title='bbox 705 2104 802 2180; x_wconf 88' lang='lat' dir='ltr'><strong>hune</strong></span> <span class='ocrx_word' id='word_1_227' title='bbox 822 2111 948 2195; x_wconf 80' lang='lat' dir='ltr'><strong>finem,</strong></span> <span class='ocrx_word' id='word_1_228' title='bbox 972 2123 1014 2180; x_wconf 93' lang='lat' dir='ltr'><strong>ut</strong></span> <span class='ocrx_word' id='word_1_229' title='bbox 1029 2108 1123 2178; x_wconf 90' lang='lat' dir='ltr'><strong>veri·</strong></span> <span class='ocrx_word' id='word_1_230' title='bbox 1174 2122 1292 2192; x_wconf 87' lang='lat' dir='ltr'><strong>erant,</strong></span> <span class='ocrx_word' id='word_1_231' title='bbox 1315 2109 1445 2201; x_wconf 90' lang='lat' dir='ltr'><strong>quibus</strong></span> <span class='ocrx_word' id='word_1_232' title='bbox 1458 2110 1771 2202; x_wconf 88' lang='lat' dir='ltr'><strong>praemunirentur</strong></span> <span class='ocrx_word' id='word_1_233' title='bbox 1786 2112 1894 2182; x_wconf 87' lang='lat' dir='ltr'><strong>animi</strong></span> <span class='ocrx_word' id='word_1_234' title='bbox 1907 2111 2174 2208; x_wconf 87' lang='lat' dir='ltr'><strong>coutraSophi-</strong></span> 
     </span>
     <span class='ocr_line' id='line_1_19' title="bbox 138 2209 2171 2312; baseline -0.002 -19"><span class='ocrx_word' id='word_1_235' title='bbox 138 2232 234 2293; x_wconf 81' lang='lat' dir='ltr'><strong>tatem</strong></span> <span class='ocrx_word' id='word_1_236' title='bbox 257 2228 386 2287; x_wconf 83' lang='lat' dir='ltr'><strong>eruant</strong></span> <span class='ocrx_word' id='word_1_237' title='bbox 405 2238 445 2284; x_wconf 89' lang='lat' dir='ltr'><strong>ac</strong></span> <span class='ocrx_word' id='word_1_238' title='bbox 472 2210 706 2308; x_wconf 79' lang='lat' dir='ltr'><strong>patefaciant,</strong></span> <span class='ocrx_word' id='word_1_239' title='bbox 738 2213 798 2282; x_wconf 91' lang='lat' dir='ltr'><strong>sed</strong></span> <span class='ocrx_word' id='word_1_240' title='bbox 821 2225 861 2281; x_wconf 91' lang='lat' dir='ltr'><strong>ut</strong></span> <span class='ocrx_word' id='word_1_241' title='bbox 891 2213 936 2281; x_wconf 92' lang='lat' dir='ltr'><strong>de</strong></span> <span class='ocrx_word' id='word_1_242' title='bbox 955 2213 1123 2281; x_wconf 89' lang='lat' dir='ltr'><strong>omnibus</strong></span> <span class='ocrx_word' id='word_1_243' title='bbox 1174 2210 1295 2285; x_wconf 87' lang='lat' dir='ltr'><strong>stieeu.</strong></span> <span class='ocrx_word' id='word_1_244' title='bbox 1347 2209 1418 2281; x_wconf 89' lang='lat' dir='ltr'><strong>Sed</strong></span> <span class='ocrx_word' id='word_1_245' title='bbox 1430 2236 1486 2281; x_wconf 91' lang='lat' dir='ltr'><strong>me</strong></span> <span class='ocrx_word' id='word_1_246' title='bbox 1502 2225 1603 2280; x_wconf 87' lang='lat' dir='ltr'><strong>vetus</strong></span> <span class='ocrx_word' id='word_1_247' title='bbox 1616 2212 1809 2283; x_wconf 89' lang='lat' dir='ltr'><strong>versiculus</strong></span> <span class='ocrx_word' id='word_1_248' title='bbox 1825 2218 2085 2306; x_wconf 74' lang='lat' dir='ltr'><strong>perterrefacit,</strong></span> <span class='ocrx_word' id='word_1_249' title='bbox 2110 2218 2171 2312; x_wconf 92' lang='lat' dir='ltr'><strong>qui</strong></span> 
     </span>
     <span class='ocr_line' id='line_1_20' title="bbox 141 2309 2169 2413; baseline -0 -24"><span class='ocrx_word' id='word_1_250' title='bbox 141 2315 451 2413; x_wconf 74' lang='lat' dir='ltr'><strong>rebusprodigiosa</strong></span> <span class='ocrx_word' id='word_1_251' title='bbox 466 2313 636 2385; x_wconf 85' lang='lat' dir='ltr'><strong>varietate</strong></span> <span class='ocrx_word' id='word_1_252' title='bbox 651 2313 845 2404; x_wconf 89' lang='lat' dir='ltr'><strong>disputent.</strong></span> <span class='ocrx_word' id='word_1_253' title='bbox 883 2311 932 2385; x_wconf 85' lang='lat' dir='ltr'><strong>Et</strong></span> <span class='ocrx_word' id='word_1_254' title='bbox 946 2309 1010 2383; x_wconf 88' lang='lat' dir='ltr'><strong>bas</strong></span> <span class='ocrx_word' id='word_1_255' title='bbox 1021 2336 1122 2405; x_wconf 90' lang='lat' dir='ltr'><strong>prae-</strong></span> <span class='ocrx_word' id='word_1_256' title='bbox 1175 2325 1280 2402; x_wconf 89' lang='lat' dir='ltr'><strong>negat</strong></span> <span class='ocrx_word' id='word_1_257' title='bbox 1296 2313 1493 2383; x_wconf 87' lang='lat' dir='ltr'><strong>remedium</strong></span> <span class='ocrx_word' id='word_1_258' title='bbox 1509 2336 1583 2383; x_wconf 88' lang='lat' dir='ltr'><strong>esse</strong></span> <span class='ocrx_word' id='word_1_259' title='bbox 1599 2329 1723 2386; x_wconf 86' lang='lat' dir='ltr'><strong>contra</strong></span> <span class='ocrx_word' id='word_1_260' title='bbox 1737 2310 1985 2409; x_wconf 74' lang='lat' dir='ltr'><strong>sycophantae</strong></span> <span class='ocrx_word' id='word_1_261' title='bbox 1999 2342 2169 2390; x_wconf 88' lang='lat' dir='ltr'><strong>morsum.</strong></span> 
     </span>
     <span class='ocr_line' id='line_1_21' title="bbox 143 2410 2171 2515; baseline -0.001 -22"><span class='ocrx_word' id='word_1_262' title='bbox 143 2422 247 2515; x_wconf 82' lang='lat' dir='ltr'><strong>stigias</strong></span> <span class='ocrx_word' id='word_1_263' title='bbox 260 2442 438 2492; x_wconf 86' lang='lat' dir='ltr'><strong>summam</strong></span> <span class='ocrx_word' id='word_1_264' title='bbox 455 2415 590 2507; x_wconf 87' lang='lat' dir='ltr'><strong>ingenii</strong></span> <span class='ocrx_word' id='word_1_265' title='bbox 604 2415 746 2485; x_wconf 91' lang='lat' dir='ltr'><strong>laudem</strong></span> <span class='ocrx_word' id='word_1_266' title='bbox 761 2439 836 2486; x_wconf 88' lang='lat' dir='ltr'><strong>esse</strong></span> <span class='ocrx_word' id='word_1_267' title='bbox 849 2415 995 2490; x_wconf 88' lang='lat' dir='ltr'><strong>ducunt.</strong></span> <span class='ocrx_word' id='word_1_268' title='bbox 1048 2414 1122 2485; x_wconf 87' lang='lat' dir='ltr'><strong>Ta·</strong></span> <span class='ocrx_word' id='word_1_269' title='bbox 1173 2411 1222 2484; x_wconf 86' lang='lat' dir='ltr'><strong>Et</strong></span> <span class='ocrx_word' id='word_1_270' title='bbox 1238 2415 1288 2484; x_wconf 90' lang='lat' dir='ltr'><strong>ita</strong></span> <span class='ocrx_word' id='word_1_271' title='bbox 1305 2415 1375 2484; x_wconf 89' lang='lat' dir='ltr'><strong>late</strong></span> <span class='ocrx_word' id='word_1_272' title='bbox 1398 2429 1575 2506; x_wconf 79' lang='lat' dir='ltr'><strong>grassatur</strong></span> <span class='ocrx_word' id='word_1_273' title='bbox 1598 2410 1683 2486; x_wconf 91' lang='lat' dir='ltr'><strong>baec</strong></span> <span class='ocrx_word' id='word_1_274' title='bbox 1706 2418 1833 2506; x_wconf 90' lang='lat' dir='ltr'><strong>pestis,</strong></span> <span class='ocrx_word' id='word_1_275' title='bbox 1863 2443 1969 2512; x_wconf 86' lang='lat' dir='ltr'><strong>quam</strong></span> <span class='ocrx_word' id='word_1_276' title='bbox 1986 2420 2041 2488; x_wconf 91' lang='lat' dir='ltr'><strong>vel</strong></span> <span class='ocrx_word' id='word_1_277' title='bbox 2059 2419 2171 2515; x_wconf 76' lang='lat' dir='ltr'><strong>Syco-</strong></span> 
     </span>
     <span class='ocr_line' id='line_1_22' title="bbox 146 2511 2172 2613; baseline -0.002 -16"><span class='ocrx_word' id='word_1_278' title='bbox 146 2522 186 2597; x_wconf 81' lang='lat' dir='ltr'><strong>lts</strong></span> <span class='ocrx_word' id='word_1_279' title='bbox 203 2524 348 2595; x_wconf 87' lang='lat' dir='ltr'><strong>fuerunt</strong></span> <span class='ocrx_word' id='word_1_280' title='bbox 371 2521 459 2592; x_wconf 92' lang='lat' dir='ltr'><strong>olim</strong></span> <span class='ocrx_word' id='word_1_281' title='bbox 477 2516 681 2589; x_wconf 76' lang='lat' dir='ltr'><strong>Academici</strong></span> <span class='ocrx_word' id='word_1_282' title='bbox 702 2541 764 2589; x_wconf 91' lang='lat' dir='ltr'><strong>seu</strong></span> <span class='ocrx_word' id='word_1_283' title='bbox 783 2512 978 2613; x_wconf 90' lang='lat' dir='ltr'><strong>Pyrrhonii</strong></span> <span class='ocrx_word' id='word_1_284' title='bbox 995 2517 1122 2609; x_wconf 89' lang='lat' dir='ltr'><strong>potius,</strong></span> <span class='ocrx_word' id='word_1_285' title='bbox 1174 2511 1395 2607; x_wconf 88' lang='lat' dir='ltr'><strong>phanticam,</strong></span> <span class='ocrx_word' id='word_1_286' title='bbox 1430 2518 1486 2587; x_wconf 84' lang='lat' dir='ltr'><strong>vel</strong></span> <span class='ocrx_word' id='word_1_287' title='bbox 1510 2512 1747 2609; x_wconf 75' lang='lat' dir='ltr'><strong>sophisticam</strong></span> <span class='ocrx_word' id='word_1_288' title='bbox 1780 2534 1879 2608; x_wconf 90' lang='lat' dir='ltr'><strong>potes</strong></span> <span class='ocrx_word' id='word_1_289' title='bbox 1901 2523 2098 2613; x_wconf 86' lang='lat' dir='ltr'><strong>appellare,</strong></span> <span class='ocrx_word' id='word_1_290' title='bbox 2131 2535 2172 2593; x_wconf 91' lang='lat' dir='ltr'><strong>ut</strong></span> 
     </span>
     <span class='ocr_line' id='line_1_23' title="bbox 150 2618 2172 2721; baseline 0 -26"><span class='ocrx_word' id='word_1_291' title='bbox 150 2626 197 2721; x_wconf 88' lang='lat' dir='ltr'><strong>qui</strong></span> <span class='ocrx_word' id='word_1_292' title='bbox 215 2626 336 2697; x_wconf 91' lang='lat' dir='ltr'><strong>omnia</strong></span> <span class='ocrx_word' id='word_1_293' title='bbox 361 2623 493 2715; x_wconf 87' lang='lat' dir='ltr'><strong>pariter</strong></span> <span class='ocrx_word' id='word_1_294' title='bbox 516 2621 651 2691; x_wconf 87' lang='lat' dir='ltr'><strong>incerta</strong></span> <span class='ocrx_word' id='word_1_295' title='bbox 676 2643 751 2690; x_wconf 90' lang='lat' dir='ltr'><strong>esse</strong></span> <span class='ocrx_word' id='word_1_296' title='bbox 771 2621 1053 2704; x_wconf 85' lang='lat' dir='ltr'><strong>contendebant,</strong></span> <span class='ocrx_word' id='word_1_297' title='bbox 1087 2632 1123 2690; x_wconf 88' lang='lat' dir='ltr'><strong>et</strong></span> <span class='ocrx_word' id='word_1_298' title='bbox 1174 2618 1374 2707; x_wconf 72' lang='lat' dir='ltr'><strong>contagium</strong></span> <span class='ocrx_word' id='word_1_299' title='bbox 1392 2618 1451 2687; x_wconf 86' lang='lat' dir='ltr'><strong>vix</strong></span> <span class='ocrx_word' id='word_1_300' title='bbox 1466 2641 1615 2712; x_wconf 89' lang='lat' dir='ltr'><strong>usquam</strong></span> <span class='ocrx_word' id='word_1_301' title='bbox 1636 2621 1748 2712; x_wconf 86' lang='lat' dir='ltr'><strong>possis</strong></span> <span class='ocrx_word' id='word_1_302' title='bbox 1763 2622 1933 2711; x_wconf 83' lang='lat' dir='ltr'><strong>effugere:</strong></span> <span class='ocrx_word' id='word_1_303' title='bbox 1968 2618 2172 2715; x_wconf 79' lang='lat' dir='ltr'><strong>repugnan-</strong></span> 
     </span>
    </p>
   </div>
   <div class='ocr_carea' id='block_1_7' title="bbox 148 2719 2305 2821">
    <p class='ocr_par' dir='ltr' id='par_1_7' title="bbox 148 2719 2305 2821">
     <span class='ocr_line' id='line_1_24' title="bbox 148 2719 2305 2821; baseline -0.004 -22"><span class='ocrx_word' id='word_1_304' title='bbox 148 2750 183 2799; x_wconf 68' lang='grc' dir='ltr'>ω</span> <span class='ocrx_word' id='word_1_305' title='bbox 198 2725 416 2821; x_wconf 83' lang='lat' dir='ltr'><strong>probabilius</strong></span> <span class='ocrx_word' id='word_1_306' title='bbox 439 2723 586 2818; x_wconf 88' lang='lat' dir='ltr'><strong>quidem</strong></span> <span class='ocrx_word' id='word_1_307' title='bbox 605 2722 677 2793; x_wconf 91' lang='lat' dir='ltr'><strong>alio</strong></span> <span class='ocrx_word' id='word_1_308' title='bbox 699 2722 818 2807; x_wconf 90' lang='lat' dir='ltr'><strong>aliud,</strong></span> <span class='ocrx_word' id='word_1_309' title='bbox 839 2746 879 2792; x_wconf 91' lang='lat' dir='ltr'><strong>ac</strong></span> <span class='ocrx_word' id='word_1_310' title='bbox 897 2719 1120 2793; x_wconf 86' lang='lat' dir='ltr'><strong>Geometrica</strong></span> <span class='ocrx_word' id='word_1_311' title='bbox 1173 2721 1258 2790; x_wconf 88' lang='lat' dir='ltr'><strong>dum</strong></span> <span class='ocrx_word' id='word_1_312' title='bbox 1276 2732 1327 2789; x_wconf 89' lang='lat' dir='ltr'><strong>est</strong></span> <span class='ocrx_word' id='word_1_313' title='bbox 1338 2734 1455 2791; x_wconf 91' lang='lat' dir='ltr'><strong>tamen</strong></span> <span class='ocrx_word' id='word_1_314' title='bbox 1466 2734 1541 2791; x_wconf 90' lang='lat' dir='ltr'><strong>arte</strong></span> <span class='ocrx_word' id='word_1_315' title='bbox 1554 2722 1685 2815; x_wconf 89' lang='lat' dir='ltr'><strong>aliqua.</strong></span> <span class='ocrx_word' id='word_1_316' title='bbox 1727 2721 1887 2795; x_wconf 86' lang='lat' dir='ltr'><strong>Primum</strong></span> <span class='ocrx_word' id='word_1_317' title='bbox 1905 2724 2031 2815; x_wconf 83' lang='lat' dir='ltr'><strong>ingens</strong></span> <span class='ocrx_word' id='word_1_318' title='bbox 2044 2727 2169 2797; x_wconf 92' lang='lat' dir='ltr'><strong>odium</strong></span> <span class='ocrx_word' id='word_1_319' title='bbox 2296 2774 2305 2791; x_wconf 91' lang='lat'><strong>.</strong></span> 
     </span>
    </p>
   </div>
   <div class='ocr_carea' id='block_1_8' title="bbox 123 2817 2213 5465">
    <p class='ocr_par' dir='ltr' id='par_1_8' title="bbox 123 2817 2213 5465">
     <span class='ocr_line' id='line_1_25' title="bbox 150 2817 2170 2925; baseline -0.001 -25"><span class='ocrx_word' id='word_1_320' title='bbox 150 2830 303 2925; x_wconf 77' lang='lat' dir='ltr'><strong>principia</strong></span> <span class='ocrx_word' id='word_1_321' title='bbox 325 2827 433 2899; x_wconf 92' lang='lat' dir='ltr'><strong>etiam</strong></span> <span class='ocrx_word' id='word_1_322' title='bbox 453 2838 609 2896; x_wconf 85' lang='lat' dir='ltr'><strong>evertere</strong></span> <span class='ocrx_word' id='word_1_323' title='bbox 631 2825 874 2910; x_wconf 90' lang='lat' dir='ltr'><strong>conabantur,</strong></span> <span class='ocrx_word' id='word_1_324' title='bbox 906 2825 1056 2909; x_wconf 86' lang='lat' dir='ltr'><strong>scilicet,</strong></span> <span class='ocrx_word' id='word_1_325' title='bbox 1081 2837 1122 2895; x_wconf 92' lang='lat' dir='ltr'><strong>ut</strong></span> <span class='ocrx_word' id='word_1_326' title='bbox 1173 2817 1391 2914; x_wconf 88' lang='lat' dir='ltr'><strong>Sophistices</strong></span> <span class='ocrx_word' id='word_1_327' title='bbox 1415 2824 1688 2915; x_wconf 76' lang='lat' dir='ltr'><strong>concipiendum</strong></span> <span class='ocrx_word' id='word_1_328' title='bbox 1704 2838 1766 2895; x_wconf 91' lang='lat' dir='ltr'><strong>est.</strong></span> <span class='ocrx_word' id='word_1_329' title='bbox 1818 2822 1959 2897; x_wconf 90' lang='lat' dir='ltr'><strong>Deinde</strong></span> <span class='ocrx_word' id='word_1_330' title='bbox 1974 2828 2170 2900; x_wconf 85' lang='lat' dir='ltr'><strong>videndum</strong></span> 
     </span>
     <span class='ocr_line' id='line_1_26' title="bbox 150 2919 2171 3024; baseline -0.003 -19"><span class='ocrx_word' id='word_1_331' title='bbox 150 2933 238 3018; x_wconf 85' lang='lat' dir='ltr'><strong>ttuti,</strong></span> <span class='ocrx_word' id='word_1_332' title='bbox 266 2944 308 3004; x_wconf 88' lang='lat' dir='ltr'><strong>ut</strong></span> <span class='ocrx_word' id='word_1_333' title='bbox 337 2928 474 3020; x_wconf 88' lang='lat' dir='ltr'><strong>copiosi</strong></span> <span class='ocrx_word' id='word_1_334' title='bbox 501 2928 717 2999; x_wconf 87' lang='lat' dir='ltr'><strong>viderentur.</strong></span> <span class='ocrx_word' id='word_1_335' title='bbox 776 2924 883 2997; x_wconf 84' lang='lat' dir='ltr'><strong>Tales</strong></span> <span class='ocrx_word' id='word_1_336' title='bbox 912 2940 996 2999; x_wconf 91' lang='lat' dir='ltr'><strong>sunt</strong></span> <span class='ocrx_word' id='word_1_337' title='bbox 1026 2927 1119 3017; x_wconf 87' lang='lat' dir='ltr'><strong>apud</strong></span> <span class='ocrx_word' id='word_1_338' title='bbox 1173 2925 1212 2994; x_wconf 91' lang='lat' dir='ltr'><strong>iu</strong></span> <span class='ocrx_word' id='word_1_339' title='bbox 1226 2919 1375 3011; x_wconf 92' lang='lat' dir='ltr'><strong>scholis,</strong></span> <span class='ocrx_word' id='word_1_340' title='bbox 1401 2925 1440 2993; x_wconf 90' lang='lat' dir='ltr'><strong>in</strong></span> <span class='ocrx_word' id='word_1_341' title='bbox 1454 2920 1642 3012; x_wconf 83' lang='lat' dir='ltr'><strong>Ecclesiis,</strong></span> <span class='ocrx_word' id='word_1_342' title='bbox 1667 2927 1705 2995; x_wconf 94' lang='lat' dir='ltr'><strong>in</strong></span> <span class='ocrx_word' id='word_1_343' title='bbox 1729 2928 1905 3014; x_wconf 85' lang='lat' dir='ltr'><strong>conciliis,</strong></span> <span class='ocrx_word' id='word_1_344' title='bbox 1938 2930 2086 3024; x_wconf 90' lang='lat' dir='ltr'><strong>quinam</strong></span> <span class='ocrx_word' id='word_1_345' title='bbox 2112 2931 2171 2999; x_wconf 89' lang='lat' dir='ltr'><strong>in-</strong></span> 
     </span>
     <span class='ocr_line' id='line_1_27' title="bbox 154 3022 2171 3125; baseline 0 -22"><span class='ocrx_word' id='word_1_346' title='bbox 154 3028 314 3107; x_wconf 84' lang='lat' dir='ltr'><strong>flatouem</strong></span> <span class='ocrx_word' id='word_1_347' title='bbox 324 3025 513 3125; x_wconf 88' lang='lat' dir='ltr'><strong>Sophistae</strong></span> <span class='ocrx_word' id='word_1_348' title='bbox 527 3026 700 3119; x_wconf 83' lang='lat' dir='ltr'><strong>Gorgias,</strong></span> <span class='ocrx_word' id='word_1_349' title='bbox 722 3022 1030 3122; x_wconf 85' lang='lat' dir='ltr'><strong>Thrasymachus,</strong></span> <span class='ocrx_word' id='word_1_350' title='bbox 1056 3053 1121 3100; x_wconf 89' lang='lat' dir='ltr'><strong>nec</strong></span> <span class='ocrx_word' id='word_1_351' title='bbox 1173 3026 1317 3121; x_wconf 89' lang='lat' dir='ltr'><strong>quirant</strong></span> <span class='ocrx_word' id='word_1_352' title='bbox 1352 3031 1554 3111; x_wconf 87' lang='lat' dir='ltr'><strong>veritatem,</strong></span> <span class='ocrx_word' id='word_1_353' title='bbox 1595 3028 1657 3120; x_wconf 92' lang='lat' dir='ltr'><strong>qui</strong></span> <span class='ocrx_word' id='word_1_354' title='bbox 1696 3030 1824 3101; x_wconf 90' lang='lat' dir='ltr'><strong>ludant</strong></span> <span class='ocrx_word' id='word_1_355' title='bbox 1852 3034 2007 3123; x_wconf 88' lang='lat' dir='ltr'><strong>quadam</strong></span> <span class='ocrx_word' id='word_1_356' title='bbox 2034 3031 2171 3124; x_wconf 89' lang='lat' dir='ltr'><strong>ingenii</strong></span> 
     </span>
     <span class='ocr_line' id='line_1_28' title="bbox 148 3128 2171 3228; baseline 0 -25"><span class='ocrx_word' id='word_1_357' title='bbox 148 3133 207 3227; x_wconf 87' lang='lat' dir='ltr'><strong>ipse</strong></span> <span class='ocrx_word' id='word_1_358' title='bbox 217 3160 298 3209; x_wconf 85' lang='lat' dir='ltr'><strong>raro</strong></span> <span class='ocrx_word' id='word_1_359' title='bbox 314 3135 361 3204; x_wconf 89' lang='lat' dir='ltr'><strong>ad</strong></span> <span class='ocrx_word' id='word_1_360' title='bbox 376 3134 526 3203; x_wconf 91' lang='lat' dir='ltr'><strong>eundem</strong></span> <span class='ocrx_word' id='word_1_361' title='bbox 540 3129 806 3201; x_wconf 90' lang='lat' dir='ltr'><strong>modumludit.</strong></span> <span class='ocrx_word' id='word_1_362' title='bbox 847 3128 943 3200; x_wconf 89' lang='lat' dir='ltr'><strong>llaec</strong></span> <span class='ocrx_word' id='word_1_363' title='bbox 958 3130 1121 3221; x_wconf 87' lang='lat' dir='ltr'><strong>ingenio·</strong></span> <span class='ocrx_word' id='word_1_364' title='bbox 1173 3128 1403 3221; x_wconf 88' lang='lat' dir='ltr'><strong>procacitate,</strong></span> <span class='ocrx_word' id='word_1_365' title='bbox 1435 3129 1496 3222; x_wconf 93' lang='lat' dir='ltr'><strong>qui</strong></span> <span class='ocrx_word' id='word_1_366' title='bbox 1523 3131 1719 3201; x_wconf 88' lang='lat' dir='ltr'><strong>defendant</strong></span> <span class='ocrx_word' id='word_1_367' title='bbox 1740 3131 1896 3222; x_wconf 85' lang='lat' dir='ltr'><strong>privatas</strong></span> <span class='ocrx_word' id='word_1_368' title='bbox 1912 3134 2050 3228; x_wconf 83' lang='lat' dir='ltr'><strong>aliquas</strong></span> <span class='ocrx_word' id='word_1_369' title='bbox 2069 3134 2171 3226; x_wconf 84' lang='lat' dir='ltr'><strong>cupi·</strong></span> 
     </span>
     <span class='ocr_line' id='line_1_29' title="bbox 149 3226 2170 3329; baseline -0.002 -20"><span class='ocrx_word' id='word_1_370' title='bbox 149 3256 213 3309; x_wconf 83' lang='lat' dir='ltr'><strong>tou</strong></span> <span class='ocrx_word' id='word_1_371' title='bbox 230 3234 374 3309; x_wconf 84' lang='lat' dir='ltr'><strong>licentia</strong></span> <span class='ocrx_word' id='word_1_372' title='bbox 397 3233 592 3319; x_wconf 86' lang='lat' dir='ltr'><strong>plurimum</strong></span> <span class='ocrx_word' id='word_1_373' title='bbox 618 3228 724 3302; x_wconf 89' lang='lat' dir='ltr'><strong>babet</strong></span> <span class='ocrx_word' id='word_1_374' title='bbox 747 3231 910 3323; x_wconf 90' lang='lat' dir='ltr'><strong>periculi.</strong></span> <span class='ocrx_word' id='word_1_375' title='bbox 960 3228 1013 3302; x_wconf 87' lang='lat' dir='ltr'><strong>Ea</strong></span> <span class='ocrx_word' id='word_1_376' title='bbox 1031 3257 1120 3326; x_wconf 89' lang='lat' dir='ltr'><strong>quae</strong></span> <span class='ocrx_word' id='word_1_377' title='bbox 1174 3231 1312 3302; x_wconf 90' lang='lat' dir='ltr'><strong>ditates.</strong></span> <span class='ocrx_word' id='word_1_378' title='bbox 1360 3227 1481 3323; x_wconf 82' lang='lat' dir='ltr'><strong>Atque</strong></span> <span class='ocrx_word' id='word_1_379' title='bbox 1496 3226 1815 3302; x_wconf 81' lang='lat' dir='ltr'><strong>hicassumentlum</strong></span> <span class='ocrx_word' id='word_1_380' title='bbox 1825 3247 1876 3303; x_wconf 87' lang='lat' dir='ltr'><strong>est</strong></span> <span class='ocrx_word' id='word_1_381' title='bbox 1892 3233 1980 3305; x_wconf 90' lang='lat' dir='ltr'><strong>illud</strong></span> <span class='ocrx_word' id='word_1_382' title='bbox 1994 3230 2170 3329; x_wconf 84' lang='lat' dir='ltr'><strong>Epichar-</strong></span> 
     </span>
     <span class='ocr_line' id='line_1_30' title="bbox 149 3332 2169 3429; baseline -0.002 -17"><span class='ocrx_word' id='word_1_383' title='bbox 149 3353 268 3427; x_wconf 83' lang='lat' dir='ltr'><strong>mant,</strong></span> <span class='ocrx_word' id='word_1_384' title='bbox 307 3337 524 3429; x_wconf 88' lang='lat' dir='ltr'><strong>amplificant</strong></span> <span class='ocrx_word' id='word_1_385' title='bbox 558 3332 597 3402; x_wconf 91' lang='lat' dir='ltr'><strong>in</strong></span> <span class='ocrx_word' id='word_1_386' title='bbox 631 3333 863 3418; x_wconf 83' lang='lat' dir='ltr'><strong>immensum3</strong></span> <span class='ocrx_word' id='word_1_387' title='bbox 915 3358 1007 3426; x_wconf 88' lang='lat' dir='ltr'><strong>qnae</strong></span> <span class='ocrx_word' id='word_1_388' title='bbox 1046 3358 1119 3403; x_wconf 92' lang='lat' dir='ltr'><strong>nou</strong></span> <span class='ocrx_word' id='word_1_389' title='bbox 1172 3332 1241 3416; x_wconf 90' lang='lat' dir='ltr'><strong>mi,</strong></span> <span class='ocrx_word' id='word_1_390' title='bbox 1264 3332 1384 3425; x_wconf 91' lang='lat' dir='ltr'><strong>inquo</strong></span> <span class='ocrx_word' id='word_1_391' title='bbox 1401 3334 1501 3402; x_wconf 86' lang='lat' dir='ltr'><strong>nervi</strong></span> <span class='ocrx_word' id='word_1_392' title='bbox 1515 3347 1621 3425; x_wconf 88' lang='lat' dir='ltr'><strong>atque</strong></span> <span class='ocrx_word' id='word_1_393' title='bbox 1636 3346 1734 3403; x_wconf 73' lang='lat' dir='ltr'><strong>anns</strong></span> <span class='ocrx_word' id='word_1_394' title='bbox 1749 3357 1823 3403; x_wconf 88' lang='lat' dir='ltr'><strong>esse</strong></span> <span class='ocrx_word' id='word_1_395' title='bbox 1836 3334 2029 3425; x_wconf 86' lang='lat' dir='ltr'><strong>sapientiae</strong></span> <span class='ocrx_word' id='word_1_396' title='bbox 2041 3338 2169 3409; x_wconf 89' lang='lat' dir='ltr'><strong>dicun·</strong></span> 
     </span>
     <span class='ocr_line' id='line_1_31' title="bbox 151 3429 2170 3527; baseline -0.001 -16"><span class='ocrx_word' id='word_1_397' title='bbox 151 3456 271 3527; x_wconf 82' lang='lat' dir='ltr'><strong>sumt,</strong></span> <span class='ocrx_word' id='word_1_398' title='bbox 298 3453 452 3515; x_wconf 84' lang='lat' dir='ltr'><strong>extreme</strong></span> <span class='ocrx_word' id='word_1_399' title='bbox 473 3435 663 3522; x_wconf 81' lang='lat' dir='ltr'><strong>abiiciunt3</strong></span> <span class='ocrx_word' id='word_1_400' title='bbox 696 3435 821 3505; x_wconf 91' lang='lat' dir='ltr'><strong>dicunt</strong></span> <span class='ocrx_word' id='word_1_401' title='bbox 836 3435 952 3505; x_wconf 90' lang='lat' dir='ltr'><strong>vicina</strong></span> <span class='ocrx_word' id='word_1_402' title='bbox 976 3460 1041 3527; x_wconf 92' lang='lat' dir='ltr'><strong>pro</strong></span> <span class='ocrx_word' id='word_1_403' title='bbox 1059 3461 1121 3505; x_wconf 86' lang='lat' dir='ltr'><strong>ve-</strong></span> <span class='ocrx_word' id='word_1_404' title='bbox 1172 3447 1249 3518; x_wconf 90' lang='lat' dir='ltr'><strong>tur,</strong></span> <span class='ocrx_word' id='word_1_405' title='bbox 1287 3431 1457 3526; x_wconf 79' lang='grc' dir='ltr'>μέμνησο</span> <span class='ocrx_word' id='word_1_406' title='bbox 1479 3429 1659 3505; x_wconf 76' lang='grc' dir='ltr'><strong><em>ἀπιστεῖν.</em></strong></span> <span class='ocrx_word' id='word_1_407' title='bbox 1715 3434 1800 3505; x_wconf 91' lang='lat' dir='ltr'><strong>Nou</strong></span> <span class='ocrx_word' id='word_1_408' title='bbox 1824 3438 1944 3506; x_wconf 88' lang='lat' dir='ltr'><strong>statim</strong></span> <span class='ocrx_word' id='word_1_409' title='bbox 1974 3439 2170 3510; x_wconf 88' lang='lat' dir='ltr'><strong>assentien-</strong></span> 
     </span>
     <span class='ocr_line' id='line_1_32' title="bbox 148 3531 2170 3633; baseline -0.002 -20"><span class='ocrx_word' id='word_1_410' title='bbox 148 3539 205 3629; x_wconf 68' lang='lat' dir='ltr'><strong>tis,</strong></span> <span class='ocrx_word' id='word_1_411' title='bbox 232 3542 377 3615; x_wconf 83' lang='lat' dir='ltr'><strong>miscent</strong></span> <span class='ocrx_word' id='word_1_412' title='bbox 393 3563 469 3611; x_wconf 92' lang='lat' dir='ltr'><strong>non</strong></span> <span class='ocrx_word' id='word_1_413' title='bbox 482 3534 727 3621; x_wconf 86' lang='lat' dir='ltr'><strong>cohaerentia,</strong></span> <span class='ocrx_word' id='word_1_414' title='bbox 753 3531 956 3608; x_wconf 85' lang='lat' dir='ltr'><strong>distrahunt</strong></span> <span class='ocrx_word' id='word_1_415' title='bbox 971 3563 1010 3608; x_wconf 90' lang='lat' dir='ltr'><strong>ea</strong></span> <span class='ocrx_word' id='word_1_416' title='bbox 1030 3562 1120 3633; x_wconf 86' lang='lat' dir='ltr'><strong>quae</strong></span> <span class='ocrx_word' id='word_1_417' title='bbox 1172 3539 1347 3617; x_wconf 84' lang='lat' dir='ltr'><strong>domest,</strong></span> <span class='ocrx_word' id='word_1_418' title='bbox 1372 3535 1578 3627; x_wconf 89' lang='lat' dir='ltr'><strong>praesertim</strong></span> <span class='ocrx_word' id='word_1_419' title='bbox 1595 3536 1802 3606; x_wconf 87' lang='lat' dir='ltr'><strong>monstrosis</strong></span> <span class='ocrx_word' id='word_1_420' title='bbox 1819 3550 1852 3607; x_wconf 89' lang='lat' dir='ltr'><strong>et</strong></span> <span class='ocrx_word' id='word_1_421' title='bbox 1866 3539 2074 3629; x_wconf 76' lang='lat' dir='ltr'><strong>irreligiosis</strong></span> <span class='ocrx_word' id='word_1_422' title='bbox 2088 3542 2170 3632; x_wconf 90' lang='lat' dir='ltr'><strong>opi·</strong></span> 
     </span>
     <span class='ocr_line' id='line_1_33' title="bbox 147 3633 2169 3737; baseline -0.003 -19"><span class='ocrx_word' id='word_1_423' title='bbox 147 3644 297 3737; x_wconf 71' lang='lat' dir='ltr'><strong>muiuugi</strong></span> <span class='ocrx_word' id='word_1_424' title='bbox 315 3643 495 3736; x_wconf 86' lang='lat' dir='ltr'><strong>oportuit,</strong></span> <span class='ocrx_word' id='word_1_425' title='bbox 529 3641 678 3733; x_wconf 92' lang='lat' dir='ltr'><strong>perinde</strong></span> <span class='ocrx_word' id='word_1_426' title='bbox 698 3664 738 3709; x_wconf 87' lang='lat' dir='ltr'><strong>ac</strong></span> <span class='ocrx_word' id='word_1_427' title='bbox 764 3639 796 3709; x_wconf 89' lang='lat' dir='ltr'><strong>si</strong></span> <span class='ocrx_word' id='word_1_428' title='bbox 826 3654 1011 3709; x_wconf 90' lang='lat' dir='ltr'><strong>centauros</strong></span> <span class='ocrx_word' id='word_1_429' title='bbox 1033 3633 1120 3735; x_wconf 66' lang='grc' dir='ltr'><strong>π’)</strong></span> <span class='ocrx_word' id='word_1_430' title='bbox 1172 3637 1360 3722; x_wconf 87' lang='lat' dir='ltr'><strong>nionibus,</strong></span> <span class='ocrx_word' id='word_1_431' title='bbox 1386 3663 1459 3707; x_wconf 94' lang='lat' dir='ltr'><strong>nou</strong></span> <span class='ocrx_word' id='word_1_432' title='bbox 1476 3652 1528 3709; x_wconf 88' lang='lat' dir='ltr'><strong>est</strong></span> <span class='ocrx_word' id='word_1_433' title='bbox 1543 3638 1805 3730; x_wconf 85' lang='lat' dir='ltr'><strong>praecipitanda</strong></span> <span class='ocrx_word' id='word_1_434' title='bbox 1820 3642 2005 3715; x_wconf 79' lang='lat' dir='ltr'><strong>sententia.</strong></span> <span class='ocrx_word' id='word_1_435' title='bbox 2058 3640 2169 3715; x_wconf 88' lang='lat' dir='ltr'><strong>Tem·</strong></span> 
     </span>
     <span class='ocr_line' id='line_1_34' title="bbox 149 3736 2169 3839; baseline 0 -24"><span class='ocrx_word' id='word_1_436' title='bbox 149 3738 302 3819; x_wconf 82' lang='lat' dir='ltr'><strong>chimeras</strong></span> <span class='ocrx_word' id='word_1_437' title='bbox 322 3748 526 3839; x_wconf 75' lang='lat' dir='ltr'><strong>pingerent:</strong></span> <span class='ocrx_word' id='word_1_438' title='bbox 558 3736 651 3812; x_wconf 91' lang='lat' dir='ltr'><strong>nihil</strong></span> <span class='ocrx_word' id='word_1_439' title='bbox 674 3741 834 3834; x_wconf 90' lang='lat' dir='ltr'><strong>proprie,</strong></span> <span class='ocrx_word' id='word_1_440' title='bbox 872 3738 966 3811; x_wconf 86' lang='lat' dir='ltr'><strong>nihil</strong></span> <span class='ocrx_word' id='word_1_441' title='bbox 990 3743 1119 3812; x_wconf 88' lang='lat' dir='ltr'><strong>diserte</strong></span> <span class='ocrx_word' id='word_1_442' title='bbox 1174 3764 1239 3832; x_wconf 91' lang='lat' dir='ltr'><strong>pus</strong></span> <span class='ocrx_word' id='word_1_443' title='bbox 1255 3736 1499 3811; x_wconf 89' lang='lat' dir='ltr'><strong>adhibendum</strong></span> <span class='ocrx_word' id='word_1_444' title='bbox 1525 3741 1640 3811; x_wconf 88' lang='lat' dir='ltr'><strong>estin</strong></span> <span class='ocrx_word' id='word_1_445' title='bbox 1662 3741 1872 3827; x_wconf 89' lang='lat' dir='ltr'><strong>consilium,</strong></span> <span class='ocrx_word' id='word_1_446' title='bbox 1903 3747 1998 3838; x_wconf 89' lang='lat' dir='ltr'><strong>qnod</strong></span> <span class='ocrx_word' id='word_1_447' title='bbox 2017 3768 2100 3815; x_wconf 88' lang='lat' dir='ltr'><strong>vere</strong></span> <span class='ocrx_word' id='word_1_448' title='bbox 2118 3758 2169 3814; x_wconf 91' lang='lat' dir='ltr'><strong>est</strong></span> 
     </span>
     <span class='ocr_line' id='line_1_35' title="bbox 123 3840 2169 3937; baseline -0.004 -14"><span class='ocrx_word' id='word_1_449' title='bbox 123 3844 270 3937; x_wconf 70' lang='lat' dir='ltr'><strong>litant,</strong></span> <span class='ocrx_word' id='word_1_450' title='bbox 309 3850 442 3918; x_wconf 90' lang='lat' dir='ltr'><strong>ludunt</strong></span> <span class='ocrx_word' id='word_1_451' title='bbox 465 3845 592 3917; x_wconf 90' lang='lat' dir='ltr'><strong>ironiis</strong></span> <span class='ocrx_word' id='word_1_452' title='bbox 617 3858 652 3913; x_wconf 91' lang='lat' dir='ltr'><strong>et</strong></span> <span class='ocrx_word' id='word_1_453' title='bbox 677 3844 757 3913; x_wconf 84' lang='lat' dir='ltr'><strong>aliis</strong></span> <span class='ocrx_word' id='word_1_454' title='bbox 780 3840 928 3919; x_wconf 81' lang='lat' dir='ltr'><strong>deliciis.</strong></span> <span class='ocrx_word' id='word_1_455' title='bbox 995 3842 1121 3915; x_wconf 87' lang='lat' dir='ltr'><strong>Videte</strong></span> <span class='ocrx_word' id='word_1_456' title='bbox 1172 3856 1213 3913; x_wconf 93' lang='lat' dir='ltr'><strong>ut</strong></span> <span class='ocrx_word' id='word_1_457' title='bbox 1240 3844 1302 3912; x_wconf 89' lang='lat' dir='ltr'><strong>ille</strong></span> <span class='ocrx_word' id='word_1_458' title='bbox 1327 3841 1462 3936; x_wconf 85' lang='lat' dir='ltr'><strong>inquit,</strong></span> <span class='ocrx_word' id='word_1_459' title='bbox 1496 3843 1777 3934; x_wconf 87' lang='lat' dir='ltr'><strong>sapientissimus</strong></span> <span class='ocrx_word' id='word_1_460' title='bbox 1803 3845 1983 3921; x_wconf 85' lang='lat' dir='ltr'><strong>monitor..</strong></span> <span class='ocrx_word' id='word_1_461' title='bbox 2030 3843 2169 3917; x_wconf 85' lang='lat' dir='ltr'><strong>Deinde</strong></span> 
     </span>
     <span class='ocr_line' id='line_1_36' title="bbox 149 3939 2169 4043; baseline -0.003 -21"><span class='ocrx_word' id='word_1_462' title='bbox 149 3950 257 4043; x_wconf 77' lang='lat' dir='ltr'><strong>quihus</strong></span> <span class='ocrx_word' id='word_1_463' title='bbox 275 3950 458 4023; x_wconf 91' lang='lat' dir='ltr'><strong>coloribus</strong></span> <span class='ocrx_word' id='word_1_464' title='bbox 478 3970 575 4017; x_wconf 89' lang='lat' dir='ltr'><strong>nunc</strong></span> <span class='ocrx_word' id='word_1_465' title='bbox 598 3945 774 4036; x_wconf 88' lang='lat' dir='ltr'><strong>ingeniosi</strong></span> <span class='ocrx_word' id='word_1_466' title='bbox 788 3939 952 4015; x_wconf 86' lang='lat' dir='ltr'><strong>homines</strong></span> <span class='ocrx_word' id='word_1_467' title='bbox 972 3945 1121 4036; x_wconf 87' lang='lat' dir='ltr'><strong>pingant</strong></span> <span class='ocrx_word' id='word_1_468' title='bbox 1172 3945 1217 4013; x_wconf 90' lang='lat' dir='ltr'><strong>sit</strong></span> <span class='ocrx_word' id='word_1_469' title='bbox 1234 3945 1365 4015; x_wconf 91' lang='lat' dir='ltr'><strong>directa</strong></span> <span class='ocrx_word' id='word_1_470' title='bbox 1388 3969 1489 4015; x_wconf 89' lang='lat' dir='ltr'><strong>mens</strong></span> <span class='ocrx_word' id='word_1_471' title='bbox 1507 3947 1550 4015; x_wconf 90' lang='lat' dir='ltr'><strong>ad</strong></span> <span class='ocrx_word' id='word_1_472' title='bbox 1574 3944 1843 4039; x_wconf 87' lang='lat' dir='ltr'><strong>inquisitionem</strong></span> <span class='ocrx_word' id='word_1_473' title='bbox 1861 3947 2037 4034; x_wconf 83' lang='lat' dir='ltr'><strong>veritatis,</strong></span> <span class='ocrx_word' id='word_1_474' title='bbox 2062 3943 2169 4016; x_wconf 90' lang='lat' dir='ltr'><strong>adhi-</strong></span> 
     </span>
     <span class='ocr_line' id='line_1_37' title="bbox 123 4042 2170 4142; baseline -0.003 -17"><span class='ocrx_word' id='word_1_475' title='bbox 123 4050 257 4127; x_wconf 75' lang='lat' dir='ltr'><strong>:sturm</strong></span> <span class='ocrx_word' id='word_1_476' title='bbox 287 4051 557 4129; x_wconf 87' lang='lat' dir='ltr'><strong>ecclesiasticos,</strong></span> <span class='ocrx_word' id='word_1_477' title='bbox 589 4048 718 4141; x_wconf 91' lang='lat' dir='ltr'><strong>quibus</strong></span> <span class='ocrx_word' id='word_1_478' title='bbox 747 4042 885 4117; x_wconf 89' lang='lat' dir='ltr'><strong>technis</strong></span> <span class='ocrx_word' id='word_1_479' title='bbox 915 4071 1014 4117; x_wconf 87' lang='lat' dir='ltr'><strong>veras</strong></span> <span class='ocrx_word' id='word_1_480' title='bbox 1038 4072 1121 4118; x_wconf 87' lang='lat' dir='ltr'><strong>seu·</strong></span> <span class='ocrx_word' id='word_1_481' title='bbox 1172 4048 1254 4116; x_wconf 88' lang='lat' dir='ltr'><strong>beat</strong></span> <span class='ocrx_word' id='word_1_482' title='bbox 1277 4042 1500 4130; x_wconf 89' lang='lat' dir='ltr'><strong>methodum,</strong></span> <span class='ocrx_word' id='word_1_483' title='bbox 1529 4071 1619 4139; x_wconf 87' lang='lat' dir='ltr'><strong>quae</strong></span> <span class='ocrx_word' id='word_1_484' title='bbox 1640 4059 1680 4117; x_wconf 92' lang='lat' dir='ltr'><strong>ut</strong></span> <span class='ocrx_word' id='word_1_485' title='bbox 1705 4045 1806 4116; x_wconf 83' lang='lat' dir='ltr'><strong>Plato</strong></span> <span class='ocrx_word' id='word_1_486' title='bbox 1833 4048 1966 4142; x_wconf 90' lang='lat' dir='ltr'><strong>inquit:</strong></span> <span class='ocrx_word' id='word_1_487' title='bbox 2001 4050 2095 4139; x_wconf 88' lang='lat' dir='ltr'><strong>ignis</strong></span> <span class='ocrx_word' id='word_1_488' title='bbox 2118 4064 2170 4121; x_wconf 88' lang='lat' dir='ltr'><strong>est</strong></span> 
     </span>
     <span class='ocr_line' id='line_1_38' title="bbox 123 4146 2168 4246; baseline -0.003 -18"><span class='ocrx_word' id='word_1_489' title='bbox 123 4148 253 4243; x_wconf 62' lang='lat' dir='ltr'><strong>{turns</strong></span> <span class='ocrx_word' id='word_1_490' title='bbox 283 4158 449 4227; x_wconf 88' lang='lat' dir='ltr'><strong>obruant.</strong></span> <span class='ocrx_word' id='word_1_491' title='bbox 507 4148 625 4239; x_wconf 88' lang='lat' dir='ltr'><strong>Quam</strong></span> <span class='ocrx_word' id='word_1_492' title='bbox 648 4150 760 4219; x_wconf 88' lang='lat' dir='ltr'><strong>multa</strong></span> <span class='ocrx_word' id='word_1_493' title='bbox 796 4148 987 4220; x_wconf 89' lang='lat' dir='ltr'><strong>inveniunt</strong></span> <span class='ocrx_word' id='word_1_494' title='bbox 1018 4146 1121 4246; x_wconf 82' lang='grc' dir='ltr'><em>σοφὰ</em></span> <span class='ocrx_word' id='word_1_495' title='bbox 1172 4150 1273 4219; x_wconf 90' lang='lat' dir='ltr'><strong>coelo</strong></span> <span class='ocrx_word' id='word_1_496' title='bbox 1296 4150 1445 4231; x_wconf 88' lang='lat' dir='ltr'><strong>allatus,</strong></span> <span class='ocrx_word' id='word_1_497' title='bbox 1478 4148 1539 4241; x_wconf 89' lang='lat' dir='ltr'><strong>qui</strong></span> <span class='ocrx_word' id='word_1_498' title='bbox 1562 4150 1728 4239; x_wconf 90' lang='lat' dir='ltr'><strong>praebeat</strong></span> <span class='ocrx_word' id='word_1_499' title='bbox 1758 4151 1879 4218; x_wconf 92' lang='lat' dir='ltr'><strong>lumen</strong></span> <span class='ocrx_word' id='word_1_500' title='bbox 1907 4153 1951 4220; x_wconf 92' lang='lat' dir='ltr'><strong>ad</strong></span> <span class='ocrx_word' id='word_1_501' title='bbox 1982 4152 2168 4224; x_wconf 88' lang='lat' dir='ltr'><strong>veritatem</strong></span> 
     </span>
     <span class='ocr_line' id='line_1_39' title="bbox 146 4244 2169 4355; baseline -0.002 -28"><span class='ocrx_word' id='word_1_502' title='bbox 146 4248 328 4355; x_wconf 67' lang='lat' dir='ltr'><strong>pfppaoxn,</strong></span> <span class='ocrx_word' id='word_1_503' title='bbox 367 4269 410 4327; x_wconf 91' lang='lat' dir='ltr'><strong>ut</strong></span> <span class='ocrx_word' id='word_1_504' title='bbox 441 4253 652 4323; x_wconf 88' lang='lat' dir='ltr'><strong>medeantur</strong></span> <span class='ocrx_word' id='word_1_505' title='bbox 682 4251 845 4321; x_wconf 87' lang='lat' dir='ltr'><strong>absurdis</strong></span> <span class='ocrx_word' id='word_1_506' title='bbox 875 4251 1120 4344; x_wconf 89' lang='lat' dir='ltr'><strong>opinionibus,</strong></span> <span class='ocrx_word' id='word_1_507' title='bbox 1172 4253 1398 4321; x_wconf 85' lang='lat' dir='ltr'><strong>cernendam.</strong></span> <span class='ocrx_word' id='word_1_508' title='bbox 1450 4244 1643 4322; x_wconf 85' lang='lat' dir='ltr'><strong>Cohcrceat</strong></span> <span class='ocrx_word' id='word_1_509' title='bbox 1659 4273 1696 4320; x_wconf 87' lang='lat' dir='ltr'><strong>se</strong></span> <span class='ocrx_word' id='word_1_510' title='bbox 1710 4251 1860 4345; x_wconf 89' lang='lat' dir='ltr'><strong>quisque</strong></span> <span class='ocrx_word' id='word_1_511' title='bbox 1873 4252 1966 4323; x_wconf 88' lang='lat' dir='ltr'><strong>intra</strong></span> <span class='ocrx_word' id='word_1_512' title='bbox 1981 4268 2077 4347; x_wconf 87' lang='lat' dir='ltr'><strong>septa</strong></span> <span class='ocrx_word' id='word_1_513' title='bbox 2094 4278 2169 4323; x_wconf 91' lang='lat' dir='ltr'><strong>me-</strong></span> 
     </span>
     <span class='ocr_line' id='line_1_40' title="bbox 147 4348 2169 4452; baseline -0.004 -19"><span class='ocrx_word' id='word_1_514' title='bbox 147 4363 265 4452; x_wconf 78' lang='lat' dir='ltr'><strong>qttoties</strong></span> <span class='ocrx_word' id='word_1_515' title='bbox 280 4360 319 4431; x_wconf 91' lang='lat' dir='ltr'><strong>in</strong></span> <span class='ocrx_word' id='word_1_516' title='bbox 333 4382 414 4429; x_wconf 88' lang='lat' dir='ltr'><strong>eum</strong></span> <span class='ocrx_word' id='word_1_517' title='bbox 431 4358 548 4427; x_wconf 89' lang='lat' dir='ltr'><strong>locum</strong></span> <span class='ocrx_word' id='word_1_518' title='bbox 564 4368 708 4425; x_wconf 86' lang='lat' dir='ltr'><strong>ventum</strong></span> <span class='ocrx_word' id='word_1_519' title='bbox 731 4366 802 4439; x_wconf 85' lang='lat' dir='ltr'><strong>est,</strong></span> <span class='ocrx_word' id='word_1_520' title='bbox 823 4353 888 4425; x_wconf 93' lang='lat' dir='ltr'><strong>uhi</strong></span> <span class='ocrx_word' id='word_1_521' title='bbox 904 4367 1042 4444; x_wconf 90' lang='lat' dir='ltr'><strong>oportet</strong></span> <span class='ocrx_word' id='word_1_522' title='bbox 1058 4377 1120 4425; x_wconf 88' lang='lat' dir='ltr'><strong>sen</strong></span> <span class='ocrx_word' id='word_1_523' title='bbox 1172 4348 1292 4437; x_wconf 75' lang='lat' dir='ltr'><strong>thoul,</strong></span> <span class='ocrx_word' id='word_1_524' title='bbox 1318 4374 1383 4422; x_wconf 88' lang='lat' dir='ltr'><strong>nec</strong></span> <span class='ocrx_word' id='word_1_525' title='bbox 1398 4367 1528 4422; x_wconf 88' lang='lat' dir='ltr'><strong>temere</strong></span> <span class='ocrx_word' id='word_1_526' title='bbox 1539 4368 1702 4425; x_wconf 84' lang='lat' dir='ltr'><strong>excurrat</strong></span> <span class='ocrx_word' id='word_1_527' title='bbox 1716 4353 1754 4421; x_wconf 91' lang='lat' dir='ltr'><strong>iu</strong></span> <span class='ocrx_word' id='word_1_528' title='bbox 1769 4355 1905 4425; x_wconf 85' lang='lat' dir='ltr'><strong>alienos</strong></span> <span class='ocrx_word' id='word_1_529' title='bbox 1914 4356 2022 4431; x_wconf 88' lang='lat' dir='ltr'><strong>locos.</strong></span> <span class='ocrx_word' id='word_1_530' title='bbox 2060 4353 2169 4427; x_wconf 80' lang='lat' dir='ltr'><strong>Amet</strong></span> 
     </span>
     <span class='ocr_line' id='line_1_41' title="bbox 146 4454 2213 4548; baseline -0.005 -12"><span class='ocrx_word' id='word_1_531' title='bbox 146 4480 267 4535; x_wconf 76' lang='lat' dir='ltr'><strong>tersere</strong></span> <span class='ocrx_word' id='word_1_532' title='bbox 281 4462 407 4547; x_wconf 87' lang='lat' dir='ltr'><strong>dolos,</strong></span> <span class='ocrx_word' id='word_1_533' title='bbox 431 4482 493 4531; x_wconf 89' lang='lat' dir='ltr'><strong>seu</strong></span> <span class='ocrx_word' id='word_1_534' title='bbox 511 4470 627 4548; x_wconf 79' lang='lat' dir='ltr'><strong>certae</strong></span> <span class='ocrx_word' id='word_1_535' title='bbox 641 4456 849 4527; x_wconf 84' lang='lat' dir='ltr'><strong>occumbere</strong></span> <span class='ocrx_word' id='word_1_536' title='bbox 864 4456 984 4529; x_wconf 86' lang='lat' dir='ltr'><strong>morti.</strong></span> <span class='ocrx_word' id='word_1_537' title='bbox 1144 4514 1149 4537; x_wconf 88' lang='grc'>,</span> <span class='ocrx_word' id='word_1_538' title='bbox 1172 4455 1422 4547; x_wconf 89' lang='lat' dir='ltr'><strong>proprietatem</strong></span> <span class='ocrx_word' id='word_1_539' title='bbox 1439 4454 1477 4523; x_wconf 90' lang='lat' dir='ltr'><strong>in</strong></span> <span class='ocrx_word' id='word_1_540' title='bbox 1494 4454 1649 4539; x_wconf 88' lang='lat' dir='ltr'><strong>artibus,</strong></span> <span class='ocrx_word' id='word_1_541' title='bbox 1673 4469 1706 4526; x_wconf 92' lang='lat' dir='ltr'><strong>et</strong></span> <span class='ocrx_word' id='word_1_542' title='bbox 1723 4456 1791 4525; x_wconf 89' lang='lat' dir='ltr'><strong>sibi</strong></span> <span class='ocrx_word' id='word_1_543' title='bbox 1803 4457 1954 4528; x_wconf 86' lang='lat' dir='ltr'><strong>subinde</strong></span> <span class='ocrx_word' id='word_1_544' title='bbox 1966 4457 2055 4527; x_wconf 90' lang='lat' dir='ltr'><strong>illud</strong></span> <span class='ocrx_word' id='word_1_545' title='bbox 2065 4478 2168 4548; x_wconf 86' lang='lat' dir='ltr'><strong>prae-</strong></span> <span class='ocrx_word' id='word_1_546' title='bbox 2206 4532 2213 4539; x_wconf 55' lang='grc'><strong>,</strong></span> 
     </span>
     <span class='ocr_line' id='line_1_42' title="bbox 123 4553 2168 4653; baseline -0.002 -19"><span class='ocrx_word' id='word_1_547' title='bbox 123 4592 125 4597; x_wconf 96' lang='grc'><strong><em>·</em></strong></span> <span class='ocrx_word' id='word_1_548' title='bbox 157 4611 164 4624; x_wconf 86' lang='lat'><strong>·</strong></span> <span class='ocrx_word' id='word_1_549' title='bbox 227 4562 321 4639; x_wconf 87' lang='lat' dir='ltr'><strong>Cum</strong></span> <span class='ocrx_word' id='word_1_550' title='bbox 341 4558 410 4633; x_wconf 89' lang='lat' dir='ltr'><strong>hae</strong></span> <span class='ocrx_word' id='word_1_551' title='bbox 428 4554 629 4652; x_wconf 75' lang='lat' dir='ltr'><strong>sophistica</strong></span> <span class='ocrx_word' id='word_1_552' title='bbox 652 4556 785 4627; x_wconf 83' lang='lat' dir='ltr'><strong>bellurn</strong></span> <span class='ocrx_word' id='word_1_553' title='bbox 807 4553 1001 4630; x_wconf 77' lang='grc' dir='ltr'><em>ἄσπονδον</em></span> <span class='ocrx_word' id='word_1_554' title='bbox 1016 4557 1120 4625; x_wconf 84' lang='lat' dir='ltr'><strong>debet</strong></span> <span class='ocrx_word' id='word_1_555' title='bbox 1172 4570 1312 4647; x_wconf 89' lang='lat' dir='ltr'><strong>ceptum</strong></span> <span class='ocrx_word' id='word_1_556' title='bbox 1329 4556 1416 4627; x_wconf 85' lang='lat' dir='ltr'><strong>utile</strong></span> <span class='ocrx_word' id='word_1_557' title='bbox 1436 4555 1638 4628; x_wconf 90' lang='lat' dir='ltr'><strong>Stoicorum</strong></span> <span class='ocrx_word' id='word_1_558' title='bbox 1652 4556 1822 4626; x_wconf 87' lang='lat' dir='ltr'><strong>inculcet:</strong></span> <span class='ocrx_word' id='word_1_559' title='bbox 1853 4553 2012 4653; x_wconf 81' lang='grc' dir='ltr'><strong><em>ὅσοφὸς</em></strong></span> <span class='ocrx_word' id='word_1_560' title='bbox 2027 4554 2168 4650; x_wconf 66' lang='grc' dir='ltr'>εὐθυβ-</span> 
     </span>
     <span class='ocr_line' id='line_1_43' title="bbox 146 4652 2203 4756; baseline -0.006 -16"><span class='ocrx_word' id='word_1_561' title='bbox 146 4684 203 4739; x_wconf 74' lang='lat' dir='ltr'><strong>tus</strong></span> <span class='ocrx_word' id='word_1_562' title='bbox 220 4666 409 4750; x_wconf 88' lang='lat' dir='ltr'><strong>omnibns,</strong></span> <span class='ocrx_word' id='word_1_563' title='bbox 442 4660 505 4756; x_wconf 92' lang='lat' dir='ltr'><strong>qui</strong></span> <span class='ocrx_word' id='word_1_564' title='bbox 530 4675 565 4731; x_wconf 90' lang='lat' dir='ltr'><strong>et</strong></span> <span class='ocrx_word' id='word_1_565' title='bbox 587 4660 674 4730; x_wconf 92' lang='lat' dir='ltr'><strong>boni</strong></span> <span class='ocrx_word' id='word_1_566' title='bbox 696 4658 766 4728; x_wconf 89' lang='lat' dir='ltr'><strong>viri</strong></span> <span class='ocrx_word' id='word_1_567' title='bbox 786 4656 965 4750; x_wconf 87' lang='lat' dir='ltr'><strong>perhiberi</strong></span> <span class='ocrx_word' id='word_1_568' title='bbox 983 4661 1120 4745; x_wconf 88' lang='lat' dir='ltr'><strong>volunt,</strong></span> <span class='ocrx_word' id='word_1_569' title='bbox 1170 4652 1301 4753; x_wconf 59' lang='grc' dir='ltr'>(δήμων</span> <span class='ocrx_word' id='word_1_570' title='bbox 1322 4656 1407 4752; x_wconf 75' lang='grc' dir='ltr'><em>ἴση,</em></span> <span class='ocrx_word' id='word_1_571' title='bbox 1439 4658 1579 4748; x_wconf 87' lang='lat' dir='ltr'><strong>sapiens</strong></span> <span class='ocrx_word' id='word_1_572' title='bbox 1605 4659 1747 4750; x_wconf 89' lang='lat' dir='ltr'><strong>proprie</strong></span> <span class='ocrx_word' id='word_1_573' title='bbox 1766 4660 1945 4752; x_wconf 87' lang='lat' dir='ltr'><strong>loquatur.</strong></span> <span class='ocrx_word' id='word_1_574' title='bbox 1996 4658 2166 4749; x_wconf 87' lang='lat' dir='ltr'><strong>Magnam</strong></span> <span class='ocrx_word' id='word_1_575' title='bbox 2196 4744 2203 4753; x_wconf 31' lang='grc' dir='ltr'><strong><em>Ι</em></strong></span> 
     </span>
     <span class='ocr_line' id='line_1_44' title="bbox 145 4753 2167 4851; baseline -0.004 -12"><span class='ocrx_word' id='word_1_576' title='bbox 145 4772 300 4843; x_wconf 81' lang='lat' dir='ltr'><strong>ttrtudia</strong></span> <span class='ocrx_word' id='word_1_577' title='bbox 324 4791 386 4839; x_wconf 88' lang='lat' dir='ltr'><strong>sua</strong></span> <span class='ocrx_word' id='word_1_578' title='bbox 413 4763 573 4835; x_wconf 83' lang='lat' dir='ltr'><strong>referunt</strong></span> <span class='ocrx_word' id='word_1_579' title='bbox 594 4764 639 4832; x_wconf 90' lang='lat' dir='ltr'><strong>ad</strong></span> <span class='ocrx_word' id='word_1_580' title='bbox 669 4784 895 4832; x_wconf 90' lang='lat' dir='ltr'><strong>communem</strong></span> <span class='ocrx_word' id='word_1_581' title='bbox 917 4763 1120 4833; x_wconf 84' lang='lat' dir='ltr'><strong>utilitatem.</strong></span> <span class='ocrx_word' id='word_1_582' title='bbox 1171 4762 1244 4831; x_wconf 90' lang='lat' dir='ltr'><strong>vim</strong></span> <span class='ocrx_word' id='word_1_583' title='bbox 1262 4774 1296 4830; x_wconf 93' lang='lat' dir='ltr'><strong>et</strong></span> <span class='ocrx_word' id='word_1_584' title='bbox 1311 4755 1379 4829; x_wconf 89' lang='lat' dir='ltr'><strong>hoc</strong></span> <span class='ocrx_word' id='word_1_585' title='bbox 1402 4753 1528 4839; x_wconf 88' lang='lat' dir='ltr'><strong>habet,</strong></span> <span class='ocrx_word' id='word_1_586' title='bbox 1560 4760 1715 4830; x_wconf 89' lang='lat' dir='ltr'><strong>multum</strong></span> <span class='ocrx_word' id='word_1_587' title='bbox 1734 4784 1861 4851; x_wconf 88' lang='lat' dir='ltr'><strong>operae</strong></span> <span class='ocrx_word' id='word_1_588' title='bbox 1877 4760 2051 4831; x_wconf 87' lang='lat' dir='ltr'><strong>collocare</strong></span> <span class='ocrx_word' id='word_1_589' title='bbox 2067 4762 2106 4831; x_wconf 95' lang='lat' dir='ltr'><strong>in</strong></span> <span class='ocrx_word' id='word_1_590' title='bbox 2123 4762 2167 4831; x_wconf 91' lang='lat' dir='ltr'><strong>iis</strong></span> 
     </span>
     <span class='ocr_line' id='line_1_45' title="bbox 146 4858 2167 4965; baseline -0.003 -25"><span class='ocrx_word' id='word_1_591' title='bbox 146 4860 229 4945; x_wconf 81' lang='lat' dir='ltr'><strong>flato</strong></span> <span class='ocrx_word' id='word_1_592' title='bbox 256 4868 465 4965; x_wconf 87' lang='lat' dir='ltr'><strong>gravissime</strong></span> <span class='ocrx_word' id='word_1_593' title='bbox 491 4865 597 4946; x_wconf 88' lang='lat' dir='ltr'><strong>dicit,</strong></span> <span class='ocrx_word' id='word_1_594' title='bbox 631 4865 787 4934; x_wconf 90' lang='lat' dir='ltr'><strong>dandam</strong></span> <span class='ocrx_word' id='word_1_595' title='bbox 810 4887 884 4935; x_wconf 88' lang='lat' dir='ltr'><strong>esse</strong></span> <span class='ocrx_word' id='word_1_596' title='bbox 913 4887 1056 4957; x_wconf 89' lang='lat' dir='ltr'><strong>operam</strong></span> <span class='ocrx_word' id='word_1_597' title='bbox 1080 4863 1118 4931; x_wconf 92' lang='lat' dir='ltr'><strong>in</strong></span> <span class='ocrx_word' id='word_1_598' title='bbox 1171 4862 1325 4945; x_wconf 86' lang='lat' dir='ltr'><strong>artibus,</strong></span> <span class='ocrx_word' id='word_1_599' title='bbox 1352 4886 1442 4955; x_wconf 85' lang='lat' dir='ltr'><strong>quae</strong></span> <span class='ocrx_word' id='word_1_600' title='bbox 1456 4861 1651 4953; x_wconf 90' lang='lat' dir='ltr'><strong>plurimum</strong></span> <span class='ocrx_word' id='word_1_601' title='bbox 1667 4858 1800 4934; x_wconf 89' lang='lat' dir='ltr'><strong>babent</strong></span> <span class='ocrx_word' id='word_1_602' title='bbox 1813 4864 2167 4935; x_wconf 86' lang='lat' dir='ltr'><strong>demonstrationum.</strong></span> 
     </span>
     <span class='ocr_line' id='line_1_46' title="bbox 123 4961 2167 5061; baseline -0.008 -12"><span class='ocrx_word' id='word_1_603' title='bbox 123 4968 125 4973; x_wconf 39' lang='lat'><strong>¹</strong></span> <span class='ocrx_word' id='word_1_604' title='bbox 146 4969 297 5057; x_wconf 74' lang='lat' dir='ltr'><strong>diceudo,</strong></span> <span class='ocrx_word' id='word_1_605' title='bbox 323 4994 398 5043; x_wconf 90' lang='lat' dir='ltr'><strong>non</strong></span> <span class='ocrx_word' id='word_1_606' title='bbox 415 4982 455 5039; x_wconf 89' lang='lat' dir='ltr'><strong>ut</strong></span> <span class='ocrx_word' id='word_1_607' title='bbox 468 4962 656 5040; x_wconf 90' lang='lat' dir='ltr'><strong>hominum</strong></span> <span class='ocrx_word' id='word_1_608' title='bbox 673 4965 817 5058; x_wconf 89' lang='lat' dir='ltr'><strong>plausus</strong></span> <span class='ocrx_word' id='word_1_609' title='bbox 831 4979 1030 5057; x_wconf 89' lang='lat' dir='ltr'><strong>captemus,</strong></span> <span class='ocrx_word' id='word_1_610' title='bbox 1057 4965 1117 5034; x_wconf 88' lang='lat' dir='ltr'><strong>sed</strong></span> <span class='ocrx_word' id='word_1_611' title='bbox 1170 4963 1261 5035; x_wconf 89' lang='lat' dir='ltr'><strong>Nam</strong></span> <span class='ocrx_word' id='word_1_612' title='bbox 1278 4977 1312 5035; x_wconf 92' lang='lat' dir='ltr'><strong>et</strong></span> <span class='ocrx_word' id='word_1_613' title='bbox 1329 4961 1489 5035; x_wconf 86' lang='lat' dir='ltr'><strong>Galenus</strong></span> <span class='ocrx_word' id='word_1_614' title='bbox 1503 4965 1633 5034; x_wconf 87' lang='lat' dir='ltr'><strong>fatetur</strong></span> <span class='ocrx_word' id='word_1_615' title='bbox 1648 4988 1685 5035; x_wconf 89' lang='lat' dir='ltr'><strong>se</strong></span> <span class='ocrx_word' id='word_1_616' title='bbox 1705 4989 1795 5055; x_wconf 87' lang='lat' dir='ltr'><strong>pene</strong></span> <span class='ocrx_word' id='word_1_617' title='bbox 1811 4964 1849 5032; x_wconf 92' lang='lat' dir='ltr'><strong>in</strong></span> <span class='ocrx_word' id='word_1_618' title='bbox 1873 4966 2061 5035; x_wconf 88' lang='lat' dir='ltr'><strong>amentiam</strong></span> <span class='ocrx_word' id='word_1_619' title='bbox 2076 4964 2167 5061; x_wconf 87' lang='lat' dir='ltr'><strong>Pyr·</strong></span> 
     </span>
     <span class='ocr_line' id='line_1_47' title="bbox 123 5061 2167 5171; baseline -0.007 -22"><span class='ocrx_word' id='word_1_620' title='bbox 123 5062 319 5171; x_wconf 61' lang='lat' dir='ltr'><strong>:llugrata</strong></span> <span class='ocrx_word' id='word_1_621' title='bbox 342 5073 515 5145; x_wconf 85' lang='lat' dir='ltr'><strong>dicamus.</strong></span> <span class='ocrx_word' id='word_1_622' title='bbox 573 5067 693 5158; x_wconf 87' lang='lat' dir='ltr'><strong>Quare</strong></span> <span class='ocrx_word' id='word_1_623' title='bbox 725 5081 798 5139; x_wconf 89' lang='lat' dir='ltr'><strong>tota</strong></span> <span class='ocrx_word' id='word_1_624' title='bbox 828 5082 946 5139; x_wconf 89' lang='lat' dir='ltr'><strong>mente</strong></span> <span class='ocrx_word' id='word_1_625' title='bbox 974 5082 1119 5160; x_wconf 91' lang='lat' dir='ltr'><strong>totoque</strong></span> <span class='ocrx_word' id='word_1_626' title='bbox 1171 5061 1384 5138; x_wconf 91' lang='lat' dir='ltr'><strong>rhoniorum</strong></span> <span class='ocrx_word' id='word_1_627' title='bbox 1409 5066 1591 5157; x_wconf 87' lang='lat' dir='ltr'><strong>delapsum</strong></span> <span class='ocrx_word' id='word_1_628' title='bbox 1613 5089 1705 5152; x_wconf 89' lang='lat' dir='ltr'><strong>esse,</strong></span> <span class='ocrx_word' id='word_1_629' title='bbox 1742 5066 1811 5136; x_wconf 90' lang='lat' dir='ltr'><strong>uisi</strong></span> <span class='ocrx_word' id='word_1_630' title='bbox 1828 5066 1866 5135; x_wconf 92' lang='lat' dir='ltr'><strong>in</strong></span> <span class='ocrx_word' id='word_1_631' title='bbox 1884 5064 2087 5141; x_wconf 85' lang='lat' dir='ltr'><strong>Geometria</strong></span> <span class='ocrx_word' id='word_1_632' title='bbox 2113 5068 2167 5136; x_wconf 90' lang='lat' dir='ltr'><strong>vi-</strong></span> 
     </span>
     <span class='ocr_line' id='line_1_48' title="bbox 123 5166 2167 5266; baseline -0.005 -19"><span class='ocrx_word' id='word_1_633' title='bbox 123 5172 128 5247; x_wconf 77' lang='lat'><strong>.‘</strong></span> <span class='ocrx_word' id='word_1_634' title='bbox 147 5175 246 5253; x_wconf 76' lang='lat' dir='ltr'><strong>trimo</strong></span> <span class='ocrx_word' id='word_1_635' title='bbox 265 5180 308 5261; x_wconf 81' lang='lat' dir='ltr'><strong>in</strong></span> <span class='ocrx_word' id='word_1_636' title='bbox 322 5173 420 5248; x_wconf 90' lang='lat' dir='ltr'><strong>hunc</strong></span> <span class='ocrx_word' id='word_1_637' title='bbox 434 5195 580 5266; x_wconf 88' lang='lat' dir='ltr'><strong>scopum</strong></span> <span class='ocrx_word' id='word_1_638' title='bbox 596 5194 710 5242; x_wconf 91' lang='lat' dir='ltr'><strong>nuum</strong></span> <span class='ocrx_word' id='word_1_639' title='bbox 729 5169 950 5256; x_wconf 90' lang='lat' dir='ltr'><strong>intueamur,</strong></span> <span class='ocrx_word' id='word_1_640' title='bbox 975 5166 1045 5241; x_wconf 91' lang='lat' dir='ltr'><strong>huc</strong></span> <span class='ocrx_word' id='word_1_641' title='bbox 1062 5168 1120 5238; x_wconf 89' lang='lat' dir='ltr'><strong>di·</strong></span> <span class='ocrx_word' id='word_1_642' title='bbox 1171 5170 1278 5239; x_wconf 90' lang='lat' dir='ltr'><strong>disset</strong></span> <span class='ocrx_word' id='word_1_643' title='bbox 1294 5180 1429 5240; x_wconf 87' lang='lat' dir='ltr'><strong>tantam</strong></span> <span class='ocrx_word' id='word_1_644' title='bbox 1447 5190 1522 5238; x_wconf 87' lang='lat' dir='ltr'><strong>esse</strong></span> <span class='ocrx_word' id='word_1_645' title='bbox 1535 5167 1609 5236; x_wconf 89' lang='lat' dir='ltr'><strong>vim</strong></span> <span class='ocrx_word' id='word_1_646' title='bbox 1626 5168 1984 5244; x_wconf 84' lang='lat' dir='ltr'><strong>demonstrationum.</strong></span> <span class='ocrx_word' id='word_1_647' title='bbox 2046 5170 2167 5262; x_wconf 87' lang='lat' dir='ltr'><strong>Neque</strong></span> 
     </span>
     <span class='ocr_line' id='line_1_49' title="bbox 123 5267 2167 5364; baseline -0.005 -15"><span class='ocrx_word' id='word_1_648' title='bbox 123 5274 222 5355; x_wconf 73' lang='lat' dir='ltr'><strong>&#39;sets</strong></span> <span class='ocrx_word' id='word_1_649' title='bbox 238 5276 285 5354; x_wconf 89' lang='lat' dir='ltr'><strong>sit</strong></span> <span class='ocrx_word' id='word_1_650' title='bbox 305 5300 452 5363; x_wconf 90' lang='lat' dir='ltr'><strong>manus,</strong></span> <span class='ocrx_word' id='word_1_651' title='bbox 477 5274 590 5363; x_wconf 88' lang='lat' dir='ltr'><strong>oculi,</strong></span> <span class='ocrx_word' id='word_1_652' title='bbox 622 5295 725 5355; x_wconf 89' lang='lat' dir='ltr'><strong>cura,</strong></span> <span class='ocrx_word' id='word_1_653' title='bbox 759 5284 849 5343; x_wconf 91' lang='lat' dir='ltr'><strong>utet</strong></span> <span class='ocrx_word' id='word_1_654' title='bbox 867 5295 1052 5357; x_wconf 86' lang='lat' dir='ltr'><strong>eruamus,</strong></span> <span class='ocrx_word' id='word_1_655' title='bbox 1085 5285 1119 5342; x_wconf 91' lang='lat' dir='ltr'><strong>et</strong></span> <span class='ocrx_word' id='word_1_656' title='bbox 1171 5267 1238 5341; x_wconf 89' lang='lat' dir='ltr'><strong>hoc</strong></span> <span class='ocrx_word' id='word_1_657' title='bbox 1261 5294 1303 5341; x_wconf 92' lang='lat' dir='ltr'><strong>eo</strong></span> <span class='ocrx_word' id='word_1_658' title='bbox 1327 5269 1425 5353; x_wconf 89' lang='lat' dir='ltr'><strong>dico,</strong></span> <span class='ocrx_word' id='word_1_659' title='bbox 1457 5270 1552 5364; x_wconf 87' lang='lat' dir='ltr'><strong>quod</strong></span> <span class='ocrx_word' id='word_1_660' title='bbox 1577 5282 1696 5362; x_wconf 91' lang='lat' dir='ltr'><strong>putem</strong></span> <span class='ocrx_word' id='word_1_661' title='bbox 1719 5270 1757 5338; x_wconf 93' lang='lat' dir='ltr'><strong>in</strong></span> <span class='ocrx_word' id='word_1_662' title='bbox 1780 5269 1912 5340; x_wconf 87' lang='lat' dir='ltr'><strong>divinis</strong></span> <span class='ocrx_word' id='word_1_663' title='bbox 1934 5272 2086 5342; x_wconf 86' lang='lat' dir='ltr'><strong>oraculis</strong></span> <span class='ocrx_word' id='word_1_664' title='bbox 2107 5283 2167 5339; x_wconf 89' lang='lat' dir='ltr'><strong>ant</strong></span> 
     </span>
     <span class='ocr_line' id='line_1_50' title="bbox 149 5371 2165 5465; baseline -0.001 -23"><span class='ocrx_word' id='word_1_665' title='bbox 149 5426 335 5453; x_wconf 35' lang='lat' dir='ltr'>w</span> <span class='ocrx_word' id='word_1_666' title='bbox 1170 5371 1305 5465; x_wconf 90' lang='lat' dir='ltr'><strong>ubiqne</strong></span> <span class='ocrx_word' id='word_1_667' title='bbox 1340 5373 1573 5464; x_wconf 84' lang='lat' dir='ltr'><strong>requirendas</strong></span> <span class='ocrx_word' id='word_1_668' title='bbox 1614 5394 1687 5441; x_wconf 89' lang='lat' dir='ltr'><strong>esse</strong></span> <span class='ocrx_word' id='word_1_669' title='bbox 1721 5373 2058 5456; x_wconf 83' lang='lat' dir='ltr'><strong>demonstrationcs3</strong></span> <span class='ocrx_word' id='word_1_670' title='bbox 2105 5373 2165 5440; x_wconf 91' lang='lat' dir='ltr'><strong>sed</strong></span> 
     </span>
    </p>
   </div>
   <div class='ocr_carea' id='block_1_9' title="bbox 173 5473 2167 5582">
    <p class='ocr_par' dir='ltr' id='par_1_9' title="bbox 173 5473 2167 5582">
     <span class='ocr_line' id='line_1_51' title="bbox 173 5473 2167 5582; baseline -0.013 -12"><span class='ocrx_word' id='word_1_671' title='bbox 173 5506 257 5581; x_wconf 63' lang='lat' dir='ltr'><strong>tta]</strong></span> <span class='ocrx_word' id='word_1_672' title='bbox 274 5506 453 5582; x_wconf 65' lang='lat' dir='ltr'><strong>bechemos</strong></span> <span class='ocrx_word' id='word_1_673' title='bbox 468 5512 532 5560; x_wconf 72' lang='lat' dir='ltr'><strong>nus.</strong></span> <span class='ocrx_word' id='word_1_674' title='bbox 911 5506 920 5516; x_wconf 92' lang='lat'>·</span> <span class='ocrx_word' id='word_1_675' title='bbox 1171 5474 1392 5546; x_wconf 90' lang='lat' dir='ltr'><strong>cousuetudo</strong></span> <span class='ocrx_word' id='word_1_676' title='bbox 1414 5474 1574 5546; x_wconf 89' lang='lat' dir='ltr'><strong>methodi</strong></span> <span class='ocrx_word' id='word_1_677' title='bbox 1601 5476 1745 5565; x_wconf 89' lang='lat' dir='ltr'><strong>prodest</strong></span> <span class='ocrx_word' id='word_1_678' title='bbox 1767 5473 1956 5556; x_wconf 87' lang='lat' dir='ltr'><strong>studiosis,</strong></span> <span class='ocrx_word' id='word_1_679' title='bbox 1988 5489 2021 5544; x_wconf 91' lang='lat' dir='ltr'><strong>et</strong></span> <span class='ocrx_word' id='word_1_680' title='bbox 2037 5474 2167 5544; x_wconf 87' lang='lat' dir='ltr'><strong>format</strong></span> 
     </span>
    </p>
   </div>
   <div class='ocr_carea' id='block_1_10' title="bbox 0 0 2336 6022">
    <p class='ocr_par' dir='ltr' id='par_1_10' title="bbox 0 0 2336 6022">
     <span class='ocr_line' id='line_1_52' title="bbox 0 0 2336 6022; baseline 0 0"><span class='ocrx_word' id='word_1_681' title='bbox 0 0 2336 6022; x_wconf 95' lang='lat' dir='ltr'><strong> </strong></span> 
     </span>
    </p>
   </div>
  </div>
 </body>
</html>
