4664 6022
146 308 222 385 287

147 502 222 552 non
245 475 326 547 dico
350 464 469 560 magni
492 472 685 545 mercatus,
711 470 774 528 331
787 466 966 526 'venarum
982 451 1137 524 metalli·

147 602 291 663 carum,
315 575 376 646 sed
393 568 542 641 alicuius
557 560 743 634 mediocris
760 556 1013 631 oeconomiae?
1049 552 1139 625 Exi·

146 685 330 758 stimemus
355 699 401 744 ne
429 670 601 743 atalibus
628 686 729 756 posse
762 660 918 732 rationes
952 658 1138 751 paululum

146 786 255 859 modo
272 778 455 854 intricatas
471 768 589 844 evolvi
604 780 639 838 et
653 764 845 857 explicari?
895 761 1140 856 Nequaquam.

148 888 220 965 Sed
234 883 367 957 horum
381 872 563 948 Thracum
579 868 712 942 similes
725 879 809 937 3331
824 865 863 935 13
879 865 1015 955 magnis
1029 863 1140 934 ratio-

147 992 258 1063 nibus
270 1001 305 1057 et
320 978 478 1054 obscuris
494 997 638 1057 omnes,
661 969 724 1065 qui
744 968 905 1039 destituti
920 978 1003 1037 sunt
1025 958 1135 1035 huius

149 1094 237 1165 artis
259 1082 446 1181 praesidio.
496 1076 579 1149 Non
602 1074 717 1144 solum
739 1073 777 1139 in
803 1082 976 1150 mercatu,
1003 1069 1042 1136 in
1063 1090 1139 1136 me-

149 1192 295 1275 tallicis,
329 1190 367 1258 in
393 1183 554 1255 cudendo
579 1188 740 1259 moneta,
772 1173 890 1242 sedin
917 1171 1039 1241 multis
1061 1168 1140 1238 aliis

148 1294 303 1394 publicis
327 1306 363 1363 et
385 1284 533 1379 privatis
556 1282 661 1351 rebus
676 1275 942 1367 computandis,
972 1286 1047 1343 arte
1063 1273 1138 1364 ipsa

149 1424 238 1494 opus
254 1408 318 1466 est.
370 1388 444 1479 Qui
462 1397 649 1456 versantur
660 1380 698 1448 iu
714 1375 853 1468 Repub.
880 1376 1005 1446 aerarii
1029 1375 1139 1445 ratio·

147 1527 211 1575 nes
233 1520 337 1569 nosse
357 1495 499 1564 debent.
557 1485 668 1576 Saepe
689 1482 728 1549 in
749 1480 892 1551 iudiciis
916 1478 1139 1572 quaestiones

148 1604 333 1682 incidunt,
374 1618 463 1687 quae
492 1589 680 1683 requirunt
709 1582 881 1653 eruditam
904 1580 1139 1671 computatio-

149 1732 245 1781 nem.
300 1703 383 1770 ldeo
409 1719 482 1766 non
506 1693 591 1762 satis
617 1702 668 1758 est
687 1709 790 1755 nosse
806 1707 973 1753 numeros
991 1696 1138 1752 naturae

147 1804 338 1884 beneficio,
371 1800 431 1871 sed
457 1819 512 1866 ars
541 1790 701 1863 addenda
727 1801 796 1872 est,
823 1787 899 1855 31113
924 1811 992 1879 333
1017 1785 1138 1854 nullae

149 1908 310 1985 difficiles
333 1902 488 1973 rationes
506 1892 673 1988 explicari
695 1900 789 1960 certo
807 1901 966 1981 possunt.
1018 1885 1139 1976 Quare

149 2014 312 2088 Socrates
327 2005 418 2096 apud
438 2000 620 2070 Platonem
640 1995 677 2062 in
696 1992 833 2081 legibus
853 1991 959 2060 etiam
976 1986 1068 2058 hauc
1082 2002 1140 2058 tu-

148 2118 211 2195 lit,
237 2126 277 2184 31
290 2109 384 2179 cives
399 2116 571 2194 cogantur
585 2096 718 2168 discere
733 2088 1015 2164 Arithmeticam.
1067 2088 1137 2161 Sed

149 2216 236 2312 quid
261 2211 386 2283 attinet
410 2208 515 2277 dere
539 2215 623 2271 nota
641 2196 813 2289 prolixius
831 2193 972 2265 dicere?
1023 2191 1137 2262 Nemo

148 2320 244 2389 311113
261 2336 336 2384 333
353 2307 504 2379 videtin
519 2301 617 2374 omni
634 2302 706 2368 vita
718 2297 913 2367 maximum
935 2318 1040 2366 usum
1065 2317 1138 2363 esse

147 2414 419 2493 Arithmetices,
445 2408 515 2478 nisi
531 2408 576 2475 sit
591 2401 757 2473 stolidior
773 2396 1040 2468 'l'hracensibus
1056 2397 1138 2480 illis,

68 2567 73 2577 ·
148 2523 303 2618 quinon
327 2524 461 2584 norunt
484 2528 671 2579 numerare
687 2501 838 2593 amplius
854 2515 1016 2594 quatuor.
1070 2496 1138 2569 At·

149 2650 219 2720 que
242 2616 307 2690 1133
332 2616 494 2704 vulgares
514 2608 683 2680 utilitates
701 2603 852 2672 invitare
867 2603 1000 2694 pariter
1015 2624 1138 2671 omnes

144 2714 387 2799 adolescentes
404 2718 448 2785 ad
462 2709 556 2783 hanc
571 2723 680 2779 artem
699 2706 901 2774 discendam
926 2718 960 2773 et
974 2726 1139 2772 exercen-

148 2834 232 2900 dam
252 2821 447 2901 debebant3
498 2813 602 2883 multi
628 2808 723 2879 enim
748 2806 905 2878 incidere
927 2828 1027 2875 casus
1055 2829 1138 2896 pos-

148 2943 252 3008 sunt,
285 2924 348 2996 ubi
378 2917 527 3007 singulis
550 2936 679 3002 magno
703 2910 783 2978 usui
806 2901 1040 2978 Arithmetica
1065 2929 1137 2975 esse

147 3030 275 3127 potest.
325 3022 482 3094 Proinde
506 3031 540 3088 31
565 3013 740 3087 1131311313
762 3034 909 3099 magnae
933 3034 1037 3080 curae
1060 3009 1139 3093 luit,

148 3149 192 3206 ut
208 3129 312 3202 liberi
326 3148 449 3196 eorum
465 3144 543 3189 cum
563 3114 689 3208 primis
705 3114 817 3184 literis
833 3113 936 3182 etiam
952 3106 1138 3182 Arithme-

148 3237 243 3308 ticen
266 3229 499 3325 perciperent.
558 3216 775 3290 Meministis
799 3214 893 3284 enim
916 3237 1038 3284 versus
1060 3210 1138 3281 Ho-

144 3337 243 3409 retii:

198 3479 333 3545 Romani
348 3475 435 3558 pueri
448 3470 548 3550 longis
564 3466 729 3527 rationibus
744 3483 838 3523 essem

200 3580 332 3645 Discunt
346 3584 379 3639 iu
394 3587 492 3658 partes
507 3584 628 3633 centum
643 3566 800 3641 diducere,
827 3563 906 3624 dicet

201 3685 299 3747 Filius
313 3680 441 3754 Albini,
467 3679 493 3737 si
512 3674 549 3732 de
564 3676 731 3754 quincunce
749 3677 863 3727 remota
878 3679 921 3725 est

197 3787 315 3862 chic,
337 3780 411 3867 quid
431 3771 575 3859 superat?

148 3917 342 4010 Multiplex
358 3912 461 3983 etiam
481 3900 705 3977 Geometriae
728 3897 864 3969 utilitas
888 3910 957 3981 est,
982 3920 1056 3965 uon
1078 3918 1137 3965 so-

148 4025 224 4094 lum
241 4021 281 4091 in
297 4011 557 4092 aedificatione,
572 4006 610 4073 in
624 4001 812 4073 metiendis
827 3999 935 4081 vasis,
955 4001 1013 4067 sed
1031 3998 1136 4067 etiam

148 4126 227 4193 viro
244 4119 389 4212 politico
413 4113 452 4182 in
468 4100 763 4198 cosmographia,
788 4103 825 4172 iu
843 4103 1003 4171 locorum
1026 4100 1136 4171 inter-

149 4224 253 4294 vallis
276 4213 525 4306 intelligendis.
577 4208 646 4282 Sed
669 4208 812 4277 discedo
834 4206 879 4274 ab
901 4199 957 4272 his
980 4203 1137 4293 vulgari·

149 4330 217 4399 bus
235 4321 459 4396 utilitatibus.

250 4458 300 4531 111
318 4455 433 4550 quiin
451 4447 576 4520 31311113
595 4456 790 4527 3333331331
814 4456 847 4513 31
864 4441 1054 4532 3331331313
1068 4443 1136 4512 do·

483 194 491 215 ‘
585 278 747 362 1111011.
796 274 873 356 ult
912 262 1122 359 PRAEF.
1154 271 1732 359 131313333113311.

1190 449 1321 546 species
1333 450 1373 522 13
1385 465 1459 525 3313
1476 452 1691 525 numerandi
1705 452 1853 529 discere.
1902 452 1971 527 liis
1988 455 2176 529 mediocri-

1190 568 1245 627 ter
1258 555 1427 647 cognitis,
1451 558 1711 650 propemodum
1729 553 2047 631 1313Α3133331313
2066 559 2180 632 3131113

1191 659 1325 753 percipi
1339 658 1504 731 11333113
1520 660 1727 730 difficultate
1745 673 1869 753 potest.

1279 759 1383 832 Plato
1400 759 1439 831 in
1452 756 1617 833 Phaedro
1633 761 1735 853 fingit
1749 760 1909 855 duplices
1923 759 2082 846 animas,
2096 784 2181 857 3113·

1190 887 1271 934 3313
1293 864 1421 935 alteras
1444 864 1494 937 311
1516 863 1626 934 313133
1646 888 1737 952 3333,
1762 864 1900 952 3113313,
1921 862 2062 960 133311,
2087 863 2180 936 deci-

1192 966 1285 1036 disse
1303 966 1387 1036 alas
1448 964 1563 1037 Porro
1589 966 1699 1038 alatas
1726 967 1776 1038 ait
1798 966 1947 1039 volitare
1966 967 2006 1037 in
2029 966 2178 1054 coelum,

1191 1068 1348 1139 fruentes
1365 1060 1558 1159 congressu
1577 1069 1827 1164 colloquioque
1843 1067 1931 1156 Dei,
1957 1082 1992 1141 et
2013 1062 2177 1163 pulcher-

1190 1169 1283 1241 rimo
1309 1171 1506 1262 spectaculo
1530 1194 1697 1245 cursuum
1716 1170 1939 1254 coelestium,
1966 1185 2002 1243 et
2018 1169 2178 1243 conside·

1191 1296 1270 1341 3333
1291 1297 1412 1344 333333
1433 1273 1596 1343 31331313
1616 1275 1854 1345 mutationum
1875 1273 1913 1342 in
1928 1272 2102 1345 inferiore
2119 1297 2177 1345 33-

1191 1388 1288 1459 1333,
1315 1374 1353 1443 13
1372 1390 1469 1463 3333,
1490 1375 1529 1445 13
1548 1375 1782 1448 animantium
1801 1376 2029 1467 corporibus,
2054 1376 2095 1445 in
2117 1370 2178 1447 hc·

1191 1477 1329 1546 minum
1350 1476 1476 1549 studiis
1497 1491 1531 1548 31
1555 1478 1736 1564 1333111113,
1762 1479 1800 1547 13
1818 1478 1926 1548 variis
1947 1477 2177 1571 imperiorum

1192 1592 1225 1648 et
1242 1579 1425 1651 civitatum
1439 1581 1588 1650 casibus.
1639 1578 1758 1674 Atque
1780 1575 1846 1650 hae
1861 1580 2001 1650 animae
2027 1593 2105 1653 toto
2120 1604 2179 1653 vc·

1190 1680 1332 1753 litantes
1354 1682 1453 1752 coelo
1477 1695 1598 1774 333133
1620 1678 1887 1774 pulchritudine
1904 1682 2179 1753 divinarumrs·

1191 1807 1292 1868 rum,
1317 1796 1353 1853 et
1369 1784 1466 1854 illius
1479 1784 1680 1854 admirandi
1705 1785 1842 1854 ordinis
1865 1799 1897 1856 et
1919 1785 2099 1856 suavitate
2118 1784 2180 1857 do·
2202 1822 2204 1847 :

1191 1885 1326 1955 3131333
1356 1899 1391 1957 31
1413 1886 1574 1971 virtutis,
1611 1881 1677 1957 1133
1700 1911 1770 1957 333
1796 1887 1976 1979 1131331313
2011 1900 2179 1981 perpetuo
2202 1968 2205 1973 ¹

1190 1988 1263 2057 1331
1279 1989 1445 2079 3331331,
1472 2013 1536 2058 333
1552 2003 1703 2059 3333331
1721 1990 1859 2059 animos
1875 1989 2064 2061 obscoenis
2080 1989 2177 2061 colu-

1191 2089 1364 2182 ptatibus‚
1389 2115 1479 2184 quae
1500 2091 1709 2182 perturbant
1732 2086 1956 2162 harmoniam
1974 2091 2119 2163 virtutis
2143 2089 2177 2163 ic

1191 2192 1339 2272 animis,
1366 2206 1400 2263 et
1420 2191 1598 2264 obiiciunt
1614 2193 1819 2283 caliginem,
1844 2218 1889 2263 ne
1906 2194 2074 2267 coelestia
2089 2193 2176 2289 aspi·

1190 2317 1267 2364 cere
1285 2294 1432 2385 possint.
1482 2290 1533 2365 At
1548 2295 1630 2364 illae
1652 2293 1809 2378 animae,
1835 2296 1966 2391 quibus
1989 2295 2177 2368 313311331-

1191 2398 1339 2482 derunt,
1369 2390 1471 2467 humi
1501 2411 1692 2487 vagantur,
1725 2412 1759 2469 et
1782 2412 1957 2491 quaerunt
1984 2398 2177 2491 voluptates

1191 2499 1349 2590 impuras
1372 2521 1413 2568 311
1432 2499 1537 2569 331133
1559 2498 1727 2585 terrenis,
1760 2525 1824 2569 nec
1855 2500 1951 2569 euim
1979 2500 2078 2571 illam
2098 2500 2177 2593 pul-

1191 2595 1402 2669 cherrimam
1442 2602 1556 2671 lucem
1598 2626 1715 2672 rerum
1753 2602 1957 2672 coelestium
1994 2600 2206 2703 3331313311

1189 2699 1267 2772 Etsi
1290 2716 1408 2772 autem
1431 2700 1533 2774 Plato
1555 2704 1626 2773 alas
1652 2703 1817 2794 intelligit
1841 2699 2006 2775 heroicos
2032 2704 2176 2801 impetus

1190 2804 1441 2892 ingeniorum,
1474 2819 1591 2875 tamen
1616 2829 1661 2875 ne
1685 2805 1740 2874 illi
1765 2806 1910 2899 quidem
1935 2807 2094 2901 impetus
2115 2804 2174 2879 soli
2202 2860 2207 2919 Ι

1191 2906 1331 2977 3311333
1351 2899 1571 2988 subvehunt,
1607 2909 1666 2976 sed
1698 2931 1787 2998 opus
1812 2921 1864 2979 cst
1894 2906 2002 2980 etiam
2037 2908 2173 2994 artibus,

1191 3009 1322 3101 quibus
1345 3008 1398 3076 illi
1421 3009 1489 3100 ipsi
1512 3009 1665 3100 impetus
1688 3011 1906 3081 attollantur.
1960 3010 2059 3084 Sunt
2078 3014 2172 3105 igitur

1190 3110 1408 3180 alaemcutis
1429 3105 1624 3195 1131311333,
1651 3106 1885 3183 Α311111331133
1909 3127 1942 3184 31
1965 3110 2166 3188 Geometrie·

1190 3210 1265 3281 llas
1288 3212 1316 3280 si
1346 3212 1542 3302 alligaverit
1566 3212 1634 3283 sibi
1658 3214 1786 3307 aliquis
1820 3217 2004 3307 praeditus
2040 3217 2167 3311 iugenio

1191 3341 1264 3383 1133
1279 3315 1442 3398 333111113,
1466 3314 1619 3386 sacilime
1634 3318 1833 3406 penetrabit
1851 3317 1887 3385 in
1913 3320 2058 3391 coelum
2080 3348 2116 3394 33
2134 3322 2167 3392 li·

1190 3419 1273 3485 bere
1288 3417 1326 3485 in
1343 3416 1545 3488 coelestium
1561 3431 1662 3488 coetu
1678 3419 1878 3508 vagabitur,
1903 3422 2019 3493 311113
2043 3424 2118 3496 1313
2136 3449 2166 3496 31

1189 3519 1360 3610 sapientia
1375 3520 1523 3590 fruetur.

1293 3618 1414 3707 Quare
1438 3622 1492 3689 illi
1517 3621 1578 3714 qui
1602 3636 1685 3691 sunt
1706 3623 1858 3712 ingeniis
1877 3647 1950 3694 non
1971 3631 2161 3703 monstrosis

1191 3723 1360 3813 praediti,
1392 3736 1425 3792 et
1450 3746 1505 3791 res
1529 3722 1680 3812 optimas
1703 3725 1922 3818 maximeque
1938 3730 2160 3814 admirandas,
2198 3796 2208 3805 .

1190 3838 1222 3893 et
1237 3824 1570 3913 cognitionedignas
1587 3826 1741 3916 aspicere
1756 3828 1917 3920 cupiunt,
1945 3826 2011 3904 has
2028 3835 2159 3908 31333111

1189 3928 1341 4011 addant,
1374 3928 1552 4012 videlicet,
1587 3922 1901 4001 Α1·11113131133331
1925 3930 2160 4010 Geometrisn

1189 4026 1326 4097 Harum
1345 4054 1410 4120 ope
1424 4030 1551 4100 sublati
1570 4029 1607 4098 in
1626 4031 1780 4116 coelum,
1800 4032 1952 4105 lustrare
1966 4040 2157 4113 oculiscui

1188 4154 1324 4201 versam
1350 4156 1468 4203 rerum
1493 4145 1676 4218 naturam,
1702 4157 1847 4205 cernere
1865 4137 1985 4229 spacia
2000 4156 2158 4239 3131313111

1188 4234 1423 4304 maximorum
1458 4259 1667 4325 corporum,
1703 4236 1824 4306 videre
1856 4241 2028 4333 syderum
2056 4244 2157 4317 1313111

1188 4358 1411 4424 congressus,
1443 4336 1598 4428 denique
1626 4360 1748 4407 causas
1779 4363 1899 4409 rerum
1930 4346 2157 4429 133313133311,
2196 4416 2200 4421 .

1189 4462 1278 4532 3333
1302 4439 1339 4506 13
1366 4434 1431 4506 1133
1447 4434 1634 4508 1131313313
1655 4439 1725 4509 vita
1742 4442 1928 4529 accidunt,
1954 4449 2158 4522 animadver-

148 4568 298 4638 ctrinam
314 4551 612 4649 expetunt‚illam
630 4547 696 4617 sibi
714 4546 903 4618 utilitatem
921 4559 1136 4635 proponant,
1189 4554 1262 4610 tere
1291 4540 1463 4631 poteritis.
1522 4537 1696 4610 Existimo
1721 4564 1906 4630 generosas
1941 4564 2079 4623 mentes
2108 4546 2157 4623 hst

149 4669 245 4765 quod
279 4667 322 4734 ad
356 4657 552 4729 doctrinam
578 4654 621 4721 de
649 4652 755 4720 rebus
780 4647 987 4716 coelestibus
1014 4649 1135 4716 331133
1189 4655 1285 4711 13313
1305 4643 1457 4712 utilitate
1473 4646 1567 4734 capi,
1594 4644 1781 4714 3113311331
1808 4652 1973 4737 possead
1998 4647 2065 4724 has
2085 4668 2156 4725 artes

147 4771 265 4849 aditus
296 4776 409 4856 patet,
441 4758 510 4827 nisi
541 4778 603 4847 per
627 4747 898 4823 Arithmeticam
924 4763 957 4818 et
981 4746 1136 4818 Geome-
1191 4746 1375 4813 discendas
1397 4758 1430 4814 et
1455 4747 1633 4814 amandas.
1685 4744 1766 4817 Scio
1787 4749 1882 4819 enim
1903 4754 2009 4825 vohis
2031 4757 2154 4853 3311133

86 4916 90 4929 .
148 4874 265 4945 ariam,
317 4862 363 4936 Et
385 4862 527 4957 quidem
551 4869 647 4926 tanta
668 4855 722 4922 vis
749 4866 800 4922 est
825 4846 1075 4921 Arithmetices
1097 4852 1135 4919 in
1188 4848 1271 4916 satis
1289 4870 1491 4937 persuasum
1508 4870 1599 4931 esse,
1628 4871 1791 4938 magnam
1813 4850 2026 4942 dignitatem
2049 4874 2084 4931 et
2102 4856 2155 4931 1111·

150 4972 309 5045 doctrina
335 4970 378 5036 de
398 4966 503 5033 rebus
518 4957 747 5039 coelestibus,
768 4967 808 5024 ut
823 4952 991 5022 mediocri
1011 4946 1136 5021 Arith-
1189 4949 1322 5019 litatem
1346 4973 1420 5018 esse
1445 4950 1627 5020 doctrinae
1650 4952 1694 5019 de
1716 4952 1821 5024 rebus
1837 4955 2070 5047 coelestibus,
2094 4980 2155 5031 rct-

148 5075 276 5146 metico
298 5093 387 5162 pene
409 5064 529 5134 omnia
552 5063 590 5130 in
614 5058 775 5129 doctrina
797 5079 916 5124 rerum
931 5054 1134 5124 coelestium
1189 5076 1275 5142 que,
1312 5065 1352 5120 31
1375 5053 1492 5135 decet,
1525 5053 1672 5122 auribus
1698 5068 1803 5149 atque
1832 5056 1962 5129 animis
1985 5058 2157 5135 3111133331

144 5182 217 5251 sint
235 5171 371 5264 pervia:
395 5181 487 5237 certe
514 5185 676 5253 magnam
700 5173 835 5251 partem
859 5157 933 5226 eius
954 5157 1136 5227 doctrinae
1188 5155 1232 5222 ab
1265 5150 1410 5244 Epicuri
1445 5154 1704 5236 deliramentis,
1737 5157 1799 5250 qui
1828 5159 1967 5233 deridet
2000 5161 2157 5237 11313333·

145 5283 223 5353 sine
239 5276 313 5346 ullo
329 5269 473 5359 negocio
488 5264 628 5358 assequi
651 5274 774 5354 potest.
828 5257 903 5328 lam
926 5258 1006 5327 vide
1029 5282 1134 5351 quam
1187 5256 1312 5338 mium,
1339 5270 1372 5326 et
1389 5257 1543 5327 somniat
1559 5254 1678 5327 Solem
1696 5281 1769 5329 esse
1782 5284 1967 5362 vaporem,
1994 5268 2057 5361 qui
2072 5286 2155 5338 mane
2191 5278 2212 5299 ·

145 5386 270 5471 exiguo
295 5377 418 5446 labore.
431 5384 602 5464 quantum
625 5363 781 5456 precium
801 5384 927 5451 operae
945 5359 1057 5451 possis
1082 5360 1134 5429 fa·
1187 5359 1401 5429 accendatur
1435 5371 1551 5442 motu,
1583 5374 1700 5450 postea
1736 5375 1795 5432 aut
1828 5362 2016 5455 deflagret,
2047 5365 2151 5441 33113

145 5510 233 5556 3333.
287 5472 386 5551 Nihil
407 5471 545 5542 facilius
572 5481 640 5553 est,
672 5488 778 5559 quam
814 5457 896 5550 has,
921 5476 961 5532 ut
993 5475 1135 5546 vocant,
1186 5484 1276 5554 aqua
1307 5461 1548 5552 extinguatur:
1600 5461 1647 5531 ita
1676 5476 1710 5532 et
1740 5464 1858 5535 stellas
1887 5490 1961 5539 3333
1981 5470 2152 5543 nubeculas
2208 5558 2212 5565 Ι
