4664 6022
138 338 214 415 669
717 314 876 395 DECL.
908 309 985 388 DE
1016 307 1116 387 nat
1150 290 1584 380 INVOCATIONE.
2091 286 2163 363 660

147 509 223 581 No.
240 506 302 580 79,
933 490 997 571 (an.
1017 489 1129 569 1544.)
1178 477 1261 547 brat
1275 486 1307 543 et
1322 473 1474 550 invocat,
1497 482 1539 539 ut
1552 478 1666 537 servet
1680 461 1859 537 Ecclesiae
1871 460 2056 558 reliquias·
2080 456 2165 531 Cum

150 604 321 637 *Ν
952 579 1125 613 ‘⁶⁸‘
1181 578 1243 648 illa
1263 573 1406 645 coelesti
1423 567 1579 641 Ecclesia
1598 592 1664 638 noa
1686 567 1964 656 coniungamus,
1989 576 2026 635 et
2039 583 2167 633 cumea

379 706 455 791 Dp
483 697 580 786 Dei
610 691 905 779 invocatione,
1181 680 1353 748 immensa
1373 670 1441 742 Dei
1468 670 1636 740 beneficia
1657 668 1726 760 piis
1748 668 1930 737 mentibus
1952 662 2169 754 contemple-

1182 801 1283 862 mur,
1303 797 1440 867 nosque
1460 774 1504 842 ad
1524 770 1716 862 gratiarum
1735 770 1911 839 actionem
1934 780 1972 838 et
1999 766 2047 836 ad
2074 764 2169 833 iuvo-

216 862 1014 1023 ¹⁰,?{ssfiiiffl'bfifffffl[s‘ffifss'pffffi‘
1029 863 1136 985 {ffi
1185 878 1360 951 cationem
1384 873 1635 965 exuscitemus,
1660 868 1932 941 commonefacti
1953 865 2012 937 bis
2028 864 2099 936 Dei
2116 888 2169 957 pa·

251 1036 314 1074 nem
327 1020 361 1075 ιι
372 1036 417 1073 aa.
434 1015 508 1071 tata
541 1020 634 1077 roem
647 1025 689 1076 aa,
708 1024 778 1078 quaa
792 1004 921 1074 tqoosur
932 1005 961 1059 in
974 1000 1040 1057 Met.
1056 998 1135 1071 epist.
1185 978 1455 1060 tefactionibus,
1481 997 1572 1068 quae
1585 988 1680 1044 certo
1696 985 1873 1043 testantur
1884 992 1968 1040 vere
1979 989 2096 1057 genus
2108 961 2171 1035 bo·

247 1088 281 1143 ’ἀ
296 1088 433 1143 onear.
449 1082 512 1140 ⁸³⁰¹·
551 1076 677 1151 ῬΜ
1186 1104 1334 1153 manum
1357 1077 1390 1148 ei
1414 1100 1518 1147 curae
1542 1098 1632 1145 esse:
1666 1095 1890 1168 nequaqnam
1921 1072 2020 1140 enim
2050 1069 2170 1139 frustra

1188 1182 1285 1254 Deus
1299 1206 1341 1251 ex
1357 1201 1485 1249 arcana
1500 1178 1562 1246 illa
1577 1200 1639 1247 sua
1656 1178 1739 1245 sede
1760 1174 1913 1267 prodiit,
1937 1194 1979 1242 ac
1994 1170 2171 1241 uobnmu

1189 1285 1292 1358 toties
1311 1297 1382 1353 tam
1404 1278 1627 1349 familiariter
1649 1277 1788 1347 locutus
1816 1289 1885 1355 est,
1915 1286 2048 1345 ettam
2071 1270 2172 1341 multe

149 1382 331 1469 ffiffi'm
360 1402 504 1482 Pf⁰P¹²f
533 1386 664 1455 “mim
695 1404 828 1454 ‘aum'
847 1375 1042 1451 Esstlssiam
1071 1373 1140 1445 Dei
1190 1384 1376 1481 proposuit
1390 1403 1473 1450 vera
1489 1402 1569 1469 erga
1584 1404 1649 1449 nos
1665 1375 1933 1449 benevolentiae
1946 1371 2159 1446 testimonia.

151 1495 317 1565 omnibus
335 1488 481 1562 saeculis
501 1483 570 1558 boc
588 1483 675 1556 anni
691 1498 868 1574 tempore,
898 1481 935 1549 id
954 1493 1023 1563 est,
1047 1476 1141 1545 veris
1295 1482 1467 1573 utigitur
1483 1477 1568 1551 haee
1583 1504 1664 1551 vera
1682 1479 1767 1549 anni
1786 1478 1928 1549 exordia
1949 1475 2025 1547 eine
2047 1470 2174 1545 foelicia

151 1594 254 1665 initio
270 1596 314 1664 ad
330 1589 647 1666 considerationem
671 1585 905 1654 maximorum
921 1604 1069 1673 operum
1086 1578 1141 1647 di·
1192 1602 1226 1659 01
1258 1584 1426 1658 salutaria
1453 1583 1639 1654 universae
1662 1577 1843 1651 Ecclesiae
1867 1577 1936 1648 Dei
1968 1591 2007 1647 et
2039 1574 2175 1667 palitiis,

152 1699 337 1780 Vl¹¹⁰f¹¹¹¹¹s
361 1717 451 1787 ‘lude
474 1714 515 1761 ²⁰
536 1704 693 1779 tempore
710 1687 919 1769 factasunt,
943 1682 1082 1772 saepius
1097 1680 1141 1748 ad
1194 1711 1284 1784 quae
1305 1698 1387 1756 sunt
1410 1679 1564 1774 hospitia
1580 1681 1755 1754 Ecclesiae
1770 1704 1811 1751 ac
1827 1676 1978 1752 Scholae
1995 1688 2178 1748 nostractt

152 1797 310 1869 coelestis
333 1794 515 1866 ducturae
539 1787 828 1879 explicationem,
861 1797 896 1854 et
919 1784 962 1852 ad
984 1781 1144 1874 publicas
1194 1791 1316 1861 nobie:
1345 1787 1499 1878 primum
1523 1786 1597 1876 ipse
1622 1805 1732 1876 pauca
1748 1785 1794 1852 de
1809 1780 2016 1874 precatione
2030 1777 2178 1849 dietum

151 1898 371 1995 precationes
394 1892 618 1974 convenisse,
643 1903 678 1960 et
693 1884 874 1957 accessisse
891 1884 980 1953 ritus
997 1883 1145 1975 aliquos,
1195 1915 1293 1972 eum,
1319 1911 1410 1982 quae
1427 1909 1507 1955 eum
1525 1886 1710 1957 audieritis
1731 1907 1802 1953 una
1826 1905 1970 1967 omnes,
2006 1896 2044 1953 ee
2064 1878 2180 1971 gntae

153 2014 215 2071 aut
231 1996 392 2067 exercitia
405 1990 668 2085 temperantiae,
693 2001 734 2059 ut
752 2011 791 2057 ea
810 1986 911 2080 quasi
926 1999 1029 2065 nota,
1055 1997 1145 2053 tem·
1196 2014 1339 2082 agemus
1360 1987 1455 2071 Deo,
1488 1998 1523 2056 et
1546 2002 1627 2058 voce
1652 1987 1838 2070 faciemus,
1864 1995 1905 2055 ut
1928 2006 1997 2052 003
2019 1982 2180 2073 gubernet

153 2121 221 2193 pus
236 2095 443 2186 insignitum
461 2107 559 2167 essct.
1195 2093 1292 2166 Deus
1310 2115 1350 2160 ac
1364 2101 1489 2160 servet.
1541 2085 1614 2158 Nec
1629 2112 1712 2157 vero
1730 2087 1844 2155 ullum
1867 2080 1920 2156 est
1939 2098 2178 2174 argumentur

294 1248 422 1318 Oratio
450 1240 498 1313 de
522 1259 612 1312 cera
639 1238 715 1307 Des·
741 1235 987 1306 invocatione.

257 2196 347 2268 Nam
365 2195 469 2269 initio
494 2194 589 2266 veris
610 2191 792 2262 conditum
811 2211 885 2259 esse
908 2188 1083 2256 mundum
1105 2208 1145 2254 eo
1196 2193 1348 2286 amplius
1371 2205 1407 2261 ει
1431 2189 1593 2274 uberius,
1625 2212 1732 2282 quam
1762 2185 1879 2256 dicere
1901 2186 1946 2255 de
1976 2184 2181 2277 precatione,
2221 2224 2223 2267 ÷

156 2299 390 2384 existimatur,
415 2296 499 2391 quia
513 2293 698 2366 exordium
713 2288 800 2361 anni
820 2291 858 2358 in
875 2300 1010 2359 vetusta
1023 2281 1146 2356 Ecclc·
1198 2320 1263 2365 nec
1280 2293 1352 2363 ulla
1369 2291 1481 2360 virtus
1495 2304 1567 2375 est,
1593 2293 1637 2359 de
1651 2314 1720 2383 qua
1737 2287 1876 2379 saepius
1893 2300 1928 2357 et
1944 2286 2124 2359 libentius
2134 2308 2180 2355 oo·

157 2403 207 2474 sia
223 2400 293 2473 fuit
307 2398 466 2492 proxima
480 2394 706 2492 aequinoctio
719 2416 843 2475 verno,
868 2389 964 2461 Solis
977 2402 1009 2458 et
1024 2387 1148 2456 Lunae
1198 2398 1309 2489 giem
1338 2386 1501 2462 homi&
1531 2404 1624 2461 recte
1643 2402 1872 2480 agnoscentes
1893 2387 2014 2459 Deum
2050 2397 2179 2483 oportet.

157 2502 376 2574 coniunctio.
417 2496 555 2571 Eodem
571 2495 872 2566 menseinarcam
889 2485 993 2560 Noba
1011 2490 1148 2578 ingres·
1199 2496 1295 2569 Haec
1317 2493 1415 2563 euim
1436 2492 1580 2584 proprie
1600 2493 1769 2563 diffluit
1784 2484 1984 2560 Ecclesiam
2007 2492 2060 2563 ab
2084 2485 2182 2561 omi.

158 2625 218 2675 sus
237 2615 306 2688 est,
332 2616 366 2672 et
391 2601 602 2672 circumacto
624 2619 719 2667 anno
743 2618 784 2665 er
806 2616 885 2664 arca
912 2610 1090 2681 egressus,
1113 2599 1151 2658 et
1200 2602 1265 2671 bus
1283 2595 1459 2687 gentibus.

159 2704 307 2777 extricti
323 2702 501 2797 squallore
514 2701 670 2771 mundus
690 2710 880 2767 renovatus
897 2706 961 2765 est.
1011 2688 1149 2760 Eodem
1302 2693 1438 2765 Mutum
1461 2704 1610 2784 possunt
1633 2713 1707 2760 esse
1733 2692 1773 2760 in
1803 2693 2062 2784 igmeaneibu.
2083 2711 2184 2761 m
2221 2656 2223 2671 Ι

158 2828 278 2877 mense
293 2830 334 2875 ex
350 2802 511 2897 Aegypto
524 2802 649 2870 educta
664 2810 715 2866 est
728 2792 899 2878 Ecclesia,
925 2794 963 2861 ἰῐι
979 2814 1048 2884 qua
1063 2792 1152 2859 edu·
1201 2802 1245 2870 dc
1258 2796 1334 2867 Deo
1356 2795 1554 2865 doctrinam
1578 2793 1786 2863 excellentes
1801 2795 1971 2881 virtutes,
1993 2786 2185 2890 quae-boc

161 2908 277 2978 ctione
304 2903 401 2974 Deus
433 2900 631 2972 illustribus
662 2896 875 2968 testimoniis
909 2916 946 2963 se
977 2891 1151 2983 patefecit.
1203 2900 1344 2972 civilem
1360 2897 1468 2967 vitam
1485 2909 1520 2965 et
1536 2894 1735 2965 societatem
1753 2910 1891 2985 regum,

160 3002 298 3077 Eodem
312 3025 433 3073 mense
447 3013 635 3091 conceptus
652 2997 756 3069 estin
772 2996 852 3066 alvo
867 3010 1028 3065 materno
1038 2991 1152 3063 Filius
1302 2996 1419 3069 Credo
1435 2995 1692 3087 Pomponium,
1716 2992 1888 3077 Atticum,
1911 2992 2115 3083 Senecam,
2131 2990 2182 3065 Pt-

165 3104 247 3193 Dei,
280 3120 314 3179 et
333 3102 437 3177 initio
453 3101 539 3173 atini
556 3097 723 3173 tricesimi
738 3098 873 3191 quarti,
903 3108 1022 3190 postea
1048 3092 1151 3163 victi·
1204 3101 1389 3195 pinianum
1402 3096 1707 3181 Iurisconsultum,
1724 3099 1787 3189 qui
1802 3097 1980 3168 iusticiam
1990 3097 2095 3170 vitae
2107 3116 2182 3191 pnt-

162 3231 221 3279 ma
237 3231 302 3299 pro
328 3205 434 3277 uobis
456 3205 495 3275 in
519 3225 621 3275 cruce
643 3202 755 3271 factus
773 3211 843 3279 cst,
870 3211 904 3271 et
928 3195 1154 3267 resuscitatus
1204 3203 1305 3286 tulit,
1331 3224 1371 3270 ae
1391 3214 1545 3293 tyranno
1569 3197 1739 3269 cervicem
1764 3200 1952 3289 praebere,
1978 3222 2097 3293 quam
2111 3196 2189 3269 inia-

164 3308 318 3381 ostcudit
331 3304 510 3379 Ecclesiae
533 3302 706 3395 gloriosae
726 3316 760 3372 et
786 3300 877 3371 vitae
899 3314 1061 3369 aeternae
1082 3295 1154 3365 ini·
1204 3318 1293 3374 stam
1308 3324 1446 3371 eausam
1464 3301 1556 3370 tueri
1570 3299 1706 3382 maluit,
1728 3299 1835 3369 fuisse
1848 3300 1945 3369 viros
1962 3299 2096 3387 iustos,
2117 3314 2192 3372 tens-

164 3411 225 3481 tia.
275 3406 387 3479 Multi
406 3408 532 3477 eodem
549 3427 668 3475 mense
686 3415 721 3473 et
737 3402 831 3471 Abel
852 3401 1096 3484 interfectum,
1121 3410 1157 3467 ct
1205 3416 1387 3496 perantes,
1420 3401 1613 3485 beneficos,
1643 3400 1832 3489 fugitantes
1854 3400 2080 3487 libidinum,
2103 3400 2194 3473 utiles

165 3510 324 3583 oblatum
339 3531 413 3580 esse
429 3504 526 3579 lsaac
541 3506 771 3577 arbitrantur.
1207 3504 1361 3595 Reipub.
1413 3500 1509 3590 Quid
1527 3502 1633 3592 igitur
1647 3524 1714 3571 nos
1731 3501 2004 3575 antecellimus?
2038 3502 2135 3575 Num
2148 3502 2195 3571 in·

266 3608 404 3681 llamm
436 3607 669 3679 maximarum
704 3627 822 3679 rerum
847 3600 1044 3672 recordatio
1075 3623 1156 3669 cum
1207 3604 1335 3697 genio?
1361 3605 1547 3674 doctrina?
1570 3624 1710 3672 morum
1731 3603 1978 3673 moderatione
1999 3604 2195 3697 illossupe·

167 3708 286 3796 fieret,
309 3704 402 3779 nibil
418 3708 549 3779 mirum
564 3720 617 3779 est
629 3728 767 3797 semper
782 3703 901 3799 aliqua
917 3703 976 3795 pia
993 3700 1157 3772 exercitia
1208 3705 1351 3777 rrimus?
1383 3702 1626 3799 Nequaquam.
1659 3700 1729 3774 Sed
1746 3727 1827 3773 vera
1843 3701 1910 3774 Dei
1922 3705 2129 3795 agnitione,
2150 3705 2197 3775 iu-

169 3810 264 3884 diem
278 3804 469 3885 Paschatos
487 3804 723 3902 praecessisse.
1208 3807 1394 3879 vocatione
1411 3819 1444 3878 et
1458 3805 1694 3876 celebratione
1708 3818 1936 3895 praestamus.
1980 3804 2043 3877 De
2058 3830 2131 3904 qua
2143 3803 2199 3879 aa·

281 3908 534 4003 Temperantia
574 3906 684 3998 igitur
722 3903 879 3976 severior
923 3899 1058 3973 indicta
1096 3913 1158 3975 est.
1210 3909 1313 3979 multi
1332 3907 1506 3998 sapientes
1519 3908 1662 3987 dicunt,
1687 3929 1762 3975 non
1774 3907 1911 3992 verbis,
1933 3909 2000 3979 aed
2021 3909 2133 3983 factis
2148 3932 2199 3981 cs·

170 4013 309 4087 Deinde
330 4036 405 4083 non
429 4025 500 4081 um
517 4008 766 4103 superstitione
781 4029 889 4101 quam
912 4004 1050 4075 inscitia
1068 4003 1160 4076 ritus
1210 4010 1357 4081 lendum
1373 4030 1463 4077 ,ease
1485 4005 1617 4078 Deum:
1652 4021 1770 4079 tamen
1795 4031 1861 4077 noa
1884 4009 2022 4081 selmo.
2047 4006 2120 4083 hoe
2142 4032 2200 4081 m.

172 4127 374 4196 crevemnt,
407 4112 538 4205 quibus
557 4134 654 4181 nunc
678 4109 822 4179 mutatis
844 4130 910 4177 nos
931 4106 970 4175 in
991 4100 1161 4187 Ecclesia,
1211 4129 1322 4183 seeum
1340 4109 1496 4179 officium
1510 4106 1682 4179 Deoveae
1703 4109 1852 4199 placare.
1903 4106 2003 4183 sunt
2027 4108 2200 4185 {affle-

174 4240 246 4284 non
270 4228 310 4285 ut
332 4215 456 4301 vulgus
476 4212 578 4294 facit,
603 4234 674 4280 una
698 4234 778 4279 cum
802 4209 932 4279 ritibus
954 4206 1161 4277 abiiciamus
1210 4215 1260 4283 eia
1277 4211 1382 4281 etiam
1400 4223 1554 4281 caeterae
1573 4211 1735 4295 virtutes,
1761 4210 1894 4280 insiliis
1910 4213 2051 4303 magia,
2075 4214 2118 4285 in
2131 4210 2202 4285 eliis

173 4342 254 4386 vera
270 4315 411 4408 pietatis
427 4312 604 4382 exercitia:
629 4313 689 4381 sed
707 4311 804 4379 illam
823 4311 986 4380 ultimam
1003 4308 1161 4399 antiqui·
1211 4312 1522 4386 minusexeitatae.
1572 4309 1643 4382 Sed
1665 4311 1863 4402 praeluceat
1883 4312 1922 4380 in
1935 4316 2202 4389 omnibonus

175 4432 279 4488 tatem
297 4414 497 4493 imitemur,
524 4413 685 4482 miranda
701 4410 766 4485 [lei
790 4411 957 4481 beneficia
979 4405 1047 4479 hoc
1072 4423 1162 4479 tcm-
1212 4414 1409 4498 invocatio,
1441 4428 1585 4506 propter
1615 4409 1706 4483 hauc
1731 4413 1911 4505 placemus
1931 4410 2041 4505 Deo,
2074 4412 2201 4491 etiarm

174 4542 259 4609 pore
275 4512 453 4599 exhibita,
478 4538 646 4584 unacum
664 4512 803 4583 coelesti
819 4509 974 4582 Ecclesia
997 4509 1161 4580 conside·
1211 4531 1367 4589 caeterae
1385 4516 1533 4585 virtutes
1549 4514 1787 4605 languidiores
1803 4528 1897 4587 eunt,

174 4641 312 4703 manus,
336 4641 426 4712 quae
449 4616 522 4708 ipsa
542 4639 638 4685 ntmc
658 4615 814 4707 assidens
831 4613 926 4703 apud
948 4612 1059 4680 tilium
1079 4612 1163 4694 Dei,
1314 4616 1384 4687 llic
1403 4617 1556 4685 clamant
1576 4615 1680 4685 multi
1701 4617 1895 4706 sapientes,
1922 4630 1966 4691 ut
1982 4612 2096 4695 Plato
2107 4615 2201 4699 dixit,

175 4743 288 4791 annos
306 4731 468 4788 numemt
492 4741 511 4787 a
528 4715 671 4786 condita
688 4727 761 4783 tota
776 4737 894 4783 rerum
911 4726 1053 4796 natura,
1077 4737 1162 4782 nar·
1212 4718 1328 4790 Deum
1342 4717 1529 4789 colendum
1544 4738 1616 4785 esse
1624 4712 1678 4811 μὴ
1693 4709 1855 4811 σχήμασι
1864 4741 1941 4789 non
1954 4722 2123 4811 gestibus
2134 4734 2200 4793 tan·

176 4834 231 4891 rat
246 4844 317 4912 quo
331 4832 488 4909 tempore
506 4816 598 4888 Deus
614 4837 650 4884 se
669 4810 842 4897 Abrabae,
868 4812 997 4908 Moysi,
1024 4815 1161 4907 totique
1213 4833 1308 4903 tum,
1334 4818 1395 4887 sed
1410 4817 1502 4886 veris
1518 4817 1688 4887 virtutum
1705 4820 1842 4905 officiis,
1868 4835 1903 4893 et
1916 4820 1959 4889 iu
1970 4820 2054 4915 lege
2068 4814 2199 4893 zateoci

176 4920 310 5010 populo
336 4919 528 5007 egredienti
558 4941 600 4987 es
628 4914 788 5010 Aegypto
819 4915 1038 5006 patefecerit,
1073 4940 1162 5009 quae
1213 4921 1469 5010 scriptumest,
1493 4914 1810 4989 Deumcolendum
1828 4902 2199 5015 esse'noutragnediis

176 5022 283 5090 fuerit
296 5021 410 5090 oratio
424 5018 557 5091 aeterni
571 5016 684 5088 Patris
699 5020 743 5086 ud
756 5014 933 5107 Angelum
951 5017 1100 5104 legatum
1116 5019 1161 5087 ad
1213 5016 1419 5104 bominum,
1437 5020 1507 5112 ¹qui
1523 5019 1615 5109 capti
1631 5006 1714 5091 sunt
1731 5022 1770 5090 in
1785 5023 1901 5107 bellis,
1925 5026 1991 5093 aed
2008 5006 2199 5117 integritate

177 5120 362 5211 virginem,
376 5144 465 5215 quae
480 5120 670 5190 certamina
684 5117 748 5185 filii
762 5117 828 5188 Dei
843 5118 881 5186 in
897 5117 1024 5187 ultimo
1039 5140 1162 5207 agone,
1212 5144 1366 5192 morum.
1423 5120 1610 5211 Sapienter
1641 5117 1748 5203 baec,
1792 5138 1882 5195 uta
1912 5122 2198 5215 legumlatoribl

177 5237 212 5294 et
236 5218 361 5293 barum
384 5236 561 5293 tantarum
585 5242 704 5289 rerrsm
727 5219 875 5288 consilia
895 5218 996 5309 legit,
1028 5242 1101 5288 non
1124 5220 1161 5287 in
1212 5222 1430 5302 dictasunt,
1456 5224 1516 5290 sed
1540 5222 1578 5290 in
1593 5218 1750 5293 Ecclesia
1774 5226 1860 5295 tales
1882 5224 2196 5319 sententiasexpii·

177 5324 345 5395 aebomm
361 5324 488 5413 scripta
504 5321 712 5405 corticibus,
737 5320 851 5389 sedin
868 5319 945 5410 ipso
961 5317 1029 5389 Dei
1045 5333 1163 5411 pecto-
1212 5324 1323 5394 catius
1345 5346 1509 5393 enarrare
1532 5336 1682 5415 oportet.
1733 5324 1822 5395 Nam
1844 5326 1912 5398 etsi
1928 5350 2007 5398 non
2031 5322 2120 5401 sblis
2136 5341 2196 5397 tre

178 5450 233 5507 re,
260 5438 293 5495 et
308 5426 435 5494 ardens
452 5446 571 5493 amore
586 5420 673 5502 Dei,
698 5422 768 5510 agit
783 5420 815 5490 ei
832 5422 959 5510 gratias
975 5445 1055 5491 cum
1071 5423 1162 5491 cele·
1212 5427 1346 5515 goediis
1369 5426 1606 5516 captivorum,
1632 5421 1701 5494 hoc
1725 5440 1794 5511 est,
1827 5428 1982 5517 gemitu,
2009 5427 2195 5525 tacbmmis
