4664 6022
150 309 235 382 aas
633 303 795 384 unct.
836 304 911 385 nu
941 302 1149 383 nicro=
1191 305 1271 384 srs
1301 304 1601 383 ruruurus
1630 326 1717 383 sse.
1947 412 1950 417 .
2138 312 2213 387 ua

149 481 267 555 tentia
282 481 546 573 gravissimam,
571 481 755 554 sedetiam
771 481 1052 554 consolationem
1070 481 1154 553 dul-
1207 504 1336 575 pancas
1353 481 1562 567 evolvimus,
1589 495 1624 555 et
1641 481 1792 573 legimus
1806 482 1885 555 sine
1899 481 2106 569 attentione,
2131 482 2208 556 sine

149 586 354 669 cissimam,
384 585 430 656 iis
448 584 801 679 qnipropterstudia
820 585 962 657 suntin
987 585 1092 672 odio,
1120 598 1155 658 ct
1204 583 1418 676 cogitatione
1438 585 1580 655 divinae
1601 586 1817 668 voluntatis,
1843 586 1992 680 perinde
2013 600 2052 658 ut
2073 585 2206 674 ignavi,

147 688 293 779 magnis
309 688 489 758 aerumnis
505 701 722 760 exercentur.
781 685 843 757 Me
866 686 1011 781 quidem
1036 687 1153 779 ipsum
1203 701 1237 758 et
1258 682 1400 759 hebetes
1414 688 1537 779 legunt
1554 690 1726 779 poe'mata.

148 813 257 880 saepe
290 790 329 860 in
359 786 416 860 his
447 791 579 861 nostris
606 788 772 881 periculis
800 802 836 862 et
862 789 1018 860 miseriis
1043 790 1153 862 erexit
1307 787 1358 862 Ut
1374 789 1483 880 igitur
1497 805 1639 881 pectora
1654 805 1773 863 nostra
1788 791 2028 863 accendantur
2040 791 2084 861 ad
2101 814 2201 863 amo-

147 887 243 965 baec
258 891 333 983 ipsa
350 895 664 980 commonefactio,
697 894 936 983 disputantem
956 917 1020 965 cur
1033 893 1151 963 studia
1202 916 1277 962 rem
1302 894 1432 976 studii,
1464 893 1652 982 inligamus
1673 894 1814 965 animus
1839 888 1907 964 hoc
1922 891 2026 964 Pauli
2048 893 2200 966 dictum:

145 995 338 1067 doctrinae
371 995 505 1082 colam,
549 1021 640 1090 quae
672 994 815 1065 irritent
839 996 922 1065 odia
949 988 1152 1081 hominum,
1201 993 1260 1067 Sis
1274 995 1433 1066 intentus
1445 995 1612 1080 lectioni,
1639 999 1736 1090 quod
1752 1009 1793 1067 ut
1810 995 1953 1089 planius
1969 994 2200 1086 intelligatur,

144 1119 235 1170 cum
252 1098 427 1188 possimus
443 1099 482 1167 in
499 1098 760 1192 tranquillitate
780 1110 813 1168 et
831 1097 1004 1188 dignitate
1020 1098 1151 1184 vivere,
1200 1098 1361 1168 continet
1377 1097 1473 1168 euim
1490 1099 1764 1170 eruditissimam
1789 1098 2034 1190 partitionem,
2068 1101 2197 1169 addam

142 1198 266 1272 literis
282 1200 449 1270 omnibus
466 1201 638 1271 abiectis?
672 1197 766 1270 Huic
784 1197 1051 1292 reprehensioni
1067 1224 1149 1270 cum
1200 1198 1481 1286 enarrationem,
1507 1213 1548 1272 ut
1563 1223 1685 1294 spero,
1710 1225 1784 1271 non
1800 1201 1975 1291 ingratam
1991 1199 2171 1273 studiosis.

143 1325 296 1396 oppono
314 1304 522 1374 mandatum
532 1299 618 1383 Dei,
644 1303 707 1396 qui
722 1302 894 1395 praecipit
907 1303 995 1393 legi,
1019 1303 1149 1387 audiri,
1303 1300 1391 1371 Tria
1407 1304 1566 1374 membra
1585 1316 1684 1374 sunt:
1711 1301 1815 1375 lubet
1834 1304 1969 1393 legere,
1990 1306 2138 1390 docere,
2161 1317 2196 1375 et

141 1403 329 1495 cognosci,
351 1405 462 1475 amari
477 1405 589 1476 libros
597 1401 795 1495 Evangelii,
818 1428 941 1476 rursus
955 1405 1149 1498 acquiesco,
1199 1404 1389 1477 consolari.

141 1518 184 1579 st
199 1529 277 1577 non
293 1507 408 1577 solum
424 1509 581 1578 delectur
604 1509 746 1592 studio,
779 1509 967 1579 sedetiam
991 1501 1147 1579 humana
1301 1501 1376 1577 Cur
1391 1520 1507 1577 autem
1525 1530 1544 1575 a
1562 1504 1713 1579 lectione
1728 1506 1893 1578 orditur?
1923 1505 1993 1578 Hic
2010 1521 2046 1579 et
2062 1507 2194 1578 discer-

142 1608 274 1683 omnia
291 1612 536 1701 postponenda
551 1634 624 1680 esse
641 1610 785 1681 lectioni
804 1611 1009 1681 coelestium
1034 1611 1148 1680 libro·
1198 1607 1253 1680 nit
1268 1610 1453 1681 coelestem
1474 1610 1707 1681 doctrinama
1725 1605 1979 1703 Philosophia,
2013 1625 2048 1682 et
2070 1623 2193 1680 monet

136 1736 253 1797 rum,
278 1706 385 1782 ethis
403 1712 530 1782 studiis
546 1712 686 1784 fortiter
703 1726 832 1786 statuo.
892 1708 1057 1806 Mihique
1072 1712 1147 1804 ipse
1197 1712 1376 1803 alligatam
1393 1734 1467 1782 esse
1483 1707 1677 1782 Ecclesiam
1698 1714 1743 1782 ad
1770 1712 1883 1784 libros
1907 1707 2133 1806 propheticos
2156 1724 2194 1783 et

141 1813 302 1887 subiicio
328 1808 395 1883 hoc
414 1813 518 1885 Pauli
539 1816 690 1886 dictum:
726 1813 783 1887 Sis
806 1815 967 1886 intentus
989 1815 1146 1896 lectioni,
1198 1814 1422 1906 apostolicos.
1482 1811 1649 1885 Caeterae
1667 1827 1778 1899 artes,
1812 1830 1853 1887 ut
1868 1810 2124 1900 Arithmetics,
2157 1827 2193 1884 et

142 1930 185 1991 et
208 1915 290 1987 illas
311 1938 414 1987 voces
437 1917 532 1987 idem
554 1917 827 2011 praecipientes:
875 1915 944 1987 Hic
970 1929 1023 1987 est
1052 1917 1146 1988 filius
1197 1917 1314 2007 legum
1348 1917 1510 1989 doctrina
1543 1930 1758 1987 extruuntur
1783 1941 1825 1987 ex
1851 1917 2037 2010 principiis
2064 1929 2191 1986 natura

146 2041 252 2091 meus
267 2019 438 2103 dilectus,
466 2014 563 2090 hunc
577 2021 710 2095 audite.
759 2018 866 2093 Item:
900 2017 975 2108 Qui
990 2044 1064 2089 non
1080 2045 1146 2089 au-
1196 2020 1310 2105 notis,
1336 2043 1411 2088 non
1428 2035 1573 2091 sumunt
1599 2019 1742 2090 initium
1767 2043 1788 2090 a
1810 2020 1981 2105 lectione,
2017 2021 2078 2089 sed
2106 2043 2191 2110 pro·

147 2120 275 2207 discit,
301 2143 364 2211 ego
378 2122 477 2193 ultor
491 2147 564 2197 ero.
609 2120 776 2219 Denique
793 2135 928 2193 constat
944 2123 1145 2214 saepissime
1196 2123 1318 2192 missio
1332 2118 1519 2212 Evangelii
1542 2123 1702 2214 propria,
1736 2123 1916 2194 decretum
1930 2118 1999 2191 Dei
2021 2144 2191 2191 arcanum

143 2224 338 2314 repetitum
353 2246 428 2295 esse
444 2220 512 2296 hoc
528 2240 753 2318 praeceptum
777 2226 821 2294 de
839 2225 1008 2296 discendo
1023 2221 1147 2296 Evan-
1195 2225 1280 2310 fuit,
1318 2225 1443 2316 procul
1473 2248 1580 2315 supra
1602 2239 1636 2296 et
1657 2237 1752 2293 extra
1776 2234 2004 2317 conspectum
2025 2222 2189 2294 omnium

143 2326 255 2419 gelio.
1196 2322 1418 2418 Angelorum
1451 2340 1485 2397 et
1520 2321 1708 2396 hominum
1741 2327 1918 2416 positum,
1964 2327 2062 2418 quod
2088 2338 2189 2416 pate-

254 2427 297 2496 In
317 2422 383 2498 hac
397 2429 610 2520 cogitatione
623 2430 732 2500 simul
746 2430 851 2501 etiam
875 2443 1003 2500 tetram
1025 2430 1146 2520 ingra-
1195 2430 1326 2501 factum
1337 2431 1438 2501 Deus
1450 2430 1600 2499 tradidit
1612 2428 1778 2500 Patribus
1794 2422 2044 2520 etProphetis,
2067 2451 2107 2497 ac
2125 2450 2190 2496 vo·

142 2528 343 2603 titudinem
358 2541 393 2598 et
405 2533 660 2602 contumaciam
676 2533 814 2623 generis
831 2528 981 2603 hnmani
997 2534 1144 2624 deploro
1196 2532 1265 2603 luit
1281 2530 1444 2601 mandari
1458 2531 1592 2617 literis,
1617 2544 1653 2603 et
1675 2531 1851 2602 librorum
1873 2530 2190 2602 custodiendorum

145 2645 188 2708 et
211 2632 383 2715 detestor,
413 2655 494 2703 cum
515 2632 694 2726 singulare
717 2651 751 2706 et
775 2659 954 2706 summum
975 2634 1145 2706 bonitatis
1195 2659 1316 2704 curam
1330 2632 1509 2705 Ecclesiae
1524 2658 1606 2704 suae
1622 2632 1815 2706 mandavit.
1867 2632 2002 2712 Immo,
2029 2632 2192 2723 ideopo·

145 2730 297 2801 divinae
321 2733 497 2823 specimen
525 2736 589 2819 sit,
630 2738 726 2831 quod
754 2763 795 2808 er
822 2761 948 2808 arcana
975 2761 1038 2808 sua
1062 2738 1145 2806 sede
1195 2736 1290 2807 litias
1305 2737 1443 2829 aliquas
1460 2749 1595 2822 servat,
1622 2749 1662 2806 ut
1678 2736 1753 2805 sint
1767 2736 1863 2805 velut
1880 2728 2117 2805 bibliothecae
2135 2755 2191 2802 sa·

145 2833 339 2924 prodiens,
362 2837 465 2907 nobis
478 2862 515 2909 se
531 2841 713 2932 patefecit,
740 2865 805 2911 raus
825 2841 1030 2911 dulcissime
1052 2840 1145 2911 allo·
1195 2864 1336 2909 crorum
1354 2839 1599 2923 voluminum,
1631 2851 1672 2908 ut
1686 2837 1810 2928 politia
1827 2834 1948 2932 Moysi
1964 2837 2069 2907 aunis
2090 2834 2191 2905 mille

141 2933 290 3028 quitur,
330 2950 367 3008 et
394 2941 527 3028 profert
553 2943 765 3031 sapientiam
793 2945 949 3032 ignotam
976 2943 1145 3011 omnibus
1195 2940 1400 3035 quingentis
1415 2937 1479 3011 has
1495 2942 1542 3011 ob
1558 2962 1678 3011 causas
1692 2941 1855 3025 defensa,
1887 2951 2043 3021 servata,
2075 2950 2110 3008 et
2132 2937 2190 3006 di·

123 3036 339 3119 -crcaturis,
363 3062 455 3129 quae
471 3041 575 3108 unica
591 3042 789 3111 remedium
807 3056 941 3110 certum
968 3057 1002 3110 et
1025 3042 1145 3110 efficax
1194 3043 1288 3110 vinis
1305 3042 1517 3113 testimoniis
1534 3055 1659 3111 ornata
1675 3056 1739 3122 est,
1764 3056 1805 3112 ut
1820 3056 1854 3113 et
1865 3036 2081 3113 bibliotheca
2100 3051 2190 3109 esset

139 3136 414 3226 accingentium
429 3139 605 3208 malorum
621 3142 761 3228 generis
777 3137 938 3212 humani.
971 3139 1041 3209 llic
1057 3141 1145 3232 quid
1194 3143 1356 3212 codicum
1382 3137 1694 3232 propheticorum,
1718 3156 1754 3212 et
1767 3144 1865 3213 testis
1882 3156 1990 3222 esset,
2016 3141 2191 3213 divinitus

140 3253 199 3311 est
212 3238 415 3327 indignius,
441 3236 672 3334 quamDeum
688 3266 753 3312 nos
767 3244 1006 3336 alloquentem
1022 3243 1145 3312 audire
1194 3255 1372 3332 acceptam
1389 3265 1463 3311 esse
1481 3243 1788 3316 eamdoctcinam.
1838 3241 1930 3315 Cum
1946 3238 2189 3333 igiturEccle-

143 3341 268 3425 nolte,
292 3364 333 3410 ac
349 3354 483 3412 tantam
501 3342 695 3414 honitatem
711 3345 919 3438 aspernari?
952 3367 1146 3438 quaecun-
1194 3343 1439 3415 siaedoctrina
1459 3367 1534 3412 non
1557 3343 1694 3413 oriatur
1719 3368 1739 3413 a
1763 3345 1842 3414 luce
1866 3345 2001 3435 ingenii
2026 3339 2189 3427 humani,

146 3439 297 3534 spiritur
311 3438 376 3513 hac
388 3444 463 3535 ipsa
480 3447 519 3516 iu
538 3471 593 3529 re,
618 3450 715 3540 quod
731 3447 836 3520 toties
852 3461 924 3516 tam
944 3446 1145 3516 illustribus
1193 3448 1255 3516 sed
1270 3469 1318 3514 ex
1343 3468 1428 3514 voce
1442 3441 1510 3514 Dei
1536 3445 1701 3516 mandata
1726 3445 1842 3518 literis
1860 3448 2103 3537 cognoscenda
2130 3445 2188 3525 sit,

146 3543 361 3617 testimoniis
380 3570 418 3617 se
438 3549 629 3640 patefecit?
683 3548 775 3640 Quis
799 3544 892 3619 hauc
915 3548 1144 3639 iugratitudi-
1194 3548 1509 3618 necessariamesse
1525 3546 1712 3645 lectionem
1726 3549 1951 3619 manifestum
1973 3563 2044 3634 est,
2076 3561 2111 3619 et
2130 3572 2188 3617 sa-

141 3668 232 3719 nem
254 3671 327 3716 non
352 3648 526 3723 existimet
549 3652 694 3742 dignam
717 3674 791 3722 esse
812 3650 1040 3722 atrocissimis
1059 3672 1144 3742 poe-
1191 3649 1332 3742 pienter
1362 3647 1497 3719 Paulus
1536 3649 1691 3742 primum
1735 3651 1780 3720 de
1814 3652 1965 3722 lectione
2007 3651 2188 3743 praecipit.

141 3746 229 3821 nis?
279 3747 333 3820 Ac
359 3752 544 3843 multiplex
564 3768 617 3825 est
642 3753 879 3842 ingratitudo,
913 3753 1019 3825 multi
1035 3748 1145 3824 Athei
1193 3751 1301 3842 Quod
1318 3776 1400 3822 cum
1415 3753 1463 3823 ita
1478 3752 1542 3837 sit,
1571 3751 1843 3824 assuefaciamus
1860 3766 1897 3825 et
1916 3776 1983 3823 nos
2006 3753 2121 3846 ipsos,
2153 3765 2189 3822 et

140 3850 380 3923 audacissime
403 3853 582 3927 affirmant
605 3855 787 3927 fabulosos
812 3880 888 3927 esse
919 3857 1032 3927 libros
1060 3880 1145 3948 pro-
1193 3869 1352 3935 nostros,
1372 3867 1413 3926 ut
1427 3852 1585 3925 studiose
1601 3854 1756 3944 legamus
1772 3855 1915 3926 divinos
1929 3856 2052 3926 libros.
2075 3851 2188 3926 Cum·

140 3947 309 4047 pheticos
325 3969 360 4024 et
377 3957 610 4047 apostolicos,
635 3980 765 4052 eosque
780 3958 848 4050 legi
868 3953 1079 4052 prohibent,
1104 3971 1145 4029 ut
1192 3980 1262 4051 que
1277 3979 1418 4028 necuse
1434 3956 1481 4025 sit
1493 3955 1648 4040 servari,
1679 3970 1715 4027 et
1729 3957 1798 4047 legi
1812 3952 1880 4028 hos
1896 3958 2027 4043 libros,
2061 3957 2189 4029 litera-

138 4050 366 4127 Politianum
383 4059 491 4129 audio
507 4059 653 4143 dixisse,
678 4059 934 4152 interrogatum
950 4087 996 4131 an
1014 4061 1145 4150 legeret
1193 4083 1273 4129 rum
1289 4059 1405 4131 studia
1422 4080 1581 4128 amemus
1596 4073 1631 4129 et
1646 4056 1815 4134 colamus.
1865 4058 1914 4131 Et
1929 4084 2132 4155 quanquam
2148 4060 2188 4128 in

139 4178 264 4229 ncros
277 4156 412 4229 libros?
436 4161 545 4232 semel
562 4161 757 4252 selegisse,
783 4188 850 4235 nec
864 4178 1002 4255 tempus
1012 4163 1085 4233 ulla
1104 4163 1143 4231 in
1191 4161 1277 4231 odio
1291 4175 1396 4246 aunt,
1420 4175 1538 4232 tamen
1558 4173 1698 4230 nostros
1714 4160 1856 4231 labores
1870 4159 1946 4232 Deo
1964 4163 2121 4255 placere,
2153 4175 2189 4232 et

139 4258 299 4357 lectione
313 4260 465 4350 peiusse
479 4265 649 4356 posuisse.
699 4260 747 4335 Et
761 4264 852 4336 alius
868 4265 1014 4360 quidam
1030 4265 1142 4335 inter·
1192 4287 1296 4335 curae
1313 4286 1389 4334 esse
1402 4262 1565 4332 sciamus.
1624 4260 1721 4332 llaec
1742 4264 1938 4334 consolatio
1965 4288 2068 4356 saepe
2091 4262 2188 4352 cogi-

139 4375 291 4452 togatus
305 4363 350 4432 de
363 4365 472 4436 sacris
486 4366 607 4451 libris,
632 4359 744 4453 nihil,
769 4367 906 4462 inquit,
931 4392 1019 4438 curo
1034 4368 1143 4460 quin·
1193 4368 1300 4437 tanda
1316 4382 1350 4439 et
1364 4364 1555 4455 repetenda
1573 4376 1644 4449 est,
1666 4364 1750 4457 quia
1768 4366 1887 4436 minus
1900 4367 2022 4437 suavia
2038 4367 2128 4436 fiunt
2143 4363 2188 4432 li-

139 4487 218 4558 que
246 4464 359 4535 libros
388 4464 529 4564 Moysi,
573 4462 641 4539 hoc
674 4493 780 4554 curo,
825 4470 1006 4563 quomodo
1037 4492 1144 4561 pagos
1191 4481 1348 4538 terarum
1363 4466 1480 4538 studia
1497 4460 1566 4535 hoc
1579 4478 1749 4557 tempore,
1768 4491 1848 4539 cum
1866 4493 1939 4538 non
1956 4469 2072 4538 solum
2088 4491 2190 4558 prae·

139 4565 307 4660 quinque
322 4566 411 4638 meis
425 4569 580 4660 praediis
594 4572 723 4640 addere
739 4570 883 4663 possim.
934 4570 1035 4642 Talis
1057 4595 1145 4642 con·
1192 4569 1263 4640 mia
1279 4571 1381 4641 nulla
1395 4583 1480 4641 suut
1495 4560 1737 4640 honestissimi
1755 4570 1898 4655 laboris,
1923 4572 1984 4640 sed
2000 4568 2106 4640 etiam
2123 4592 2189 4659 po-

140 4680 300 4758 temptus
315 4690 390 4740 non
408 4672 524 4743 solum
539 4671 759 4762 ingratitudo
777 4687 848 4754 est,
880 4678 941 4746 sed
959 4670 1143 4744 horribilis
1191 4683 1331 4744 tentum
1355 4685 1391 4743 et
1411 4671 1611 4761 sapientum
1644 4669 1787 4741 iudiciis
1817 4684 2048 4764 premuntur,
2083 4683 2118 4741 et
2148 4670 2189 4738 in

139 4770 246 4843 furor
272 4784 308 4841 et
332 4768 572 4863 blasphemia,
612 4798 704 4869 qnae
735 4776 921 4867 praecipua
947 4798 1052 4847 causa
1092 4789 1143 4846 est
1191 4774 1316 4846 odium
1331 4776 1576 4856 adducuntur,
1601 4772 1665 4866 qui
1683 4772 1804 4845 literas
1829 4773 1963 4843 semina
1989 4795 2063 4843 esse
2084 4771 2190 4843 dissi-

139 4871 385 4945 calamitatum
415 4877 638 4964 publicarum
666 4878 705 4947 in
733 4872 799 4947 hac
824 4879 915 4963 vita,
952 4894 987 4950 et
1011 4878 1143 4949 deinde
1191 4875 1335 4948 diorum
1356 4874 1555 4948 clamitant.
1615 4872 1800 4945 Adversus
1823 4874 1906 4945 talia
1931 4875 2063 4946 iudicia
2085 4898 2190 4967 prae-

139 4974 222 5049 sine
242 4973 316 5043 ulla
341 4976 567 5051 dubitatione
591 4979 777 5073 suppliciis
798 4981 954 5052 aeternis
973 5004 1143 5073 compen·
1191 4979 1304 5070 ceptis
1319 4979 1385 5052 Dei
1402 4999 1469 5046 nos
1493 4976 1740 5061 consolemur,
1772 4999 1864 5070 qnae
1884 4978 1996 5048 libros
2014 4998 2131 5049 sacros
2155 4989 2189 5046 et

139 5076 292 5151 sabitur.
1191 5080 1262 5170 legi
1277 5096 1313 5153 et
1328 5078 1493 5169 cognosci
1509 5078 1730 5148 severissime
1745 5078 1881 5151 iubent.

249 5176 384 5249 Verum
414 5203 490 5251 nou
518 5196 656 5255 tantum
677 5178 875 5273 Epicureos
898 5185 981 5258 illos
1000 5204 1143 5254 accuse·
1293 5180 1377 5254 Diri
1391 5204 1499 5273 supra
1515 5179 1743 5273 partitionem
1760 5180 1938 5251 eruditam
1959 5204 2051 5265 esse,
2074 5192 2191 5250 etcnr

138 5302 241 5366 mus,
272 5284 334 5351 sed
359 5296 522 5355 nostrum
543 5286 656 5377 frigus
676 5286 782 5357 etiam
803 5309 1052 5377 agnoscamus,
1093 5307 1141 5354 ne
1191 5283 1348 5375 primum
1363 5285 1452 5355 facta
1468 5283 1515 5354 sit
1534 5282 1670 5353 mentio
1696 5279 1876 5370 lectionis,
1907 5284 2064 5356 breviter
2081 5304 2191 5373 espo-

138 5405 210 5455 uos
224 5383 370 5477 quidem
383 5385 549 5457 ardemus
563 5390 682 5461 audio
694 5387 836 5479 legendi
849 5404 885 5462 ec
898 5386 1141 5463 medicationis
1190 5385 1259 5454 sui.
1315 5381 1459 5457 Addam
1480 5397 1514 5456 et
1536 5396 1673 5455 caetera
1696 5384 1869 5458 membra.
1925 5382 2009 5456 Non
2029 5382 2112 5456 satis
2139 5395 2192 5453 est

137 5509 248 5573 cura,
276 5486 370 5558 sicut
392 5488 519 5559 ardere
536 5513 603 5563 nos
619 5492 817 5585 oportebat.
870 5489 970 5566 Raro
985 5487 1142 5588 pagellas
1188 5486 1305 5579 legere
1317 5509 1437 5561 sacros
1448 5487 1573 5572 libros,
1596 5485 1659 5555 sed
1675 5486 1820 5558 accedat
1834 5487 2008 5560 doctrina.
2062 5482 2103 5558 ld
2121 5498 2192 5557 est:
