4664 6022
140 284 220 365 ιιι
637 224 1445 355 n.rcn÷nn.rnonar1run1·rr
1463 272 1691 353 connun-
1839 236 1842 241 ’
2115 276 2197 353 ιιι

143 451 322 529 Ecclesiae
342 452 402 522 vel
422 450 632 543 praecipua?
615 449 845 521 iPrimom
863 451 961 523 enim
983 450 1142 542 ingentia
1196 448 1266 538 gite
1282 448 1422 533 animis,
1446 461 1481 521 et
1496 450 1696 540 expendite,
1720 462 1827 543 quam
1844 472 1991 540 graves,
1987 474 2111 545 quam
2126 452 2197 522 dn-

145 557 364 640 certamina,¹
386 555 560 645 pericula,
596 554 839 647 difficultates,
871 555 1016 645 publice
1036 554 1144 625 susti·
1197 552 1327 621 rabiles
1356 575 1486 642 poento
1513 553 1672 623 minetur
1696 549 1816 637 Deus,
1849 576 1932 625 cum
1956 555 2030 639 ait,
2057 577 2198 647 semper

146 671 234 733 nent
249 659 336 729 boni
353 656 542 742 Doctores,
569 656 816 749 propagandae
832 672 946 728 rectae
961 657 1144 728 doctrinae
1197 651 1347 727 haesura
1379 655 1518 725 mala
1507 679 1548 723 ιιι
1580 658 1706 740 domo,
1739 656 1779 724 in
1805 606 1928 727 liberis
1960 658 2198 776 ingratorum

149 786 272 848 tausa;
298 762 430 831 deinde
451 762 634 852 privatim,
660 776 700 831 ut
715 761 869 830 nutrices
889 761 1011 831 fovent
1023 761 1144 832 irtian-
1199 757 1297 845 Quid
1312 758 1383 826 dici
1400 758 1536 827 tristius
1551 758 1712 850 poterat?
1746 757 1822 828 lam
1838 761 2008 849 cogitate,
2028 761 2136 854 quale
2152 759 2199 833 sit

149 866 256 945 tutos,
280 864 327 935 ita
344 888 480 935 sumina
494 888 592 948 cura,
611 865 810 953 diligentia,
836 865 1033 949 sedulitate,
1057 887 1145 954 pro·
1170 884 1174 905 ·
1199 884 1310 950 genus
1332 861 1606 947 beneficiorum,
1632 863 1730 954 quod
1751 861 1791 931 in
1811 859 1932 934 schola
1949 865 2043 934 bene
2060 863 2198 933 consti·

150 963 288 1039 rehunt
309 968 453 1056 ingenia
478 967 704 1039 discentium.
755 964 804 1039 Et
829 981 946 1037 tamen
970 990 1073 1057 saepe
1095 966 1145 1050 fit,
1199 978 1275 1035 tuta
1301 964 1471 1055 accipitis.
1530 959 1635 1035 Nihil
1667 961 1809 1055 homiui
1834 967 2041 1058 contingere
2065 965 2198 1036 melius

150 1084 192 1154 ut
215 1073 386 1141 educatus
412 1084 517 1163 atque
543 1069 728 1140 institutus
748 1093 875 1159 magna
904 1071 990 1150 fide,
1025 1083 1145 1160 postea
1199 1078 1334 1158 potest,
1357 1091 1465 1160 quam
1488 1082 1582 1162 recta
1598 1069 1781 1152 doctrina,
1807 1070 1964 1160 primum
1983 1073 2028 1140 de
2051 1068 2198 1157 religio·

151 1174 284 1247 oblitus
309 1174 470 1245 omnium
491 1174 762 1257 beneficiorum,
786 1188 819 1244 et
842 1174 1007 1243 incitatus
1031 1173 1146 1241 ambiss
1199 1194 1256 1253 ne,
1283 1170 1411 1240 deinde
1428 1171 1472 1241 de
1488 1165 1647 1240 honestis
1662 1172 1753 1241 vitae
1769 1173 1906 1257 ciliciis,
1932 1174 1978 1242 de
1992 1196 2116 1243 rerum
2132 1195 2197 1241 na·

150 1277 268 1357 tione,
293 1290 357 1351 aot
371 1289 519 1349 naturae
533 1276 802 1353 malevolentia,
829 1289 888 1345 aut
904 1275 1051 1360 invidia,
1078 1275 1146 1343 im·
1199 1270 1290 1359 tura,
1314 1274 1469 1366 denique
1483 1275 1527 1341 de
1541 1273 1709 1345 omnibus
1725 1275 1874 1356 artibus,
1899 1288 2090 1370 quaesunt
2106 1275 2197 1345 ritae

151 1393 273 1472 petum
297 1379 404 1449 faciat
429 1379 468 1447 in
491 1392 750 1469 praeceptores,
775 1402 840 1447 nec
858 1402 986 1449 nocere
1008 1393 1145 1449 tautum
1199 1376 1314 1447 utiles.
1367 1375 1540 1446 Traditur
1557 1389 1675 1447 autem
1689 1378 1802 1463 vobis,
1828 1379 1899 1448 Dei
1912 1379 2107 1464 beneficio,
2133 1378 2197 1447 do·

152 1481 258 1573 ipsis,
278 1484 343 1552 sed
365 1482 449 1552 odio
470 1483 629 1572 ipsorum
653 1483 764 1551 bonas
783 1494 873 1551 artes
895 1483 1094 1573 opprimere
1114 1492 1148 1548 et
1200 1479 1313 1548 ctrina
1328 1474 1544 1560 Christiana,
1572 1503 1659 1568 pure
1675 1495 1708 1551 et
1722 1481 1941 1571 simpliciter.
1977 1479 2197 1573 Proponun-

153 1584 273 1654 delere
303 1597 463 1657 conetur.
523 1582 582 1653 An
610 1579 677 1654 hoc
702 1584 909 1654 cuculorum
934 1608 1044 1675 genus
1072 1607 1146 1652 non
1200 1598 1258 1652 tur
1272 1597 1307 1653 et
1323 1595 1479 1652 caeterae
1500 1577 1669 1655 honestae
1682 1584 1910 1674 disciplinae
1938 1608 2002 1653 nec
2016 1584 2094 1653 ulla
2117 1605 2196 1675 pars

152 1687 296 1757 videtur
323 1687 406 1756 odio
438 1687 611 1777 dignum?
656 1685 738 1756 Non
763 1687 877 1756 enim
887 1688 958 1757 iarn
985 1689 1147 1776 vitupero
1200 1680 1451 1775 Philosophiae
1475 1686 1676 1774 negligitur.
1735 1682 1962 1758 Enarrantur
1983 1686 2115 1779 optimi
2135 1694 2194 1755 'au

152 1784 317 1859 hommes
332 1785 495 1874 hebetes
521 1803 582 1859 aut
594 1791 731 1874 tardos
757 1791 844 1858 sed
815 1805 1004 1898 ingratos,
1032 1804 1064 1858 et
1080 1814 1147 1857 no
1201 1803 1294 1858 tores
1318 1785 1448 1857 Graeci
1478 1801 1512 1857 et
1532 1786 1564 1857 L
1565 1788 1671 1869 atini,
1711 1790 1772 1883 qui
1801 1802 1862 1859 aut
1891 1790 2009 1859 fontes
2030 1784 2193 1858 Philoso-

153 1892 258 1962 cendi
275 1893 434 1982 cupidos
474 1892 580 1962 iales
597 1894 741 1963 cuculos
755 1870 882 1972 odisse
909 1916 1064 1962 omuesa
1083 1916 1148 1960 ιιι-
1202 1886 1304 1980 pbiae
1327 1891 1531 1974 continent,
1558 1907 1619 1962 aut
1642 1906 1791 1982 prosunt
1807 1897 1850 1961 ad
1869 1892 2099 1961 formandam
2117 1914 2193 1961 ora-

153 2008 233 2067 tura
255 1997 347 2065 bene
372 1995 527 2065 instituti
549 1997 691 2068 debent.
744 1991 791 2065 Et
814 1995 901 2066 tales
925 1991 1038 2064 hic
1003 2019 1148 2086 pingere
1201 1994 1345 2065 tionem.
1399 1992 1452 2063 De
1470 1996 1785 2086 praeceptoribus
1775 2019 1861 2085 ipsis
1879 2019 1953 2064 non
1974 1995 2112 2079 dicam,
2136 1995 2192 2065 sed

153 2097 272 2183 volui,
303 2112 344 2167 ut
366 2098 539 2167 admoniti
565 2099 822 2181 adolescentes,
856 2099 981 2188 procul
1008 2123 1067 2167 eos
1091 2099 1147 2166 su·
1201 2111 1319 2167 tamen
1337 2097 1526 2165 dexteritas
1550 2110 1585 2165 et
1609 2099 1861 2188 prudentiam
1876 2100 2022 2168 doctore
2037 2096 2191 2187 duplicat

152 2200 302 2291 giautet
321 2216 537 2277 execrentur.
588 2199 859 2272 Student-enim
877 2196 914 2270 hi
930 2202 1048 2271 cuculi
1070 2200 1148 2268 aliis
1202 2200 1419 2269 beneficium.
1457 2197 1564 2271 ,Nam
1594 2201 1656 2291 qui
1686 2201 1725 2269 in
1753 2202 1913 2271 docendo
1946 2222 2025 2269 non
2054 2195 2192 2270 adhibet

153 2302 314 2374 affricare
335 2326 436 2373 suam
468 2302 643 2387 scabiem,
682 2317 716 2372 et
745 2303 937 2374 inveniunt
967 2306 1023 2373 vel
1049 2305 1148 2373 stoli·
1200 2326 1320 2373 rerum
1335 2303 1508 2370 delectum
1525 2315 1585 2372 aut
1601 2327 1676 2371 nou
1694 2303 1800 2387 videt,
1810 2304 1909 2395 guid
1925 2302 2079 2383 cuilibet
2095 2301 2190 2373 aetati

153 2406 239 2495 dos,
261 2406 319 2473 vel
339 2406 470 2489 malos,
496 2406 555 2497 qui
578 2406 643 2475 illo
663 2400 811 2475 horrido
826 2420 933 2476 cantu
950 2419 1149 2476 teneantur.
1201 2404 1408 2492 conveniat,
1436 2404 1466 2470 is
1488 2428 1591 2494 saepe
1615 2406 1664 2474 ita
1686 2406 1871 2479 distribuit
1897 2430 1939 2475 ea
1962 2428 2057 2498 quae
2080 2406 2188 2489 tradit,

152 2506 328 2598 Magnum
349 2520 423 2599 per'
436 2532 509 2577 sese
532 2509 645 2578 scelus
666 2521 717 2577 est
738 2509 957 2598 ingratitudo
980 2510 1018 2578 iu
1033 2510 1149 2601 quali·
1201 2521 1241 2577 ut
1256 2507 1287 2575 si
1304 2508 1381 2576 cani
1399 2505 1525 2596 paleas,
1551 2509 1652 2577 asino
1666 2510 1766 2578 daret
1778 2532 1868 2588 ossa,
1895 2523 1935 2578 ut
1951 2508 1990 2576 in
2004 2507 2191 2600 proverbio

152 2611 214 2683 bct
228 2635 286 2695 re,
311 2613 465 2681 sedtum
483 2624 536 2681 est
551 2635 632 2681 vere
655 2612 773 2680 cuculi
790 2613 920 2692 scelus,
948 2626 982 2682 et
999 2613 1149 2702 parrici—
1201 2610 1342 2682 dicitnr.
1381 2608 1494 2699 Spero
1512 2625 1629 2680 autem
1646 2612 1747 2681 vobis
1760 2612 1936 2700 cognitam
1953 2633 2029 2680 esse
2045 2612 2150 2683 iidem
2161 2624 2192 2681 et

153 2712 276 2793 dion,
300 2715 507 2806 quandoad
530 2737 607 2783 eam
626 2715 760 2783 accedit
775 2715 898 2784 odium
921 2716 999 2805 piae
1016 2715 1147 2785 doctri·
1200 2713 1426 2805 prudentiam
1450 2712 1488 2780 in
1511 2712 1555 2780 iis
1578 2714 1642 2806 qui
1665 2715 1806 2785 docent.
1854 2711 1946 2785 Cum
1969 2714 2083 2803 igitur
2104 2727 2192 2786 tanta

153 2839 240 2900 nae,
265 2830 328 2887 aut
347 2815 501 2889 aliorum
522 2817 672 2913 artium,
697 2819 841 2909 quando
857 2817 1007 2907 ingrati,
1033 2813 1149 2887 borni·
1201 2818 1247 2889 sit
1274 2815 1480 2904 magnitudo
1508 2816 1781 2901 beneficiorum,
1813 2840 1888 2884 non
1919 2830 1969 2888 est
2005 2817 2191 2889 obscurum

154 2943 243 2991 uum
265 2920 368 2999 odio,
402 2932 437 2989 et
459 2919 571 2991 animi
601 2920 747 3000 morbo,
775 2935 895 3012 postea
917 2922 1024 2991 rebus
1045 2922 1149 2991 bonis
1200 2921 1295 3012 quod
1312 2919 1356 2989 sit
1374 2930 1531 2987 vestrum
1548 2920 1716 2992 oflicimu.
1755 2917 1859 2989 Certe
1874 2917 1950 2988 Deo
1968 2921 2124 3009 gratiam
2138 2923 2192 2991 de·

153 3021 487 3105 renominarunt,
511 3021 727 3095 labefaciunt
748 3025 929 3111 dogmata,
956 3019 1150 3094 detrabunt
1200 3022 1308 3101 betis,
1335 3020 1397 3112 qni
1421 3016 1477 3089 his
1501 3017 1751 3111 pulcherrimis
1773 3022 1982 3091 muneribus
1997 3023 2110 3093 vitam
2129 3018 2188 3093 bn·

153 3124 545 3213 de-artiurndignitate.
595 3122 668 3195 Nec
684 3150 763 3197 rara
782 3140 865 3197 sunt
880 3128 1050 3218 exempla.
1103 3123 1149 3197 Et
1200 3148 1341 3193 mauam
1365 3124 1517 3195 ornavit.
1573 3121 1699 3193 lsvult
1720 3127 1814 3194 dona
1838 3149 1900 3193 sua
1922 3123 2184 3215 intelligi,vult

153 3251 256 3318 saepe
271 3227 417 3312 accidit,
442 3240 579 3298 utrum
594 3230 703 3299 semel
718 3230 756 3297 in
771 3245 1011 3321 praeceptores
1027 3231 1139 3298 incur·
1200 3253 1239 3297 ea
1260 3227 1489 3316 magnipendi
1521 3251 1541 3295 a
1565 3229 1688 3312 nobis,
1721 3228 1798 3296 vult
1822 3228 1970 3317 gratiam
1998 3228 2106 3297 reddi
2128 3222 2190 3312 bis,

153 3330 284 3415 rerint,
310 3343 429 3421 postea
454 3330 570 3401 rabies
592 3345 782 3421 augeatur,
811 3346 844 3402 et
866 3334 1149 3403 crescatdiscor-
1200 3337 1266 3421 per*
1284 3354 1373 3421 quos
1394 3330 1551 3419 impertit
1573 3355 1612 3399 ea
1630 3326 1788 3400 humano
1806 3332 1938 3420 generi.
1994 3329 2191 3419 Quareco-

150 3433 231 3514 (lia,
266 3434 365 3504 velut
394 3432 621 3519 incendium
663 3436 791 3507 deinde
816 3433 976 3525 Respob.
1005 3450 1149 3528 propter
1199 3435 1304 3523 gitate
1326 3433 1412 3525 quid
1437 3431 1515 3502 Deo
1539 3435 1715 3517 debeatis,
1743 3448 1778 3504 et
1797 3446 2013 3502 mementote
2040 3435 2192 3524 ingratos
2232 3426 2235 3441 ⁸

151 3529 283 3609 horum
306 3535 419 3606 scelus
442 3548 477 3605 et
498 3536 794 3637 ingratitudinem
817 3538 997 3628 plectitur.
1056 3537 1147 3626 Qui·
1198 3561 1331 3627 poenas
1350 3538 1428 3605 Deo
1446 3539 1592 3605 daturos
1615 3561 1698 3606 esse.
1750 3530 1939 3629 Philippus
1955 3535 2111 3607 Macedo
2134 3531 2191 3605 lra-

42 3680 47 3690 ·
153 3640 235 3715 dam
262 3632 493 3709 Atheniensis
518 3634 681 3724 Orator,
704 3665 784 3710 curu
807 3641 1005 3729 siguificare
1030 3642 1147 3725 vellet,
1199 3640 1303 3709 bebat
1324 3638 1493 3718 militem,
1529 3640 1590 3731 qni
1609 3663 1641 3707 er
1655 3652 1799 3730 propter
1814 3638 2094 3709 fortitudinem
2083 3664 2190 3731 inpn

152 3740 415 3832 quibusmodis
432 3741 577 3812 factiosa
594 3755 629 3811 et
652 3744 835 3835 tyrannica
855 3744 998 3865 ingenia
1020 3759 1148 3836 poten·
1199 3743 1266 3810 mis
1288 3737 1417 3810 charus
1440 3758 1530 3820 erat,
1565 3739 1623 3811 hic
1649 3743 1840 3830 naufragus
1862 3743 1907 3811 ad
1929 3741 2056 3811 villam
2078 3744 2191 3813 cuius·

151 3843 239 3913 tiam
260 3860 539 3936 consequantur,
567 3845 700 3937 inquit:
734 3845 888 3938 Serpens
911 3849 980 3915 nisi
1004 3851 1148 3916 devoret
1198 3846 1278 3911 dam
1303 3844 1477 3933 agricolae
1498 3867 1600 3931 aegre
1621 3846 1784 3915 enatavit.
1837 3843 2003 3933 Agricola
2027 3869 2110 3915 curu
2133 3870 2191 3917 au·

151 3960 348 4036 terpentes,
378 3970 451 4017 non
474 3948 512 4017 bt
533 3950 651 4020 draco.
706 3946 757 4018 lta
781 3950 908 4040 ingrati
934 3951 986 4018 illi
1010 3950 1145 4017 incensi
1198 3948 1307 4016 disset
1321 3947 1445 4015 militis
1462 3948 1670 4027 clamorem,
1698 3947 1870 4031 accurrit,
1896 3970 2052 4039 euinque
2076 3948 2190 4039 rigen-

151 4049 257 4132 odio,
282 4062 343 4118 aut
365 4050 578 4134 ambitione,
609 4054 823 4140 persuadent
846 4054 933 4136 sibi,
961 4048 1052 4121 hanc
1073 4075 1147 4120 esse
1199 4064 1267 4119 tem
1286 4050 1416 4138 frigore
1434 4063 1469 4118 et
1491 4074 1581 4140 pene
1603 4052 1799 4119 exanimem
1817 4050 1915 4119 ducit
1933 4049 1970 4117 in
1990 4050 2138 4137 villam,
2161 4064 2190 4121 rt

151 4150 246 4221 riam
263 4152 308 4221 ad
331 4152 502 4242 gloriam,
526 4154 789 4225 formidabilem
806 4156 880 4224 lieri
899 4155 997 4238 aliis,
1024 4156 1148 4245 oppri-
1197 4154 1327 4245 quibos
1355 4165 1467 4242 potest
1496 4153 1622 4223 osbciis
1650 4165 1807 4241 recreat,
1841 4167 1922 4244 post
1946 4154 2111 4225 triduum
2133 4179 2189 4226 eu-

150 4278 246 4325 mere
262 4255 520 4340 dissentientes,
548 4257 585 4324 vi
599 4271 660 4327 aut
674 4272 761 4328 arte.
794 4256 1011 4350 Quanquam
1028 4258 1146 4327 minus
1196 4257 1352 4348 piantem
1377 4256 1476 4325 abire
1500 4257 1604 4326 etiarn
1630 4256 1760 4326 viatico
1783 4256 1938 4325 instruit.
1998 4255 2190 4329 Discedns

150 4356 323 4445 flagitium
339 4373 411 4443 est,
435 4360 474 4428 in
492 4372 608 4448 pares,
634 4385 740 4453 quam
756 4361 793 4428 iu
810 4361 1055 4429 benemeritos
1070 4385 1146 4429 sae·
1199 4360 1299 4427 miles
1316 4359 1451 4449 prolixe
1470 4360 1657 4448 pollicetur
1674 4383 1709 4427 se
1726 4360 1873 4447 gratiam
1890 4359 2093 4430 relaturum
2113 4384 2191 4431 esse.

150 4458 244 4550 vire,
281 4474 322 4533 ut
352 4461 434 4531 lacit
460 4462 617 4533 cuculus.
677 4460 769 4533 Cum
792 4463 902 4550 igitur
928 4462 1145 4552 ingratitudo
1197 4460 1287 4531 vide
1303 4463 1389 4554 quid
1407 4463 1586 4535 acciderit.
1637 4461 1728 4530 Nam
1747 4477 1780 4531 et
1794 4457 1852 4531 hic
1869 4462 1971 4530 miles
1986 4463 2107 4532 cuculi
2121 4488 2191 4534 sce·

148 4585 225 4631 non
248 4563 363 4631 solum
387 4563 553 4655 privatim
570 4567 614 4636 sit
635 4566 749 4654 turpis
772 4579 806 4634 et
824 4565 971 4655 indigna
990 4562 1145 4651 homine,
1196 4565 1250 4633 lus
1285 4554 1443 4636 imitatus
1475 4581 1535 4634 est.
1587 4564 1716 4635 Narrat
1749 4559 1917 4655 Philippo
1952 4565 2190 4657 naufragium,

149 4667 210 4733 sed
226 4667 333 4735 etiam
349 4665 614 4758 saepelieipub.
631 4683 768 4750 noceat,
783 4663 956 4738 adhortor
971 4693 1033 4738 vos
1044 4666 1145 4739 Ado·
1197 4668 1407 4737 beneficium
1422 4661 1573 4758 hospitis
1591 4682 1690 4746 tacet,
1716 4682 1750 4737 et
1767 4668 1853 4757 petit
1868 4668 1935 4735 sibi
1954 4669 2087 4738 donari
2104 4670 2190 4743 illud

148 4764 336 4853 lescentes,
370 4783 410 4839 ut
433 4771 572 4839 animos
588 4786 723 4840 vestros
746 4772 788 4839 ad
816 4772 1071 4860 gratitudinem
1089 4796 1145 4843 as·
1195 4771 1400 4861 praedium,
1427 4771 1530 4840 facile
1552 4772 1718 4861 impetrat
1739 4796 1757 4839 a
1781 4766 1879 4859 Rege
1901 4769 2063 4848 liberali,
2091 4796 2192 4865 prae-

146 4871 366 4955 suelaciatis,
388 4875 562 4965 adquam
585 4895 649 4941 vos
672 4896 748 4941 non
771 4876 879 4944 modo
901 4875 1057 4945 invitant
1080 4901 1143 4945 na-
1194 4875 1314 4943 sertim
1331 4896 1411 4961 cum
1424 4872 1504 4944 Rex
1521 4876 1610 4942 bene
1623 4874 1790 4943 meritum
1814 4895 1889 4941 esse
1912 4872 2104 4960 iudicaret;
2137 4876 2191 4947 iu·

145 4984 243 5055 tura,
270 4988 304 5044 et
318 4969 484 5045 homines
500 4974 714 5059 doctissimi,
737 4977 798 5068 qui
815 4979 915 5069 quasi
930 4978 1144 5066 explicantes
1194 4979 1254 5047 bet
1276 4977 1385 5065 igitur
1407 4976 1530 5047 induci
1557 5001 1637 5045 enm
1662 4977 1700 5050 iu
1720 4978 1814 5045 bona
1830 5000 1920 5068 quae
1934 4974 2112 5065 petiverat
2126 4979 2190 5047 mi·

145 5088 292 5147 naturae
335 5079 531 5161 iudicium,
571 5077 616 5144 de
647 5078 865 5166 gratitudine
902 5081 1144 5170 copiosissime
1193 5082 1254 5149 les.
1306 5079 1388 5148 Non
1411 5080 1495 5148 tulit
1517 5080 1684 5149 iniuriam
1708 5078 1861 5167 agricola
1888 5078 2190 5167 expulsusbonir,

143 5180 387 5272 praecipiunt,
428 5180 619 5251 sedetiam
647 5182 810 5251 coelestia
839 5183 981 5252 oracula
1004 5199 1143 5269 vocant,
1193 5184 1238 5251 ab
1257 5206 1298 5249 eo
1319 5206 1423 5274 quem
1440 5196 1652 5266 servaverat,
1678 5184 1738 5249 sed
1756 5181 1853 5250 venit
1870 5181 1914 5249 ad
1931 5175 2191 5274 Philippumet

143 5305 233 5374 quae
265 5285 410 5376 quidem
440 5278 637 5350 horrendas
668 5283 774 5353 etiam
801 5309 932 5375 poenas
958 5286 1143 5356 minantur
1192 5299 1448 5355 commemorat
1462 5309 1565 5355 suum
1584 5285 1793 5352 beneficium
1811 5306 1890 5371 erga
1907 5282 2074 5358 militem.
2122 5285 2190 5358 Hic

142 5382 306 5474 ingratis.
359 5383 419 5454 Sic
435 5383 530 5453 enim
546 5383 720 5476 scriptura
737 5386 872 5480 inquit:
904 5386 986 5457 Non
1003 5391 1142 5460 recedet
1192 5390 1279 5458 adeo
1298 5388 1425 5457 exarsit
1439 5388 1492 5457 ira
1504 5382 1709 5477 Philippus,
1727 5400 1768 5456 ut
1781 5384 1977 5455 Pausaniae
1993 5390 2190 5475 mandaret,

141 5488 279 5558 malum
294 5512 315 5559 a
330 5488 438 5557 domo
455 5485 597 5576 ingrati.
652 5485 732 5561 Hoc
755 5490 890 5562 dictum
907 5514 1039 5585 quaeso
1064 5493 1142 5563 affi-
1190 5503 1231 5563 ut
1246 5491 1357 5583 priori
1371 5491 1519 5562 domino
1539 5490 1722 5584 praedium
1741 5489 1957 5573 restitueret,
1981 5489 2093 5563 militi
2108 5516 2188 5563 vero
