4664 6022
134 277 183 357 dil
592 272 763 353 DEGL.
794 272 872 352 DE
901 272 1112 353 PRAEF.'
1143 276 1203 353 ΙΝ
1233 268 1487 352 oratura
1519 270 1713 357 CICER.
2130 274 2182 353 90

133 465 275 550 paratos
297 463 404 545 atque
427 448 627 543 expeditos,
659 449 700 520 in
722 448 854 543 quibus
877 451 1130 543 procudendis,
1181 463 1259 522 tum
1274 442 1439 522 Athenae
1459 449 1536 544 ipse
1555 450 1726 544 exemplis
1746 463 1780 521 te
1796 448 1934 522 erudiri
1949 463 2100 547 queant,
2124 463 2179 521 ts-

132 555 287 629 nultum
307 554 466 647 profecto
485 549 668 623 Ciceronis
684 553 852 643 exemplis
867 553 1131 626 adiuvabimur.
1181 577 1265 623 men
1285 551 1371 647 quia
1393 574 1494 623 meus
1513 576 1591 624 mos
1613 565 1665 624 est
1679 550 1810 624 Latina
1831 578 1914 624 cum
1930 548 2077 625 Graecis
2091 576 2178 623 con·

132 656 233 749 Quae
254 655 356 726 enim
376 669 493 747 potest
515 657 560 724 de
580 654 664 727 dolo
684 654 797 740 malo,
822 656 937 750 deque
952 656 1129 751 aequitate
1181 654 1344 747 iungere,
1367 655 1531 727 volebam
1544 654 1674 727 Latine
1686 656 1731 724 ad
1748 669 1782 726 te
1797 649 2049 748 Philosophica
2065 678 2176 750 quae-

130 757 278 834 uherior
306 758 492 848 graviorve
521 757 713 849 disputatio
741 758 954 848 excogitari?
1003 754 1056 829 Ea
1086 760 1130 829 de
1181 758 1262 833 dam
1286 757 1453 831 scribere.
1513 752 1573 827 Ad
1596 758 1750 828 eundem
1773 758 1923 829 modum
1944 758 1985 828 in
2006 757 2176 830 omnihus

130 886 165 935 rr
181 862 225 931 in
243 858 353 930 tertio
367 853 591 934 Officiorum.
1181 856 1797 952 partibusorationisCiceronianae,
1823 860 2018 933 sententiae
2033 883 2174 933 earum-

230 960 441 1033 Plurimum
477 961 582 1033 etiam
620 962 663 1030 ad
701 959 895 1032 dicendum
923 962 1129 1034 conducunt
1181 986 1249 1057 que
1265 965 1397 1054 figurae
1414 962 1642 1034 excutiendae
1656 976 1749 1035 sunt.

129 1063 442 1149 narratiunculae,
467 1087 557 1156 quae
576 1076 659 1134 sunt
681 1063 718 1131 in
742 1058 809 1135 hoc
825 1089 930 1157 opere
947 1078 981 1135 et
996 1066 1129 1139 multae
1242 1085 1246 1097 ·

134 1183 168 1243 et
183 1166 322 1240 variae.
398 1164 590 1255 Quondam
614 1165 654 1234 in
678 1161 871 1236 Rhetorica
896 1190 1128 1263 progymnas-

136 1284 223 1343 nats
240 1279 351 1340 erant
364 1259 587 1367 διηγμᾶτια,
615 1266 665 1337 sic
680 1268 776 1336 enim
789 1283 974 1354 vocarunt,
1000 1270 1126 1363 inquo

132 1395 270 1467 genere,
297 1368 361 1464 qui
374 1392 411 1440 se
424 1371 547 1442 volent
559 1393 732 1453 exercere,
757 1393 921 1461 magnam
934 1368 994 1442 hic
1010 1396 1128 1442 exem·
1187 1350 1360 1479 Μ
1995 1357 2169 1480 Q

127 1474 275 1571 plorum
299 1472 439 1564 copiam
458 1471 655 1545 invenient.
703 1469 848 1543 Etcum
864 1469 958 1543 nihil
973 1474 1019 1545 sit
1034 1474 1127 1544 difli-
1518 1501 1543 1553 ·,

127 1576 234 1650 cilius
253 1597 364 1669 quam
386 1577 571 1644 commode
595 1597 758 1658 narrare,
783 1598 856 1645 non
876 1590 929 1649 est
943 1576 1013 1647 alia
1028 1599 1127 1646 exer·
1417 1568 1493 1655 De
1521 1568 1764 1659 Friddrt‘do
1787 1568 1936 1657 Eleci.

126 1677 253 1753 durio
266 1675 485 1747 fructuosior
498 1701 603 1769 quam
619 1673 715 1746 haec.
768 1674 911 1766 Quanta
925 1677 1043 1752 Deum
1059 1679 1126 1747 im-

126 1779 321 1853 mo
344 1779 537 1868 cessa·
569 1791 722 1871 om
744 1778 843 1869 ons
940 1781 980 1851 in
1247 1763 1369 1889 cass:
1383 1762 1515 1905 tre
1528 1763 1971 1906 castanaeus:
1984 1761 2174 1889 ,esna

128 1883 230 1957 lione
255 1892 435 1971 graiorum
457 1875 560 1950 Arall
581 1879 741 1974 Sicyonii
765 1882 803 1951 ln
827 1886 981 1953 secundo
1008 1883 1128 1953 libro?
1281 1914 1308 1958 et
1324 1903 1518 1959 Demosthenis
1539 1902 1685 1958 orationes.
1723 1902 1821 1958 Oratio
1835 1902 1935 1959 Critiae
1956 1914 2052 1959 contm
2064 1900 2172 1957 tram·

128 1982 215 2059 n„
238 1983 417 2053 minorem
440 1981 1127 2080 ¹wemm02r2uflse⁸1³uh¹se
1281 1968 2172 2166 ecaesaraeam-‚taarcamarcaa

128 2086 302 2159 risversa
315 2081 514 2154 exPlatone
528 2085 568 2155 in
581 2084 677 2154 libro
690 2086 805 2156 tertio.
850 2083 995 2157 Similes
1007 2101 1126 2160 autem
1280 2111 1309 2165 ia
1324 2112 1403 2166 nect.
1416 2109 1449 2163 Τ.
1465 2108 1498 2164 u.
1515 2129 1541 2182 ρ.
1554 2110 1614 2167 sos.
1626 2121 1654 2163 ss
1668 2110 1697 2163 in
1712 2108 1832 2166 serven.
1848 2109 1882 2166 tt.
1901 2129 1927 2182 p.
1938 2111 1969 2165 ⁵1
1990 2149 2008 2176 .,
2032 2110 2104 2181 apud
2119 2105 2172 2160 [tr-

128 2188 266 2261 multae
289 2198 373 2257 sunt
388 2185 427 2254 in
441 2181 512 2257 hoc
526 2187 839 2273 commentariolo,
863 2213 951 2282 quas
965 2189 1040 2268 sihi,
1049 2201 1128 2260 stu·
1281 2179 1374 2235 Μ·
1384 2178 1419 2233 ¹¹·
1431 2198 1458 2250 Ρ·
1467 2180 1526 2236 ⁶⁶⁸³
1562 2175 2171 2237 ”mm“¹F'ld‘ll⁶”'⁰¹¹¹·⁸”·ss¹‘⁰¹‘

131 2291 226 2365 aliosi
257 2309 383 2360 omncs
409 2289 454 2358 ad
484 2289 700 2360 imitandum
731 2304 942 2383 proponant.
1003 2287 1126 2386 anue
1278 2247 1577 2354 Mmm'ssw'

130 2391 338 2467 aerciusio
359 2414 434 2460 non
456 2404 595 2462 tantum
611 2392 754 2481 augebit
766 2393 958 2464 verborum
974 2394 1126 2485 supelle-

130 2496 273 2582 ctilem,
306 2493 366 2563 sed
393 2517 484 2589 quae
510 2488 601 2563 mihi
621 2494 660 2562 in
683 2495 835 2566 dicendo
858 2519 950 2587 pene
974 2497 1126 2566 maxima

132 2597 247 2669 virtus
267 2595 431 2682 videtur,
454 2597 546 2665 bene
562 2596 777 2688 disponendi
789 2596 982 2671 scientiam.
1034 2595 1126 2668 Nam

131 2698 272 2770 indocti
300 2721 376 2767 non
403 2710 542 2769 tantum
573 2699 793 2769 adulterinae
825 2714 988 2770 monetae
1010 2699 1127 2770 verbis
1179 2692 1263 2794 Ego
1283 2703 1322 2773 in
1340 2696 1409 2773 hoc
1426 2700 1569 2795 publico
1582 2699 1682 2771 luctu
1697 2699 1994 2793 acerbissimoque
2007 2697 2171 2769 omnium

132 2801 334 2875 orationem
363 2800 573 2885 obscurant,
603 2802 661 2869 sed
695 2801 743 2872 ita
769 2802 876 2872 etiam
900 2803 1127 2873 confundunt
1177 2806 1322 2891 dolore,
1349 2829 1429 2875 cum
1445 2819 1520 2874 erat
1532 2803 1590 2872 vel
1606 2803 1770 2873 interitus
1786 2800 2048 2894 sapientissimi
2063 2798 2170 2872 Prin-

133 2903 339 2975 sensissent
354 2902 487 2984 omnia,
512 2915 552 2972 ut
564 2902 716 2993 intelligi
731 2898 824 2974 nihil
838 2905 960 2998 possit.
1011 2899 1127 2976 Scho-
1178 2908 1267 3000 cipis
1287 2909 1548 2999 deplorandus,
1574 2905 1632 2974 vel
1654 2904 1788 2976 iactura
1804 2902 1959 2996 Reipub.
1980 2926 2087 2997 quam
2105 2902 2170 2973 illo

135 3007 183 3077 lia
204 3002 338 3075 alieubi
357 3003 567 3074 brevissima
591 3005 860 3097 adscripsimus,
883 3030 973 3101 quae
990 3007 1126 3076 indica·
1178 3011 1306 3081 amisso
1323 3010 1469 3080 fecimus
1486 3007 1696 3092 maximam,
1722 3007 1905 3088 deflenda,
1932 3006 1991 3075 vel
2007 3003 2171 3076 oratione

131 3121 212 3181 rent
239 3105 367 3177 lectori
392 3106 564 3207 orationis
591 3108 756 3177 ordinem
786 3123 823 3180 et
843 3109 1126 3200 dispositionem,
1179 3113 1349 3182 levandae
1363 3125 1496 3182 mentes
1511 3134 1712 3203 procerum,
1735 3109 1915 3179 autetiam
1929 3106 2171 3200 popularium,

131 3233 240 3307 quam
264 3208 329 3303 qni
345 3204 666 3301 deprehenderint,
690 3209 793 3279 facile
811 3211 1023 3283 sententiam
1039 3211 1127 3281 scri·
1180 3239 1252 3284 non
1266 3216 1373 3283 modo
1390 3238 1464 3283 non
1479 3213 1564 3283 satis
1577 3223 1797 3304 praesentem
1812 3211 1971 3281 animum
1986 3210 2032 3279 ad
2046 3209 2170 3279 dicen-

130 3312 183 3407 pti
205 3311 466 3404 adsequentur:
492 3334 576 3381 nam
590 3311 634 3380 de
648 3312 798 3382 consilio
815 3313 948 3382 autoris
964 3337 1126 3405 pronun·
1177 3321 1264 3386 dum
1288 3316 1426 3385 adferre
1446 3339 1504 3384 me
1521 3314 1656 3397 sentio,
1682 3316 1742 3382 sed
1760 3307 1847 3380 haec
1861 3337 1929 3381 vox
1948 3311 2054 3381 etiam
2072 3310 2169 3381 testis

132 3415 226 3487 ciare
246 3426 310 3484 aut
328 3412 486 3483 iudicare
510 3436 615 3482 nemo
638 3425 769 3503 potest,
794 3413 866 3481 nisi
888 3414 976 3483 serie
993 3414 1126 3484 oratio-
1178 3418 1285 3487 officii
1313 3418 1521 3508 pietatisque
1546 3428 1702 3498 nostrae,
1725 3436 1885 3481 moerore
1908 3407 2169 3504 lachrymisque

133 3518 190 3587 nis
212 3515 472 3586 animadversa.
530 3511 604 3584 Ubi
627 3514 838 3585 sententiam
862 3515 1045 3606 collegeris
1067 3510 1126 3584 hic
1179 3518 1382 3609 impeditur.
1419 3514 1558 3587 Etcum
1575 3515 1771 3608 praeclarae
1787 3514 1933 3584 virtutes
1946 3507 2169 3583 huiusPrin-

132 3617 399 3689 immorandum
424 3617 492 3688 erit
515 3618 553 3685 in
576 3617 727 3708 singulis
750 3616 918 3688 membris
941 3618 1126 3702 orationis,
1178 3622 1266 3714 cipis
1289 3616 1384 3690 hunc
1407 3614 1600 3701 honorem,
1627 3642 1697 3711 quo
1720 3639 1857 3708 semper
1880 3614 2013 3707 optime
2034 3614 2170 3685 consti·

133 3720 401 3811 videndumque
421 3744 492 3812 qno
508 3740 635 3809 genere
650 3720 857 3806 verborum,
880 3721 1011 3813 quibus
1027 3715 1127 3789 sche·
1179 3739 1274 3795 tutae
1296 3722 1454 3792 civitates
1477 3720 1625 3791 summis
1648 3719 1735 3789 viris
1756 3730 2006 3810 perculerunt,
2034 3716 2072 3785 in
2094 3717 2170 3809 pri·

132 3821 237 3893 matis
252 3820 425 3892 orationis
441 3843 525 3890 usus
541 3821 586 3891 sit
595 3819 730 3893 Cicero.
780 3818 917 3915 Estque
931 3847 1012 3892 cum
1029 3823 1127 3892 illius
1180 3827 1246 3896 mis
1267 3838 1491 3904 mereantur,
1521 3823 1675 3913 graviter
1696 3821 1856 3905 crucior,
1882 3820 1979 3913 quod
2000 3813 2170 3911 pulcher·

133 3924 297 3997 oratione
318 3923 527 3993 certandum
548 3937 582 3994 ct
598 3923 727 3994 nostris
745 3925 862 3993 verbis
878 3926 1126 4016 exponendum
1180 3929 1269 3998 rima
1292 3928 1368 3997 eius
1389 3925 1535 4010 merita,
1560 3924 1766 4016 praesertim
1787 3922 1825 3991 in
1848 3920 1983 3992 recenti
2005 3921 2122 4006 luctu,
2148 3944 2169 3989 a

133 4039 403 4118 argumentum,
433 4025 483 4095 ita
515 4026 590 4105 fiet,
623 4040 664 4096 ut
688 4040 722 4098 et
746 4026 956 4099 sententiam
980 4026 1127 4118 propius
1179 4029 1282 4100 nobis
1304 4029 1427 4098 ornari
1447 4040 1640 4121 nequeunt.
1691 4024 1782 4096 Nam
1803 4049 1883 4096 cum
1897 4021 2170 4114 Reipub.orbi-

134 4128 327 4222 adspicias,
351 4139 385 4197 et
405 4127 535 4197 clarius
557 4129 749 4220 adpareant
769 4128 905 4198 lumina
921 4126 1127 4199 Ciceronia—
1179 4145 1267 4216 tate,
1301 4155 1392 4225 quae
1414 4131 1454 4198 in
1476 4125 1544 4199 hoc
1568 4141 1686 4214 motu,
1711 4139 1745 4197 et
1767 4122 1824 4195 his
1846 4125 2003 4197 tenebris
2025 4124 2168 4216 sapien-

135 4255 199 4303 nae
229 4228 423 4309 orationis,
460 4230 522 4299 ubi
554 4254 634 4299 cum
659 4243 718 4300 tua
742 4224 980 4326 παραφράσει
1001 4244 1127 4300 contu·
1179 4234 1263 4307 tiam
1285 4229 1393 4303 huius
1412 4224 1481 4301 hoc
1502 4243 1661 4322 tempore
1679 4243 1849 4324 tanquam
1869 4228 1991 4298 lumen
2006 4227 2169 4320 require·

135 4334 227 4405 leris.
278 4329 417 4402 Interea
433 4345 468 4402 et
483 4330 590 4402 verba
605 4344 641 4401 et
650 4333 847 4402 sententiae
862 4333 997 4403 sutoris
1012 4333 1127 4403 obiter
1180 4338 1258 4420 hat,
1291 4330 1520 4404 vehementer
1546 4332 1753 4424 perturbor,
1783 4344 1860 4401 tum
1883 4344 1985 4421 auget
2007 4328 2168 4399 dolorem

135 4434 272 4507 firmius
300 4427 553 4506 adhaerescent
583 4432 717 4503 animo.
796 4432 868 4506 Sed
896 4435 1067 4505 faciamus
1088 4433 1127 4501 in
1179 4438 1337 4531 privatus
1360 4437 1487 4507 luctus.
1544 4431 1689 4506 Etenim
1714 4456 1795 4502 cum
1818 4432 1940 4502 vivum
1964 4453 2038 4499 non
2061 4430 2168 4499 modo

136 4537 282 4609 exordio
304 4535 516 4627 periculum.
570 4531 678 4605 lnitio
703 4536 871 4629 proponit
888 4539 985 4607 sede
1002 4532 1127 4606 Philo·
1178 4553 1324 4634 proptor
1346 4537 1513 4608 beneficia
1534 4560 1625 4631 quae
1639 4548 1760 4606 extant
1777 4557 1857 4624 erga
1875 4556 1931 4602 me
1946 4532 1991 4601 ab
2006 4531 2068 4600 illo
2084 4555 2170 4621 pro-

136 4634 261 4735 tophia
291 4637 489 4710 dicturum:
538 4634 672 4707 Verum
700 4650 752 4707 est
778 4640 901 4709 addita
930 4638 1128 4730 occupatio,
1178 4643 1268 4713 lecta
1293 4641 1499 4726 innumera,
1524 4637 1715 4722 coluerim,
1740 4637 1801 4705 sed
1824 4635 1928 4705 etiam
1944 4644 2090 4724 propter
2109 4631 2168 4701 in-

135 4764 196 4815 rtrr
211 4740 252 4812 in
268 4753 365 4812 tanta
379 4739 481 4832 copia
497 4737 718 4811 Graecorum
733 4741 947 4834 scriptorum
966 4742 1040 4833 ipse
1055 4738 1127 4809 La·
1178 4745 1314 4834 signem
1336 4742 1504 4812 virtutem
1527 4741 1633 4811 unice
1656 4738 1850 4809 admiratus
1871 4737 1939 4805 sim
1958 4749 1992 4806 et
2006 4734 2169 4819 amarim,

136 4844 207 4917 tine
225 4842 381 4928 scribat,
407 4842 531 4912 iisdem
549 4844 594 4913 de
610 4843 735 4928 rebus,
757 4867 845 4937 quas
860 4841 989 4915 Graeci
1003 4840 1127 4934 copio-
1179 4871 1253 4916 non
1269 4845 1385 4937 potuit
1401 4844 1488 4928 fieri,
1512 4842 1602 4937 quin
1616 4841 1703 4912 tanti
1720 4839 1787 4911 viri
1803 4837 1951 4909 interitu
1968 4836 2070 4905 valde
2080 4859 2169 4907 con·

136 4944 272 5018 tissime
299 4943 656 5037 splendidissimaque
684 4958 933 5020 tractaverunt.
995 4942 1044 5017 Et
1073 4946 1126 5013 sa·
1178 4963 1365 5021 sternarer.
1418 4945 1492 5027 Nos
1508 4946 1617 5035 igitur
1630 4959 1664 5014 et
1683 4940 1817 5032 ingenii
1832 4939 1971 5032 inopia,
1995 4951 2030 5008 et
2043 4938 2169 5010 dolore

137 5061 187 5121 eta
207 5047 450 5142 praeceptoris
469 5046 623 5126 mentio,
649 5060 685 5117 et
703 5047 821 5130 urbis,
844 5062 878 5119 et
895 5049 988 5118 utin
1005 5045 1127 5117 distri·
1179 5049 1360 5142 impediti,
1383 5072 1458 5118 non
1483 5045 1702 5117 instituimus
1726 5041 1925 5113 encomium
1950 5041 2098 5111 laudum
2123 5040 2169 5107 il-

137 5148 303 5232 lsutione,
337 5171 400 5219 sua
423 5149 551 5243 cuique
572 5149 729 5225 subiecta
751 5151 854 5224 ratio.
904 5147 1040 5243 Estque
1063 5173 1127 5219 ats-
1178 5154 1264 5236 lius,
1300 5163 1437 5221 tantum
1465 5144 1531 5218 hac
1554 5146 1680 5215 misera
1704 5168 1805 5230 voce,
1839 5137 1954 5214 ethis
1976 5134 2169 5237 lachrymis

139 5247 309 5345 μοδικιός
335 5274 416 5320 cum
449 5248 682 5342 occupatione
709 5261 895 5323 coniuncta
919 5251 1126 5344 propositio.
1178 5253 1429 5346 gratitudinem
1447 5250 1557 5319 animi
1573 5247 1685 5318 nostri
1701 5246 1936 5331 declaramus,
1960 5256 2001 5314 ut
2015 5241 2169 5332 intelligi

140 5350 353 5449 Quanquam
373 5365 491 5423 extent
513 5355 557 5422 de
581 5354 742 5424 moribus
762 5356 1016 5446 sapientissime
1039 5355 1127 5425 scri·
1177 5355 1289 5449 possit
1310 5355 1503 5425 iucundam
1526 5350 1631 5422 nobis
1648 5344 1745 5419 illius
1761 5348 1950 5430 virtutem,
1975 5356 2071 5434 grata
2088 5341 2168 5413 offi-

142 5466 196 5545 pta
215 5455 331 5527 molta
353 5479 373 5525 a
395 5451 557 5542 Graecis,
582 5467 618 5526 et
639 5480 719 5527 cum
738 5453 928 5551 Cratippus
950 5457 1127 5548 doctrina,
1178 5459 1231 5532 cia
1246 5457 1365 5532 fuisse.

1230 2430 1358 2502 Oratio
1381 2425 1487 2501 dicto
1505 2432 1548 2501 iss
1565 2391 2121 2600 supereratdeucisacoatae

1653 2551 1748 2603 ucsa.
