4664 6022
246 302 297 378 at
715 296 874 375 DECL.
908 293 986 372 DE
1016 292 1223 373 PRAEF.
1251 292 1312 369 IN
1342 288 1588 367 ormcln
1608 286 1810 372 clcltlt.
2243 288 2294 369 dd

297 482 344 550 ln
370 472 508 577 Officia
536 477 726 550 Ciceronis
747 466 946 567 praefatio
971 468 1070 545 Phil·
1094 463 1191 543 Met
1294 489 1357 558 ego
1373 459 1434 535 hic
1450 463 1495 536 de
1511 465 1683 556 religione
1696 465 1797 551 dico,
1821 489 1913 559 quae
1927 489 1968 536 ex
1984 464 2092 537 sacris
2106 428 2214 537 libris
2227 487 2290 556 pe-

412 641 421 659 ,
701 634 710 652 ‚
768 633 777 651 ,
1082 633 1103 651 ,,
1293 568 1475 642 tendafest.
1524 566 1650 638 Civilis
1661 568 1756 638 vitae
1770 570 1988 639 consuetudo
2004 564 2213 640 aCicerone
2227 568 2290 639 de-

356 640 443 724 Μ
462 635 613 727 ⁶⁰an
633 634 728 703 'mm
752 632 908 701 ‘mmm
929 633 969 700 ὼ
991 631 1129 722 ‘'sm'‘
1293 670 1483 755 scribitur,
1507 694 1589 741 curn
1609 694 1678 765 qua
1693 670 1818 761 religio
1833 665 1926 740 nihil
1942 684 2087 763 pugnat
2138 667 2291 761 Scripsit

249 767 566 874 Quemadmodum
596 785 717 845 vetant
746 772 785 840 in
815 775 1011 840 exercendo
1033 772 1146 842 sterili
1163 772 1241 841 solo
1295 774 1340 843 de
1355 768 1496 843 Officiis
1511 773 1618 843 etiam
1632 772 1737 844 divus
1747 771 1970 858 Ambrosius,
1994 774 2100 843 credo
2113 764 2289 864 ut'pueris

248 898 313 954 aut
334 893 495 974 sumptus
515 880 648 961 facere,
675 887 737 945 aut
760 897 899 943 sumere
918 873 1095 958 laborem,
1119 875 1167 944 ita
1188 874 1243 943 lc·
1294 875 1489 946 inculcaret
1510 875 1737 968 religionem,
1764 877 1809 945 de
1828 900 1896 970 qua
1918 875 2060 945 videbat
2082 875 2120 943 in
2143 871 2289 945 Cicero·

248 984 360 1058 cturis
382 983 588 1074 scriptorem
603 979 760 1071 aliquem
775 975 813 1044 in
830 976 954 1067 primis
968 975 1162 1046 videndum
1180 990 1243 1061 est,
1293 977 1412 1047 nianis
1433 972 1527 1046 nihil
1551 978 1717 1070 praecipi.
1768 975 1902 1047 Verum
1925 999 1988 1065 ego
2012 977 2223 1067 religionem
2248 999 2289 1049 cx

249 1087 337 1183 quid
360 1086 503 1164 doceat,
530 1096 563 1153 et
584 1104 692 1174 quam
716 1079 800 1146 inde
817 1077 1049 1156 accessionem
1064 1081 1106 1147 ad
1124 1080 1241 1148 studia
1294 1079 1428 1149 divinis
1448 1079 1561 1149 literis
1582 1104 1706 1150 censeo
1728 1072 1964 1149 hauriendam
1986 1102 2072 1151 esse.
2120 1075 2175 1149 De
2201 1077 2288 1147 civi·

248 1203 368 1259 nostra
389 1187 502 1255 facere
524 1184 712 1276 possimus.
765 1178 877 1250 Porro
899 1181 958 1249 vix
983 1180 1085 1270 pauci
1099 1180 1137 1248 iu
1152 1180 1244 1249 rele-
1293 1182 1390 1252 libus
1406 1181 1565 1251 moribus
1578 1183 1701 1250 malim
1717 1182 1841 1251 audire
1855 1179 2075 1267 Ciceronem,
2098 1181 2162 1273 qui
2176 1180 2288 1250 maxi·

248 1290 373 1383 gendis
392 1286 628 1378 scriptoribus
641 1307 759 1354 secum
775 1282 844 1374 ipsi
858 1282 1077 1364 deliberant,
1105 1283 1241 1376 ecquod
1295 1283 1362 1354 mis
1380 1285 1486 1353 rebus
1501 1283 1606 1374 gestis
1623 1297 1781 1354 versatus
1796 1282 1835 1352 in
1852 1281 1996 1375 Repub.
2015 1282 2175 1375 principe
2190 1283 2287 1354 orbis

249 1414 377 1485 operae
398 1388 550 1481 pretium
567 1387 693 1456 facturi
708 1387 790 1457 sint.
833 1380 990 1455 Etbona
1007 1407 1086 1476 pars
1102 1385 1242 1454 discen·
1294 1399 1488 1467 terrarum,
1526 1409 1594 1457 usu
1625 1386 1792 1478 pleraque
1821 1385 2011 1477 comperit,
2051 1384 2221 1478 pleraque
2247 1408 2287 1455 ex

248 1494 340 1567 tium
363 1493 403 1561 in
425 1490 633 1561 universum
654 1489 788 1572 nescit,
813 1489 857 1555 ad
880 1508 986 1580 quem
1004 1509 1150 1578 scopum
1166 1500 1242 1555 stu·
1296 1483 1517 1559 Graecorum
1533 1489 1693 1580 scriptis,
1718 1487 1782 1580 qui
1800 1487 1972 1557 maximas
1985 1487 2144 1559 civitates
2158 1488 2286 1575 guber-

248 1596 309 1668 dia
331 1593 453 1665 omnia
478 1592 665 1682 dirigenda
685 1592 767 1660 sint.
826 1587 984 1659 Proinde
1008 1588 1112 1658 initio
1135 1582 1242 1658 huius
1295 1602 1445 1674 narunt,
1469 1590 1586 1660 vertit.
1635 1588 1755 1660 Habes
1771 1590 1891 1683 itaque
1906 1589 1992 1683 quid
2010 1585 2069 1658 hic
2083 1589 2231 1660 libellus
2244 1589 2287 1660 ad

249 1697 365 1768 libelli
388 1709 423 1766 et
445 1706 693 1785 argumentum
716 1691 833 1782 operis
855 1691 1088 1761 indicandum
1111 1703 1183 1775 est,
1208 1704 1241 1760 et
1295 1692 1527 1762 iudicandum
1559 1687 1830 1762 conferam-Est
1860 1691 1955 1760 enim
1982 1691 2039 1760 vel
2063 1689 2180 1783 prima
2202 1712 2287 1784 prn-

248 1800 338 1895 quid
362 1798 520 1869 conferat
541 1796 668 1866 studiis
690 1794 832 1865 nostris.
883 1789 936 1863 Ea
954 1794 1097 1862 demum
1116 1806 1167 1863 est
1185 1816 1243 1862 so-
1295 1793 1436 1863 dentiae
1457 1817 1557 1884 pars,
1583 1807 1702 1863 tenere
1725 1806 1908 1884 praecepta
1931 1796 1976 1862 de
1998 1793 2172 1867 moribus.
2223 1786 2285 1865 Eo

249 1903 324 1972 lida
346 1899 501 1971 eruditio
524 1901 570 1969 de
586 1899 693 1967 rebus
716 1896 947 1989 moribusque
971 1911 1064 1966 recte
1084 1894 1242 1964 iudicare
1294 1909 1412 1966 autem
1434 1893 1557 1966 Cicero
1588 1919 1644 1965 res
1672 1896 1823 1986 partitus
1853 1896 1891 1963 in
1922 1891 2069 1966 honesta
2100 1908 2135 1965 et
2168 1893 2282 1966 utilia.

248 2027 372 2099 posse,
405 2001 534 2071 deiude
566 2023 655 2094 quae
685 1998 805 2068 animo
830 1992 1140 2090 comprehenderis
1161 2021 1243 2087 per·
1294 1995 1499 2067 Honestatis
1520 2011 1636 2088 partes
1656 1998 1694 2065 in
1714 1997 1829 2089 primo
1845 1996 1939 2067 libro
1956 2009 2103 2083 tractat,
2127 1997 2192 2067 ubi
2210 1996 2285 2088 pri·

250 2107 371 2199 spicue
392 2118 426 2174 ct
445 2102 629 2173 commode
643 2101 835 2192 explicare,
861 2113 966 2192 atque
984 2097 1115 2192 eloqui.
1167 2096 1242 2169 lle-
1295 2123 1391 2169 mum
1415 2099 1563 2169 virtutes
1584 2099 1911 2170 definitDialectica
1927 2101 2080 2193 quadam
2097 2112 2284 2170 consuctu-

247 2232 330 2280 rum
353 2205 510 2296 cognitio
525 2206 569 2273 ad
586 2203 816 2274 iudicandum
835 2216 869 2271 et
886 2202 1139 2293 adpetendam
1156 2224 1242 2292 pru·
1294 2201 1391 2274 dine.
1441 2198 1582 2271 Deinde
1603 2201 1762 2290 congerit
1782 2202 1894 2271 multa
1912 2215 2094 2292 praecepta
2112 2202 2157 2270 de
2174 2200 2282 2271 mori·

249 2299 406 2382 dentiam
436 2319 489 2376 est
511 2306 715 2376 necessaria.
783 2302 916 2393 Magna
939 2303 978 2370 in
1005 2302 1127 2391 primis
1147 2301 1242 2392 opti·
1293 2302 1715 2377 busvelutinacervum.
1758 2300 1802 2373 ln
1815 2304 1971 2374 secundo
1986 2304 2079 2372 libro
2092 2326 2150 2373 res
2165 2324 2282 2373 omnes

130 2399 132 2403 Α
247 2435 391 2483 morum
413 2409 603 2478 verborum
627 2408 728 2498 copia
751 2406 946 2499 requiritur
968 2406 1012 2472 ad
1034 2403 1241 2485 dicendum:
1295 2419 1496 2497 enumerat,
1541 2429 1629 2498 quas
1659 2419 1784 2476 natura
1812 2407 1856 2474 ad
1881 2405 2071 2475 utilitatem
2096 2428 2160 2475 seu
2183 2427 2281 2475 usum

246 2519 346 2586 Voco
362 2527 480 2582 autem
496 2533 615 2579 rerum
632 2508 834 2590 scientiam,
859 2500 1135 2600 physiologiam,
1159 2505 1242 2576 Ma·
1293 2500 1483 2577 hominum
1507 2507 1686 2595 condidit,
1712 2507 1883 2600 docetque
1908 2531 2013 2600 quern
2035 2531 2076 2576 ex
2091 2531 2235 2601 quaque
2250 2530 2282 2577 rc

247 2613 421 2698 themata,
447 2624 630 2704 praecepta
653 2611 697 2679 de
714 2609 879 2680 civilibus
896 2609 1071 2678 moribus:
1098 2632 1181 2678 nam
1197 2609 1242 2677 de
1294 2632 1397 2678 usum
1422 2609 1603 2700 percipere
1618 2608 1821 2679 debeamus.
1872 2606 1916 2678 ln
1931 2609 2037 2680 tertio
2053 2608 2192 2682 confert
2207 2631 2280 2681 cum

248 2716 422 2808 religione
443 2709 504 2802 hic
527 2707 621 2781 nihil
646 2712 809 2781 dicimus.
859 2709 994 2803 Estque
1014 2712 1059 2779 ad
1081 2734 1241 2779 commu-
1293 2704 1477 2781 honestate
1491 2711 1693 2786 utilitatem.

130 2846 133 2853 ·
250 2845 333 2892 nem
365 2818 475 2888 vitam
497 2815 536 2883 in
558 2814 682 2906 primis
702 2814 811 2895 utile,
845 2837 884 2882 ea
909 2827 1050 2896 tenere,
1084 2836 1175 2904 quae
1197 2812 1241 2880 de

249 2922 412 2994 moribus
438 2920 552 3011 deque
581 2916 678 3035 civili
710 2916 802 2985 vitae
831 2917 1087 3035 cqnsuetudipe
1111 2914 1239 3034 tradita
1352 2959 1440 3041 Quid
1460 2959 1505 3027 ad
1524 2959 1690 3028 dmm
1711 2959 1862 3050 conferat
1883 2959 2008 3029 meum
2029 2963 2069 3030 de
2091 2960 2236 3052 officia

249 3038 344 3098 scint.
394 3019 543 3090 Beluam
557 3019 663 3103 decas,
686 3042 759 3087 nou
774 3012 967 3101 hommem,
993 3040 1154 3110 quisquis
1167 3040 1240 3085 uon
1610 3051 1615 3061 -

249 3140 303 3199 est
324 3123 481 3195 excultus
503 3115 573 3190 hoc
590 3121 772 3191 doctrinae
788 3142 935 3210 genere,
960 3133 993 3190 et
1011 3121 1055 3188 ad
1073 3115 1241 3190 humani·
1396 3118 1645 3214 Praeterquam
1689 3121 1806 3213 quod,
1851 3133 1892 3191 ut
1932 3133 2066 3192 caetera
2103 3117 2278 3191 Ciceronis

248 3243 355 3301 tatem
378 3239 412 3296 et
435 3224 553 3294 civilia
575 3223 690 3297 cilicia
712 3222 934 3296 assuefactus.
985 3220 1077 3291 Nam
1098 3221 1241 3292 virtutis
1293 3223 1436 3307 omnia,
1461 3247 1628 3313 magnum
1649 3246 1840 3292 numerum
1864 3222 2135 3292 lectissimorum
2157 3222 2281 3294 verbo·

250 3328 468 3400 incunabula
496 3341 602 3418 atque
633 3327 835 3396 rudimenta
866 3338 969 3404 sunt,
1010 3320 1077 3394 hae
1107 3325 1241 3409 literae,
1293 3339 1434 3397 mmet
1457 3325 1649 3415 figurarum
1670 3324 1912 3416 suppeditabit
1936 3320 1994 3394 hic
2015 3324 2183 3407 libellus,
2206 3324 2280 3394 ideo

249 3432 380 3528 quibus
402 3431 446 3499 ad
468 3425 688 3499 honestatem
710 3428 824 3498 teneri
844 3426 955 3496 animi
972 3428 1119 3498 aluntur
1134 3441 1170 3497 et
1183 3427 1241 3495 in·
1294 3427 1399 3497 etiam
1424 3429 1469 3497 ad
1490 3428 1681 3496 dicendum
1704 3429 1784 3518 plus
1805 3428 2008 3520 aliquanto,
2039 3451 2147 3520 quam
2170 3426 2281 3517 plera-

249 3536 416 3605 citantur.
467 3529 580 3600 Porro
602 3554 676 3599 non
693 3529 782 3598 alius
799 3529 1050 3601 extatlibellus
1067 3532 1111 3598 de
1129 3530 1241 3600 mori·
1294 3553 1363 3622 que
1392 3530 1461 3598 alia
1491 3530 1618 3619 scripta
1648 3531 1804 3612 confert,
1843 3529 1927 3621 quio
1959 3530 2118 3599 locorum
2148 3528 2282 3622 aliquot

250 3637 319 3706 bus
341 3631 537 3702 absolutior
558 3626 697 3700 Officiis
714 3629 912 3700 Ciceronis.
963 3628 1240 3720 Diligentissime
1293 3632 1537 3700 communium
1566 3630 1755 3716 formulas,
1789 3644 1823 3699 et
1853 3632 2111 3722 propemodum
2138 3629 2280 3700 simula-

251 3736 347 3806 enim
375 3731 551 3824 praecepit
574 3733 617 3801 de
640 3732 808 3800 omnibus
830 3731 920 3800 vitae
942 3733 1121 3823 partibus,
1153 3733 1239 3824 quid
1294 3727 1377 3801 chra
1391 3733 1562 3806 continet.
1613 3731 1729 3803 Porro
1744 3756 1825 3802 cum
1843 3728 1881 3801 hi
1897 3733 1965 3803 loci
1982 3732 2155 3802 virtutum
2174 3756 2216 3803 ac
2230 3730 2280 3799 vi·

252 3841 373 3909 deceat
404 3833 600 3928 quamlibet
629 3845 790 3903 aetatem.
849 3828 997 3904 Accedit
1026 3836 1132 3906 etiam
1162 3831 1241 3920 hoc,
1294 3835 1426 3904 tiorum
1457 3835 1598 3925 regulae
1622 3835 1713 3921 siut,
1744 3837 1787 3904 ad
1813 3859 1901 3929 quas
1923 3835 2084 3905 omnium
2106 3856 2226 3904 mores
2249 3845 2281 3902 et

251 3941 347 4035 quod
371 3938 464 4008 iusto
486 3935 613 4006 ordine
637 3935 766 4003 formas
787 3934 959 4005 virtutum
975 3937 1178 4029 proposuit,
1201 3954 1242 4009 ut
1292 3938 1382 4006 sacta
1405 3938 1575 4029 exigimus
1598 3937 1637 4006 iu
1659 3937 1869 4018 iudicando,
1899 3937 2013 4008 oratio
2036 3937 2144 4006 etiam
2166 3935 2280 4006 omnis

251 4052 410 4113 extarent
436 4039 484 4109 ob
507 4036 630 4107 oculos
658 4036 869 4121 lectoribus,
902 4048 1072 4130 tanquam
1100 4040 1242 4129 regulae
1294 4039 1418 4109 referri
1441 4044 1566 4111 adens
1588 4041 1710 4124 debet,
1735 4039 1818 4107 inde
1840 4054 2064 4130 argumenta,
2090 4037 2281 4132 amplifica·

250 4143 411 4214 omniurn
435 4138 664 4210 consiliorum
680 4150 716 4209 et
729 4138 918 4209 factorum:
944 4140 1026 4211 fecit
1041 4142 1137 4210 enim
1153 4166 1242 4235 qua-
1294 4140 1478 4235 tionesque
1509 4154 1697 4234 petuntur,
1726 4154 1767 4213 ut
1794 4139 1826 4208 si
1857 4143 1937 4235 quis
1969 4142 2148 4232 ingratum
2181 4139 2281 4223 dicat,

251 4259 335 4314 tuor
371 4242 512 4311 virtutis
546 4239 726 4324 membra,
765 4241 1012 4333 prudentiam,
1055 4244 1241 4328 iusticiam,
1295 4245 1405 4314 multa
1423 4245 1478 4314 illi
1494 4268 1567 4313 non
1584 4245 1628 4314 de
1646 4266 1794 4334 persona
1811 4253 1968 4322 tantum,
1993 4244 2054 4313 sed
2073 4243 2118 4312 de
2135 4242 2215 4334 ipso
2230 4240 2281 4309 vi·

249 4343 518 4427 fortitudinem,
551 4341 772 4414 modestiam.
824 4339 926 4431 Quae
951 4357 1120 4438 tauquam
1145 4345 1242 4414 locos
1293 4346 1334 4415 tii
1351 4368 1479 4434 genere
1495 4358 1601 4416 erunt
1615 4345 1783 4429 dicenda,
1808 4344 1944 4439 eritque
1959 4347 2076 4416 danda
2089 4369 2221 4437 opera,
2245 4355 2281 4414 ut

234 4466 456 4529 ,communes
482 4458 685 4534 proponant
706 4444 775 4515 sibi
791 4445 1045 4532 adolescentes,
1070 4461 1110 4518 ut
1126 4471 1167 4517 eo
1185 4470 1241 4516 re·
1296 4447 1496 4538 intelligant
1511 4446 1710 4530 auditores,
1734 4459 1865 4539 quanta
1883 4447 1929 4518 sit
1945 4447 1983 4515 in
2001 4470 2043 4517 eo
2061 4447 2151 4516 vitio
2169 4445 2281 4540 turpi·

252 4549 368 4618 lerant
389 4544 510 4615 omnia
531 4545 575 4613 de
598 4545 757 4614 moribus
781 4548 950 4630 consilia,
977 4560 1011 4617 et
1032 4573 1121 4642 quos
1144 4549 1241 4619 iudi·
1294 4549 1400 4620 tudo:
1427 4548 1561 4619 Verum
1574 4549 1609 4615 id
1622 4572 1726 4618 nemo
1740 4562 1916 4640 praestate
1931 4549 2078 4640 poterit,
2100 4548 2175 4619 nisi
2188 4549 2283 4621 loeo·

252 4649 386 4731 caturi,
409 4646 496 4740 quid
517 4646 656 4728 deceat,
681 4671 744 4717 ceu
769 4642 948 4743 Theseum
969 4649 1067 4719 filum
1089 4675 1242 4744 sequau-
1293 4675 1373 4722 rum
1396 4653 1542 4721 illorum
1563 4650 1736 4721 formulas
1756 4651 1847 4720 bene
1869 4652 2055 4722 meditatas
2073 4645 2225 4739 habeat,
2249 4661 2282 4722 et

251 4764 322 4821 tur.
373 4746 463 4818 Nam
487 4760 528 4818 ut
550 4746 693 4831 Zeusis,
724 4747 1000 4819 cum'Helenam
1024 4751 1241 4823 Crotoniatis
1294 4755 1454 4845 exempla
1474 4765 1635 4822 veterum
1656 4765 1792 4837 teneat,
1815 4754 1915 4824 unde
1938 4754 2065 4840 verba,
2089 4752 2280 4825 sententiat

251 4851 430 4944 pingeret,
460 4850 633 4921 inclusam
661 4844 816 4919 habebat
840 4851 878 4919 in
900 4851 1020 4922 animo
1042 4850 1241 4944 pulcherri-
1294 4868 1328 4925 et
1350 4867 1559 4925 ornamenta
1580 4867 1773 4928 mutuetur.
1823 4851 1905 4926 Erit
1926 4856 2047 4951 itaque
2066 4850 2283 4926 hiclibellus

251 4975 346 5020 mam
369 4953 546 5044 quandam
571 4951 732 5020 mulieris
754 4953 922 5042 speciem,
948 4977 1026 5039 seu,
1052 4968 1092 5025 ut
1110 4954 1257 5026 Graeci
1293 4956 1392 5027 velut
1411 4981 1525 5050 penu,
1557 4969 1591 5026 et
1614 4957 1704 5027 sicut
1726 4957 1845 5050 inquit
1866 4953 2117 5054 Thucydides,
2145 4960 2281 5052 κτῆμα,

252 5054 396 5137 dicunt,
421 5047 543 5124 elde'or
564 5053 747 5123 collectam
763 5077 804 5123 ex
821 5054 964 5146 optimis
979 5058 1163 5150 exemplis:
1191 5058 1240 5129 ita
1292 5061 1390 5129 unde
1412 5061 1623 5151 depromant
1642 5058 1840 5129 orationem
1865 5060 2036 5147 studiosi,
2060 5062 2104 5130 de
2126 5081 2285 5152 quacun·

251 5155 469 5224 iudicaturos
484 5155 712 5235 nemoribus,
738 5157 1012 5249 oportetanimo
1028 5173 1146 5230 tencre
1160 5177 1241 5233 tan-
1292 5187 1361 5257 quc
1391 5187 1430 5232 re
1460 5162 1651 5232 dicendum
1675 5161 1800 5244 fuerit,
1836 5156 1920 5231 hinc
1944 5173 2173 5253 argumenta,
2203 5155 2286 5231 hinc

252 5279 358 5352 quam
394 5255 525 5323 formas
563 5259 732 5347 quasdam
770 5259 943 5328 virtutum
977 5261 1240 5354 descriptiones,
1292 5266 1502 5346 sententias,
1533 5257 1619 5332 hinc
1647 5263 1793 5351 figuras,
1827 5258 1911 5333 hinc
1935 5277 2015 5356 apta
2039 5265 2146 5333 verba
2168 5285 2284 5334 excer-

252 5379 339 5451 quas
355 5356 557 5440 consulant,
580 5379 666 5448 quas
681 5357 904 5442 intueantur,
931 5362 970 5428 in
983 5384 1070 5453 quas
1087 5365 1240 5453 defigant
1291 5382 1389 5458 pant.
1430 5363 1483 5434 M.
1494 5360 1618 5434 Cicero
1633 5385 1800 5453 maguum
1818 5363 2096 5437 instrumentum
2112 5366 2281 5459 eloquen-

252 5458 390 5543 oculos,
422 5458 560 5552 quoties
583 5457 627 5526 dc
652 5453 835 5531 honestate
855 5462 1066 5541 deliberant.
1115 5465 1238 5559 Neque
1291 5469 1360 5539 tiae
1388 5469 1426 5540 id
1452 5487 1531 5564 ,esse
1558 5466 1715 5558 putavit,
1748 5461 1878 5539 habere
1906 5469 2003 5540 locos
2032 5467 2073 5538 in
2094 5477 2280 5541 numerato
