4664 6022
142 336 217 409 879
610 323 764 399 DECL.
806 322 882 396 DE
917 320 1483 401 APPuLLATtONtBth
1518 326 1728 405 PANUM.
2120 332 2187 407 stt

47 514 66 539 ”
140 508 214 581 Nec
228 504 315 577 alias
332 525 452 575 causas
467 526 487 570 a
502 493 796 593 priorinysicus
812 500 998 567 ostendere
1013 510 1139 589 potest.
1163 515 1170 647 Ι
1192 499 1277 592 quia
1309 493 1435 568 bordei
1462 513 1588 570 natura
1612 500 1778 589 frigidior
1806 513 1870 572 est.
1921 500 2047 575 Motu
2075 518 2183 575 aretem

142 611 214 684 Sed
228 622 348 703 postca
364 604 498 697 species
513 601 693 673 discernit.
726 597 807 669 Alia
823 601 966 670 materia
980 595 1139 669 humano
1163 664 1167 677 ,
1193 615 1277 671 sunt
1293 600 1515 686 testimonia,
1542 598 1704 671 homines
1726 602 1905 676 tenuiores
1923 603 2016 675 olim
2040 606 2185 677 multum

143 710 285 805 corpori
305 708 436 797 magis,
463 704 533 775 alia
554 703 672 772 minus
688 702 874 771 familiaris
891 714 954 775 est.
1006 698 1139 771 Holera
1193 725 1275 773 usos
1290 725 1364 771 esse
1382 704 1533 790 panibus
1550 698 1766 773 hordeaceis.
1818 702 1903 777 ldeo
1919 708 2018 777 enim
2036 708 2077 777 in
2092 732 2185 779 versu

37 866 46 875 .
143 831 179 887 et
203 836 307 907 poma
330 809 395 881 etsi
418 806 604 896 nutriunt,
629 816 748 875 tamen
770 804 854 897 quia
875 803 984 872 nimis
1007 825 1139 896 aquosa
1193 803 1304 873 veteri
1330 804 1479 876 dicitur:
1513 801 1699 899 αὐταρκὴς
1724 800 1799 903 γὰρ
1827 801 1849 877 ὅ
1876 804 2068 904 πρέσβυς,
2102 808 2186 902 ἔχων

143 929 246 996 sunt,
269 912 400 984 diffluit
416 931 557 993 succus,
582 920 616 978 et
630 906 833 996 languidior
848 920 911 977 est.
961 902 1139 975 Triticum
1192 902 1265 977 dte
1286 901 1351 977 καὶ
1376 899 1448 979 δύο
1470 903 1629 1002 κρίμνα,
1666 908 1781 978 Senex
1802 904 1870 981 boc
1886 911 1984 983 victo
2005 927 2185 985 contentus

144 1018 270 1090 siccius
287 1028 356 1099 est,
382 1026 416 1083 et
431 1010 574 1103 pingue,
597 1020 835 1099 attemperate
852 1006 1020 1078 calidum.
1054 1004 1139 1077 Ideo
1191 1022 1261 1092 est,
1296 1009 1368 1079 sale
1401 1023 1435 1079 et
1464 1009 1605 1080 duobus
1633 1011 1787 1100 panibus
1816 1006 2043 1085 hordeaceis.
2107 1012 2185 1085 Nan

148 1133 183 1190 et
214 1139 337 1188 succus
360 1115 398 1186 fit
419 1113 588 1206 pinguior
618 1123 653 1180 et
681 1109 909 1200 glutinationi
942 1132 1141 1179 accommo-
1191 1103 1351 1206 κρίμνον
1380 1110 1531 1180 farinam
1560 1134 1634 1180 esse
1662 1125 1758 1182 certo
1783 1116 1891 1183 modo
1916 1129 2136 1207 apparatum
2154 1141 2185 1187 cr

145 1222 271 1291 datior.
1192 1208 1348 1297 hordeo,
1373 1213 1544 1282 traditum
1560 1227 1631 1296 est,
1657 1226 1691 1283 et
1716 1209 1863 1285 historia
1886 1217 2102 1306 evangelica
2116 1243 2185 1291 nar-

244 1321 412 1391 Dicamus
434 1316 542 1407 igitur
565 1316 637 1384 iam
660 1315 704 1383 de
732 1312 964 1397 differentiis,
989 1334 1138 1405 quarum
1191 1328 1266 1397 rat,
1298 1313 1457 1407 quinque
1486 1337 1594 1406 panes
1623 1310 1836 1387 hordeaceos
1863 1318 2089 1393 distributos
2118 1344 2186 1405 esse,

144 1424 276 1515 gradus
293 1435 362 1490 tres
374 1419 600 1499 constituam,
626 1415 781 1507 primum
796 1439 816 1484 a
831 1414 988 1498 materia,
1015 1436 1140 1482 secun·
1192 1416 1323 1510 quibus
1349 1417 1447 1508 pavit
1474 1416 1569 1485 lilius
1594 1414 1663 1486 Dei
1694 1419 1848 1509 amplius
1881 1421 2055 1515 quinque
2088 1423 2187 1493 millia

144 1527 230 1594 dum
257 1549 276 1593 a
305 1521 478 1614 puritate,
518 1518 660 1589 tertium
686 1540 705 1585 a
734 1516 903 1586 coctione.
958 1512 1141 1585 Differunt
1193 1514 1398 1587 bominum:
1432 1542 1501 1611 qua
1523 1519 1727 1589 narratione
1759 1522 1893 1593 multae
1915 1524 2186 1613 significationes

144 1650 253 1719 panes
269 1625 423 1718 primurn
437 1621 603 1691 materia:
624 1619 686 1688 alii
702 1619 794 1690 fiunt
809 1642 851 1688 ex
864 1617 994 1702 tritico,
1019 1617 1083 1686 alii
1099 1641 1140 1685 ex
1192 1622 1422 1691 adumbratae
1443 1634 1537 1691 sunt.
1589 1618 1711 1691 Alitur
1736 1636 1771 1692 et
1793 1623 2006 1696 defenditur
2028 1622 2183 1711 Ecclesia,

145 1730 257 1823 olyra,
284 1725 346 1795 alii
362 1748 404 1794 ex
417 1747 488 1809 zea,
513 1723 575 1791 alii
590 1746 631 1791 ex
646 1716 793 1796 hordeo.
841 1717 987 1790 Caetera
1003 1741 1141 1809 genera,
1192 1719 1267 1794 Deo
1291 1722 1452 1802 iuvante,
1488 1721 1623 1791 etiarnsi
1645 1747 1729 1815 opes
1756 1720 1863 1795 babet
1889 1727 2057 1819 exigeres.
2106 1728 2181 1800 Sunt

145 1831 230 1924 quia
247 1830 285 1897 in
307 1828 437 1896 nostris
453 1825 661 1914 regionibus
676 1848 752 1892 non
766 1838 849 1894 sunt
863 1823 1009 1906 usitata,
1034 1819 1140 1890 omit·
1193 1837 1226 1894 ct
1247 1825 1357 1893 micae
1375 1825 1558 1895 doctrinae
1582 1824 1619 1891 in
1639 1826 1789 1917 speciem
1812 1841 1960 1913 tenues,
1985 1842 2026 1901 et
2041 1830 2183 1921 frigidae,

146 1946 230 2004 tarn.
282 1929 332 2001 Et
348 1952 430 1998 cum
453 1923 539 1997 haec
555 1927 749 1997 recitentur
768 1938 913 2017 propter
936 1923 1139 1993 auditorum
1192 1928 1253 1996 sed
1276 1923 1352 1995 Deo
1381 1927 1556 2017 aspirante
1581 1929 1779 1998 accendunt
1802 1928 1911 1999 vitam
1945 1936 2183 2003 aeternamiu

146 2033 354 2114 utilitatem,
378 2031 544 2100 volumus
565 2028 616 2097 eis
637 2051 756 2097 rerum
783 2026 1055 2096 domesticarum
1077 2047 1140 2115 ap-
1193 2028 1370 2099 cordibus.
1416 2027 1540 2099 Plures
1556 2028 1642 2097 alias
1658 2029 1789 2120 species
1803 2033 1938 2101 addere
1956 2056 2113 2124 possem,
2134 2038 2180 2104 sed

146 2135 373 2225 pellationes,
400 2145 434 2202 et
447 2132 539 2202 vires
553 2144 656 2201 notas
673 2152 756 2200 esse.
1193 2154 1257 2199 nec
1279 2125 1385 2200 buius
1408 2130 1575 2222 temporis
1592 2131 1753 2220 angustia
1775 2132 1981 2221 longiorem
2012 2161 2179 2227 enumera·

249 2234 425 2305 Triticum
450 2257 525 2303 esse
553 2233 686 2324 primae
721 2230 892 2302 bonitatis
919 2231 1139 2299 frumentum
1192 2233 1325 2302 tionem
1341 2233 1445 2302 nobis
1461 2233 1641 2315 concedit,
1668 2256 1732 2302 nec
1746 2249 1904 2304 caeterae
1920 2239 2085 2327 perinde
2096 2255 2177 2321 poue

147 2350 303 2422 constat,
335 2337 432 2429 quod
456 2332 601 2404 Graecis
627 2347 677 2404 est
703 2332 839 2428 πόρος,
866 2331 970 2402 nobis
996 2329 1141 2420 Qtiettt.
1193 2348 1287 2407 sunt.
1337 2332 1417 2404 Non
1434 2334 1528 2402 enirn
1547 2333 1616 2401 iarn
1631 2357 1732 2426 saepe
1746 2358 1786 2404 ex
1806 2359 1947 2408 sesamo
1978 2353 2049 2411 aut
2074 2341 2173 2435 panim

147 2440 256 2511 recito
279 2439 375 2508 enim
400 2438 652 2529 appellationes
676 2449 814 2505 nostras
835 2432 1003 2504 omnibus
1026 2444 1141 2521 notas,
1193 2437 1232 2506 lit
1248 2436 1360 2527 panis.
1401 2431 1540 2505 Omitto
1557 2449 1591 2506 et
1604 2437 1713 2506 factos
1727 2460 1767 2506 ex
1783 2438 1937 2510 diversis
1954 2444 2128 2528 materiis,
2145 2457 2170 2511 nt

147 2556 187 2613 ut
210 2543 315 2612 rebus
338 2540 471 2609 alicubi
499 2538 722 2620 monstratis,
756 2536 905 2606 iudicari
936 2534 1139 2604 discrimina
1193 2551 1275 2608 sunt
1295 2539 1495 2629 placentae,
1522 2537 1622 2622 itria,
1646 2537 1732 2607 liba.

148 2645 261 2714 oculis
275 2643 423 2735 possint.
456 2638 550 2712 Sunt
564 2640 672 2730 igitur
688 2639 815 2730 optimi
830 2662 950 2730 panes,
974 2636 1142 2730 quibunt
1283 2636 1424 2710 Addam
1443 2663 1526 2708 vero
1540 2638 1789 2710 differentiasa
1806 2642 1969 2732 puritate
1987 2648 2162 2739 sumptui]

148 2770 190 2815 ex
217 2745 355 2825 tritico,
390 2745 435 2812 de
457 2766 609 2835 quorum
633 2741 845 2812 differentiis
869 2753 987 2831 postea
1018 2760 1141 2808 rursus
1193 2736 1248 2809 bis
1265 2742 1436 2831 panibus,
1462 2740 1524 2833 qui
1542 2764 1582 2808 ex
1604 2741 1721 2812 tritico
1743 2742 1845 2818 liunt.
1897 2741 2159 2839 Optimusestrt

148 2847 275 2920 dicam.
1192 2842 1420 2934 purissimus,
1452 2841 1513 2934 qui
1537 2841 1575 2909 lit
1598 2865 1639 2911 ex
1665 2843 1825 2931 siligine,
1858 2870 1977 2939 quam
2014 2851 2153 2922 nominant

251 2938 435 3017 Secundu's
458 2946 557 3016 locus
575 2944 752 3014 tribuatur
776 2967 817 3012 er
838 2944 937 3036 olyra
957 2941 1076 3023 iactis,
1101 2965 1141 3009 ac
1193 2945 1419 3014 tenerrimam
1436 2957 1571 3036 partem
1598 2956 1633 3013 et
1658 2945 1799 3015 delicias
1822 2946 1948 3020 tritici.

149 3047 298 3120 nomino
316 3044 488 3142 olyram,
512 3070 602 3139 qnae
618 3059 739 3115 nostro
757 3045 928 3114 vocabulo
944 3042 1141 3134 appellatur
1295 3044 1419 3117 Minus
1434 3045 1546 3115 teneri
1564 3058 1598 3116 et
1615 3047 1695 3136 puri
1714 3063 1797 3119 sunt
1819 3073 1932 3141 panes
1955 3078 2005 3124 ex
2029 3050 2151 3128 sanabit

149 3149 291 3225 dictitat
321 3151 422 3220 cuius
443 3171 528 3218 usus
550 3148 588 3216 in
617 3143 674 3216 bis
701 3146 905 3235 regionibus
930 3145 1062 3237 populo
1087 3145 1141 3212 la·
1193 3148 1313 3242 quales
1335 3149 1408 3219 fere
1429 3150 1524 3240 apud
1549 3169 1614 3218 nos
1640 3148 1729 3219 liunt
1753 3173 1792 3218 ex
1817 3152 1944 3224 tritico
1971 3157 2157 3228 candidiores

148 3251 408 3323 miliarissimus
426 3267 495 3336 est,
520 3263 555 3320 et
570 3263 610 3320 ut
629 3272 692 3339 ego
716 3249 853 3333 iudico,
879 3246 1041 3319 salubris.
1093 3241 1142 3315 Et
1192 3275 1312 3344 panes.

148 3356 293 3450 quidem
308 3348 450 3423 Diocles
466 3352 634 3445 praetulit
648 3351 784 3445 olyram
801 3374 892 3423 zeae.
1294 3351 1437 3422 Tertius
1460 3351 1589 3441 gradus
1613 3353 1821 3424 nominatur
1841 3350 2088 3457 αὐτόπυρος,
2109 3360 2165 3429 itm

250 3455 357 3526 Zeam
379 3469 496 3525 autem
518 3453 746 3523 nominamus
768 3476 864 3538 eam,
896 3473 986 3545 quae
1010 3447 1140 3519 nostris
1192 3445 1452 3554 συγκόμκστος,
1478 3453 1541 3546 qui
1557 3453 1596 3524 fir
1611 3478 1652 3524 ex
1667 3455 1881 3527 triticorum
1901 3462 2061 3548 polline,
2109 3458 2167 3531 ldeo

152 3573 202 3629 est
218 3557 360 3643 Θυιῑια,
394 3580 456 3626 seu
480 3554 618 3629 Dindtl.
668 3551 747 3624 Etsi
765 3568 882 3625 autern
905 3550 1065 3622 Galenus
1083 3551 1139 3618 in·
1192 3558 1287 3624 enirn
1303 3556 1527 3647 appellarunt
1548 3549 1816 3653 συγκόμιστοκ,
1847 3560 1938 3652 quia
1960 3564 2170 3637 universale

149 3661 244 3752 quit,
271 3681 306 3728 sc
328 3660 366 3726 in
382 3655 725 3751 peregrinationibus
744 3655 833 3740 suis,
856 3655 986 3748 quibus
1008 3654 1139 3723 lustra·
1192 3658 1269 3728 rina
1288 3681 1361 3726 non
1377 3679 1520 3726 excusso
1536 3658 1671 3748 polline
1690 3660 1870 3730 miscetur.

148 3762 202 3830 vit
228 3781 392 3849 magnam
416 3756 522 3828 Asiae
550 3771 584 3828 et
609 3755 775 3848 Europae
800 3771 952 3848 partem,
985 3755 1140 3825 studiose
1294 3757 1451 3848 Quartus
1464 3761 1594 3848 gradus
1609 3774 1661 3831 est
1681 3762 1926 3844 furfuraceus,
1955 3771 2078 3842 multo
2093 3768 2171 3839 aiu

150 3862 388 3956 inquirentem
413 3884 589 3954 nusquam
617 3859 787 3949 reperisse
814 3859 1051 3941 frumentum,
1081 3856 1138 3926 cui
1192 3862 1385 3953 impurior,
1418 3885 1522 3954 quam
1553 3853 1817 3960 συγκόμιστος,
1851 3879 1952 3953 ater,
1985 3885 2035 3944 ,ut
2057 3873 2094 3941 in
2114 3890 2172 3940 rure

148 3964 220 4034 Zea
236 3988 365 4034 nomen
384 3976 488 4033 esset:
516 3978 633 4034 tamen
648 3959 795 4032 Graecis
811 3975 936 4031 notum
954 3959 1061 4030 fuisse
1075 3983 1139 4027 vo·
1191 3965 1285 4056 pinei
1311 3963 1492 4048 videmus,
1526 3977 1561 4033 et
1581 3965 1702 4035 minus
1726 3966 1943 4039 nutrimenti
1976 3966 2172 4057 habenas

148 4067 316 4136 rabulum
330 4089 468 4135 necesse
484 4079 547 4149 est,
570 4089 649 4134 cum
664 4064 766 4134 toties
782 4064 902 4133 dicant
918 4064 1042 4154 poetae
1067 4054 1138 4146 ζεί·
1190 4059 1414 4159 κακόχυλος,
1438 4078 1480 4135 ut
1492 4061 1662 4157 Diphilus
1684 4069 1824 4159 scripsit
1849 4082 1886 4140 ct
1904 4095 1968 4142 res
1993 4076 2152 4147 ostendit.

149 4161 270 4261 δωρος
294 4165 453 4262 ἄρουρα.
501 4162 550 4239 Ει
566 4167 707 4257 copiose
727 4165 824 4234 nasci
840 4166 1006 4257 speltam,
1032 4185 1138 4255 quam
1290 4165 1450 4241 Recitavi
1469 4167 1888 4260 differentiasapuritate
1901 4191 2086 4269 sumptas.
2114 4173 2171 4247 Ali

148 4268 477 4338 zeamvocamusin
495 4268 616 4337 multis
633 4266 783 4338 Sueviae
804 4267 891 4336 locis
913 4265 1137 4335 manifestum
1190 4270 1251 4364 qui
1288 4282 1477 4361 putarunt,
1513 4263 1577 4338 has
1607 4271 1824 4341 differentias
1849 4275 2092 4352 diversorum
2120 4297 2171 4347 esse

148 4384 217 4455 est,
243 4370 305 4440 ubi
321 4384 355 4441 et
369 4393 478 4462 panes
492 4393 533 4439 ex
548 4393 606 4439 zea
620 4369 702 4439 lacti
720 4369 965 4467 anteferuntur
984 4366 1085 4437 iactis
1098 4389 1138 4434 ex
1189 4374 1468 4443 frumentorum:
1510 4373 1569 4441 sed
1601 4367 1688 4442 haec
1711 4373 1898 4465 explicatio
1927 4376 2069 4452 Galeni
2091 4390 2172 4451 m

148 4474 269 4567 olyra,
295 4486 329 4543 et
349 4485 432 4542 sunt
454 4472 637 4565 aliquanto
657 4470 892 4543 candidiores.
945 4469 1014 4541 Sed
1033 4465 1138 4538 Mne·
1191 4474 1400 4565 Aeginetae,
1433 4495 1538 4565 quam
1562 4489 1701 4546 secutus
1730 4499 1826 4558 sum,
1859 4492 1898 4548 et
1918 4495 1977 4553 est
1996 4485 2172 4577 perspicua

148 4570 282 4646 sitbeus
307 4588 407 4644 vetus
432 4574 584 4663 scriptor
605 4573 743 4666 inquit,
775 4595 896 4662 graves
919 4584 955 4643 et
978 4570 1138 4641 difficiles
1189 4590 1224 4646 et
1238 4588 1438 4667 congruunt
1454 4575 1560 4644 verba
1574 4572 1688 4660 Celsi,
1714 4578 1775 4669 qni
1795 4578 1937 4671 inquit:
1964 4584 2171 4656 Fir-mineat

146 4690 318 4747 concoctu
334 4698 427 4759 csse,
453 4698 518 4744 nec
534 4675 609 4743 sine
632 4675 828 4745 offensione
844 4673 1059 4744 valetudinis
1072 4673 1137 4744 diu
1189 4680 1358 4762 triticum,
1378 4700 1485 4770 quarn
1500 4677 1666 4764 millium,
1691 4677 1729 4747 id
1744 4679 1860 4770 ipsum
1874 4704 1992 4773 quam
2006 4682 2172 4764 hosdem

145 4779 238 4847 vesci
266 4779 317 4848 eis
346 4799 449 4870 posse
481 4771 644 4846 homines
669 4801 742 4846 non
770 4791 933 4848 assuetos.
968 4775 1070 4846 aiunt
1102 4788 1138 4845 ct
1189 4795 1277 4850 etex
1294 4778 1412 4847 tritico
1427 4778 1626 4850 firmissima
1643 4781 1756 4870 siligo,
1772 4782 1906 4853 deinde
1921 4785 2075 4873 similia,
2093 4790 2172 4862 deir-

146 4879 265 4948 alvum
296 4903 362 4949 usu
390 4873 499 4948 buius
528 4878 666 4966 generis
692 4875 869 4949 contrahi.
927 4876 1000 4951 Res
1031 4875 1135 4945 etiam
1187 4883 1232 4950 de
1247 4879 1304 4950 cni
1320 4874 1412 4947 nibil
1428 4881 1634 4969 ademptum
1649 4899 1709 4966 est,
1729 4886 1825 4975 quod
1841 4880 2171 4985 ntivdnvpovGrre

145 4982 318 5065 ostendit,
344 5004 487 5052 succum
504 5004 544 5048 ex
566 5003 645 5049 zeae
661 4981 779 5069 granis
794 4981 951 5063 lentum,
976 4995 1134 5050 tenacem
1187 4983 1221 5053 ci
1243 4994 1384 5051 vocant:
1420 4979 1595 5052 infirmior
1615 5001 1667 5055 est
1688 5008 1728 5054 ex
1745 4986 1893 5075 polline,
1923 4990 2172 5067 infirmissimos

144 5094 180 5151 et
206 5081 380 5152 viscosum
408 5104 498 5153 esse:
539 5106 647 5175 quare
677 5082 873 5153 coctionem
899 5079 1135 5150 difficiliorem
1187 5083 1342 5154 cibarius
1357 5085 1468 5174 panis.

143 5205 216 5253 esse
234 5198 510 5254 consentaneum
525 5197 588 5258 est.
1289 5182 1392 5255 Nunc
1413 5187 1539 5254 addam
1561 5186 1779 5258 differentias
1800 5214 1819 5258 a
1835 5197 2010 5268 coctione
2027 5214 2171 5292 sumptas

245 5285 383 5376 Quarto
412 5286 490 5355 loco
522 5307 750 5357 numeramus
775 5307 817 5353 ex
843 5281 977 5354 hordeo
1011 5285 1134 5363 factos,
1185 5311 1276 5380 quae
1298 5310 1394 5357 nunc
1408 5287 1550 5380 quidem
1575 5312 1649 5359 non
1672 5291 1744 5361 sint
1760 5293 1895 5364 variae.
1954 5296 2171 5373 Olimmsior

142 5411 231 5480 quos
241 5386 401 5459 Galenus
416 5387 534 5480 inquit
548 5387 666 5457 minus
681 5389 824 5476 gignere
835 5387 941 5470 succi,
967 5399 1003 5456 et
1014 5386 1133 5454 minus
1185 5389 1335 5461 varietas
1349 5390 1427 5459 suit.
1480 5388 1653 5461 Aliisunt
1673 5393 1843 5478 furnarii,
1870 5420 1939 5471 seu
1963 5400 2167 5499 χῃβωίτω,

141 5491 297 5577 nutrire,
330 5513 435 5584 quam
465 5490 528 5558 illa
550 5512 694 5579 genera,
726 5512 816 5583 quae
843 5501 944 5558 antea
973 5487 1132 5559 recitavi:
1184 5491 1234 5561 sie
1250 5491 1357 5571 dicti,
1382 5515 1456 5563 non
1480 5505 1625 5583 propter
1647 5495 1813 5567 materiae
1828 5500 2105 5595 diversitatem,
2125 5504 2165 5575 sel
