4664 6022
140 303 217 393 sss
803 300 964 376 oser.
1015 240 1091 376 oti
1130 287 1504 373 roccoleno,
2110 293 2190 367 saa

143 472 357 568 Hieronymi
374 483 486 541 aetate
505 471 543 539 in
560 468 724 538 manibus
748 469 889 559 piorum
910 468 1074 549 luerunt,
1098 479 1141 536 ut
1191 460 1343 532 subinde
1369 470 1537 527 renovata
1563 471 1623 528 est.
1684 455 1761 528 Sub
1785 457 1993 530 Domitiano
2019 482 2101 529 cum
2129 460 2193 528 alii

144 578 220 670 ipse
237 588 502 646 commemorat.
553 570 677 641 Postea
694 585 810 641 secuta
828 583 879 640 est
902 583 996 640 aetas
1018 570 1141 639 ineru-
1191 563 1297 635 multi
1312 559 1487 630 interfecti
1503 572 1634 642 essent,
1661 556 1839 631 lohannes
1852 561 1890 629 in
1904 562 2089 655 quandam
2104 562 2193 631 soli·

145 680 243 762 dita,
275 701 367 771 quae
391 687 557 767 occupata
583 674 796 757 ambitione,
829 673 948 743 literas
978 670 1141 762 neglexit,
1181 666 1442 747 'tudinem,·et
1465 662 1628 752 scopulos
1652 661 1789 731 insulae
1813 658 1952 733 Pathmi
1983 665 2193 757 deportatus

147 796 182 853 et
195 794 313 850 vetera
328 791 557 849 monumenta
573 777 724 868 turpiter
736 775 862 848 amisit.

237 891 399 968 Primum
416 911 533 966 autem
549 909 707 987 tempora
723 895 1004 964 consideremus:
1031 890 1140 963 Anno

148 1001 339 1072 centesimo
355 999 611 1090 septuagesimo
628 1012 707 1089 post
719 993 854 1067 Christi
872 998 1037 1080 natalem,
1054 995 1142 1064 scri-

148 1105 203 1176 bit
217 1099 393 1173 Eusebius
408 1099 643 1195 Polycarpum
659 1100 882 1169 interfectum
897 1122 1001 1184 esse,
1015 1097 1142 1167 videli-

149 1221 203 1278 cet
227 1204 483 1296 imperantibus
496 1200 671 1272 Marcoet
688 1200 782 1271 Vero
799 1202 977 1274 fratribus.
1029 1200 1142 1269 Porro

150 1333 169 1378 a
195 1305 341 1377 Traiani
363 1305 467 1375 initio
493 1306 537 1373 ad
563 1318 712 1373 mortem
738 1301 925 1397 Polycarpi
951 1318 1035 1373 sunt
1057 1301 1143 1370 anni

149 1409 382 1502 septuaginta.
433 1404 607 1477 Audierat
632 1406 739 1495 igitur
761 1400 959 1474 lohannem
973 1403 1143 1499 Polycar-

149 1534 216 1605 pus
243 1525 325 1581 ante
350 1532 464 1578 annos
490 1508 729 1600 septuaginta3
765 1531 846 1575 nam
874 1503 1051 1577 lohannes
1077 1506 1143 1574 ali-

150 1625 284 1707 quanto
301 1629 379 1701 post
395 1612 543 1682 Traiani
558 1610 700 1680 initium
716 1609 875 1680 decessit.
928 1607 1143 1679 Adolescens

22 1751 25 1760 =
149 1716 257 1804 igitur
267 1712 484 1808 Polycarpus
501 1736 590 1805 pene
606 1715 649 1782 ad
662 1712 869 1782 vicesimum
884 1735 1019 1781 annum
1032 1732 1144 1803 usque

152 1813 322 1888 lobannis
336 1817 478 1886 auditor
491 1816 569 1898 luit,
596 1839 686 1909 quae
702 1827 795 1885 aetas
809 1814 848 1882 in
863 1814 968 1882 bonis
982 1813 1145 1903 ingeniis,

151 1944 232 1990 cum
247 1919 383 1987 accedit
399 1931 492 1987 recta
509 1917 698 2001 institutio,
724 1917 794 1984 iam
813 1917 1011 1985 doctrinam
1024 1913 1144 1985 Evan-

151 2021 234 2110 gelii
258 2043 383 2110 puram
406 2019 622 2106 intelligere,
649 2021 743 2090 etde
760 2018 985 2108 dogmatibus
1002 2031 1144 2088 contra·

54 2185 57 2191 .
150 2121 214 2191 riis
230 2144 413 2190 censuram
430 2144 530 2211 agere
545 2134 669 2212 potest.

252 2238 413 2309 Fuerunt
432 2240 556 2308 eodem
580 2252 740 2330 tempore
763 2237 944 2307 auditores
962 2232 1145 2322 lobannis,

152 2340 329 2440 lgnatius,
356 2341 418 2435 qni
442 2354 562 2433 postea
582 2341 734 2432 praefuit
753 2336 932 2411 Ecclesiae
950 2333 1146 2410 Antioche-

151 2467 234 2527 nae,
262 2457 296 2513 et
311 2444 475 2514 adfirmat
498 2468 534 2511 sc
548 2437 730 2514 Christum
755 2456 833 2531 post
852 2442 1145 2512 resurrectionem

150 2546 297 2614 vidisse:
333 2559 368 2615 et
389 2543 535 2638 Papias,
562 2546 624 2639 qui
647 2546 738 2613 rexit
754 2540 946 2613 Ecclesiam
964 2544 1001 2612 in
1016 2541 1147 2612 Hiera-

37 2712 44 2725 ,
150 2648 245 2739 poli,
271 2672 310 2717 ac
325 2648 457 2716 dieitur
472 2648 622 2737 praefari
640 2647 712 2715 suis
737 2647 897 2737 scriptis,
923 2669 959 2714 se
978 2649 1146 2714 mandare

151 2749 263 2820 literis
283 2772 340 2833 ea,
366 2772 457 2842 quae
479 2751 524 2819 ab
540 2748 721 2840 Apostolis
737 2747 818 2816 viva
836 2771 921 2816 voce
937 2747 1121 2838 acceperit.

254 2865 328 2935 lam
358 2868 509 2956 cogitato
532 2866 635 2960 quale
666 2866 775 2934 luerit
802 2865 1024 2946 sodalitium,
1057 2888 1147 2958 quae

103 3019 110 3025 -
152 2969 268 3037 studia
286 2969 469 3038 doctrinae
484 2982 517 3037 et
533 2969 675 3039 virtutis
689 2968 726 3035 in
741 2961 807 3037 hac
824 2962 943 3035 schola
956 2962 1147 3059 Ephesina,

150 3093 194 3138 ex
210 3092 280 3163 qua
296 3082 393 3139 tanta
411 3070 547 3140 lumina
565 3070 784 3161 prodierunt.
834 3066 963 3139 Narrat
980 3067 1147 3139 lrenaeus

57 3251 61 3258 ¹
153 3169 389 3266 Polycarpum
404 3171 548 3243 solitum
572 3171 682 3243 multa
704 3195 849 3241 narrare
867 3166 1037 3241 lobannis
1054 3171 1146 3241 dicta

154 3286 187 3344 et
212 3275 323 3359 facta,
349 3275 461 3345 multa
481 3274 566 3345 item
588 3298 678 3368 quae
696 3269 874 3343 lohannes
892 3297 1146 3343 commemora·

153 3389 251 3445 verat
273 3378 317 3445 de
340 3372 474 3446 Christi
501 3377 605 3449 dictis
625 3388 661 3446 et
683 3377 799 3460 lactis,
826 3401 897 3469 quo
921 3399 961 3444 ex
985 3400 1147 3446 sermone

63 3522 70 3527 -
154 3477 306 3568 intelligi
324 3491 438 3567 potest
456 3478 694 3550 dulcissimam
713 3478 821 3548 fuisse
840 3473 968 3547 horum
987 3479 1144 3548 virorum

153 3580 459 3649 consuetudinem.

256 3693 353 3764 Haec
377 3685 532 3786 primum
555 3696 656 3766 initia
676 3697 822 3767 fuerunt
837 3696 1085 3786 collegiorum,
1108 3696 1146 3764 in

156 3795 287 3890 quibus
303 3819 399 3865 nunc
414 3821 478 3888 pro
496 3796 653 3888 Ignatiis‚
679 3796 895 3892 Polycarpis‚
917 3811 1000 3868 stant
1018 3795 1147 3893 Cyclo-

156 3918 238 3989 pes,
266 3910 300 3967 et
317 3895 488 3970 Centauri
510 3899 622 3989 ignari
641 3923 714 3970 non
732 3903 838 3969 modo
852 3899 1052 3990 religionis,
1084 3901 1145 3970 scd

157 3998 261 4067 etiam
277 3998 435 4069 civilium
453 4002 668 4087 officiorum,
692 4002 808 4070 studia
822 3997 953 4072 scholis
967 4025 1147 4072 commen-

157 4100 238 4169 data
249 4113 355 4183 sunt,
383 4103 441 4170 sed
459 4103 495 4170 in
512 4098 568 4172 bis
585 4129 726 4197 quoque
742 4103 952 4195 disciplinae
967 4103 1069 4172 nervi
1089 4105 1148 4175 ni-

157 4200 268 4269 mium
288 4201 391 4270 laxati
407 4221 500 4276 sunt.
543 4204 625 4274 Pius
639 4218 756 4274 tamen
773 4220 807 4275 et
823 4207 999 4275 studiosos
1015 4200 1147 4276 adhor-

157 4316 234 4386 tor,
271 4316 308 4371 ut
333 4305 485 4393 cogitent
510 4306 590 4374 illos
615 4324 746 4380 veteres
774 4323 892 4378 coetus
917 4301 1086 4377 lobannis
1114 4321 1148 4377 et

154 4426 414 4485 successorum,
453 4420 487 4476 et
509 4410 551 4476 ad
580 4409 678 4476 illam
704 4410 892 4500 imaginem
923 4434 1005 4481 suos
1031 4433 1148 4480 mores

156 4519 385 4600 componant.

258 4621 340 4694 Dixi
366 4624 410 4692 de
440 4622 651 4691 rudimentis
681 4639 714 4694 et
742 4627 915 4718 tyrocinio
948 4628 1148 4725 Polycarpi,

91 4800 94 4806 ,
157 4725 250 4817 quod
269 4740 437 4818 quantam
452 4724 524 4790 vim
545 4719 690 4806 habeat,
715 4751 788 4796 non
811 4729 991 4818 ignoratis.
1043 4731 1148 4802 Nunc

156 4824 266 4914 igitur
280 4828 322 4895 de
348 4828 460 4919 ipsius
486 4825 613 4894 militia
639 4839 671 4895 u
700 4832 803 4898 rebrts
828 4833 932 4922 gestis
959 4834 1072 4902 dicam
1096 4858 1147 4920 ea,

158 4949 248 5018 quae
273 4930 422 5020 reperio.
477 4927 639 5016 Quantos
663 4931 819 5018 labores,
843 4960 931 5027 quae
953 4937 1145 5007 certamina

1193 779 1256 837 est.
1308 764 1385 836 Sub
1403 763 1560 833 Traiano
1587 761 1743 852 lgnatius
1764 766 1936 837 laceratus
1952 781 2005 837 est
2020 791 2041 837 a
2057 768 2193 840 hestiis.

1196 867 1295 938 Vidit
1320 867 1430 957 igitur
1452 863 1667 958 Polycarpus
1689 882 1722 937 et
1747 868 1927 952 doctores,
1950 882 1985 939 et
2011 871 2194 939 commili-

1194 985 1319 1042 tonum
1354 990 1561 1047 aerumnas,
1602 991 1692 1061 quae
1725 969 1862 1038 etiamsi
1894 971 1980 1063 ipsis
2014 972 2193 1062 gloriosae

1195 1085 1313 1156 arant,
1334 1083 1453 1140 tamen
1472 1069 1668 1139 amicorum
1692 1072 1821 1141 animis
1844 1094 2013 1163 magnum
2029 1075 2192 1146 dolorem

1194 1174 1419 1257 adserebant,
1453 1172 1514 1265 qui
1537 1173 1743 1258 orbitatem,
1775 1186 1809 1244 et
1831 1196 1931 1245 suam
1955 1189 1989 1246 et
2011 1173 2193 1248 Ecclesiae

1196 1277 1326 1349 talibus
1342 1274 1427 1344 viris
1442 1274 1598 1355 amissis,
1624 1275 1868 1366 deplorabant.

1297 1374 1351 1447 Ac
1375 1377 1490 1467 ipsum
1513 1377 1657 1469 quidem
1681 1391 1891 1469 exceperunt
1920 1380 2057 1451 acriora
2082 1394 2190 1452 certa·

1195 1479 1292 1551 mina
1305 1502 1384 1548 cum
1402 1476 1613 1561 Haereticis,
1640 1504 1719 1548 cum
1735 1481 1805 1548 iam
1821 1479 2053 1574 Smyrnaeam
2068 1481 2188 1554 Eccle-

1196 1583 1284 1652 siam
1306 1593 1458 1670 regeret:
1499 1581 1667 1651 delirium
1691 1580 1889 1652 Marcionis
1912 1584 1984 1653 late
2007 1589 2186 1675 grassaba-

1198 1699 1256 1757 tur
1271 1707 1346 1753 non
1361 1683 1476 1753 solum
1492 1683 1530 1752 in
1545 1679 1641 1769 Asia,
1666 1685 1726 1754 sed
1742 1685 1845 1758 etiam
1864 1686 1901 1754 in
1920 1687 1995 1777 ipsa
2009 1691 2104 1758 urbe
2117 1686 2185 1760 Ro·

1197 1811 1272 1867 ma,
1307 1799 1342 1856 et
1363 1807 1529 1875 magnum
1553 1780 1660 1855 chaos
1687 1800 1762 1857 erat
1788 1788 2022 1859 fanaticorum
2049 1791 2185 1882 opinio·

1197 1912 1305 1972 num,
1331 1912 1370 1957 ac
1387 1887 1450 1956 diu
1467 1888 1612 1980 quidem
1633 1883 1746 1960 haesit
1767 1889 1805 1958 in
1820 1885 1990 1967 Ecclesia.
2044 1890 2138 1966 Nam
2151 1918 2184 1966 er

1197 1986 1266 2060 hoc
1287 1991 1384 2060 fonte
1408 1984 1611 2060 Manichaei
1633 1991 1701 2063 orti
1725 2005 1825 2076 sunt,
1853 2006 1887 2063 et
1907 1993 1999 2064 aliae
2023 1997 2184 2089 supersti-

1198 2093 1328 2162 tiones:
1356 2087 1394 2161 hi
1413 2089 1507 2161 Deos
1524 2092 1702 2180 fingebant
1718 2095 1828 2177 duos,
1853 2094 1948 2165 inter
1968 2120 2007 2165 se
2030 2121 2179 2188 pugnata

1199 2209 1249 2266 tes
1267 2194 1398 2286 pariter
1413 2208 1585 2279 aeternos,
1599 2196 1731 2265 lumen
1748 2210 1784 2267 et
1797 2199 1970 2268 tenebras.
2009 2197 2043 2269 A
2059 2201 2181 2271 lumine

1197 2297 1365 2367 dicebant
1388 2297 1548 2366 conditas
1569 2319 1643 2365 esse
1665 2298 1778 2367 bonas
1802 2313 1982 2370 creaturas
2004 2315 2040 2371 et
2068 2303 2179 2378 maus

1197 2399 1230 2469 A
1246 2399 1340 2468 malo
1356 2397 1523 2468 dicebant
1539 2393 1645 2492 hylen
1662 2422 1746 2484 esse,
1767 2415 1800 2470 et
1814 2395 2003 2472 hominum
2018 2405 2177 2477 damasu-
2207 2408 2209 2415 '

1198 2504 1326 2570 dorum
1343 2513 1498 2584 naturas,
1521 2524 1609 2593 quae
1623 2501 1717 2575 flecti
1729 2502 1773 2571 ad
1790 2503 1925 2575 bonurn
1940 2528 2019 2575 non
2036 2519 2179 2599 poscente

1199 2603 1283 2671 item
1297 2602 1456 2692 imperia,
1481 2603 1671 2689 connubia,
1697 2604 1794 2674 cibos
1810 2605 2032 2681 immundos.
2084 2606 2181 2681 Deni-

1199 2728 1267 2798 que
1284 2703 1374 2772 mira
1392 2718 1467 2775 erat
1482 2704 1694 2794 opinionum
1712 2707 1889 2778 confusio:
1922 2709 2083 2803 fecitque
2097 2709 2181 2781 Mar·

1199 2806 1300 2888 cion,
1335 2807 1429 2898 quod
1465 2806 1580 2875 solent
1612 2808 1725 2876 lacere
1752 2810 1874 2893 multi,
1913 2806 1978 2880 diti
2006 2814 2181 2899 dubitavit,

1198 2906 1326 2998 sparsit
1343 2908 1473 2977 erroris
1490 2908 1643 2993 semina,
1668 2922 1788 3000 postea
1804 2912 1968 2983 rediitad
1987 2910 2181 2996 Ecclesiam,

1199 3010 1447 3079 confessusest
1463 3034 1642 3101 errorem,
1667 3027 1699 3084 et
1716 3014 1870 3086 ostendit
1885 3037 1921 3083 se
1941 3031 2176 3089 mutassem

1199 3111 1357 3181 tentiam.
1407 3110 1604 3206 Aliquanto
1632 3129 1709 3206 post
1733 3117 1857 3188 eadem
1884 3118 2015 3188 deliria
2041 3130 2176 3195 renortl·

1199 3213 1276 3285 Hae
1294 3213 1534 3285 dubitationes
1551 3228 1585 3285 et
1608 3216 1856 3291 fluctuationes
1872 3221 1987 3290 animi
2003 3245 2111 3318 saepe
2130 3244 2181 3293 uo·

1200 3329 1280 3386 cent
1294 3315 1398 3384 etiam
1414 3316 1666 3391 mediocribus.

1294 3415 1401 3486 Venit
1415 3418 1523 3508 igitur
1535 3416 1690 3492 Romam
1706 3418 1938 3516 Polycarpus,
1961 3437 2005 3496 ut
2024 3424 2184 3518 grassanti

1198 3519 1292 3589 malo
1307 3522 1523 3590 mederetur:
1551 3523 1786 3616 refutavitque
1799 3521 2038 3614 Marcionem,
2061 3543 2098 3602 et
2112 3527 2186 3605 scri·

1199 3636 1323 3714 pturae
1338 3623 1566 3707 testimoniis,
1591 3639 1624 3694 et
1640 3627 1830 3698 autoritate
1842 3627 1991 3718 allegata
2013 3627 2184 3711 Iohannis

1199 3724 1299 3793 cuius
1316 3725 1526 3795 sententiam
1542 3726 1609 3796 sibi
1628 3729 1737 3816 probe
1749 3741 1870 3799 notam
1884 3753 1959 3800 csse
1975 3733 2185 3805 adfirmabat·

1200 3824 1320 3913 Quare
1343 3824 1564 3897 Marcionem
1588 3851 1715 3918 magna
1743 3853 1823 3921 pars
1853 3846 2074 3907 sectatorum
2096 3839 2185 3908 deso·

1199 3927 1289 4007 ruit,
1316 3928 1476 3998 oratione
1495 3942 1530 4000 et
1546 3932 1734 4003 autoritate
1756 3934 1836 4005 talis
1857 3933 1928 4004 viri
1947 3938 1994 4006 ad
2020 3940 2184 4011 uniam

1199 4029 1408 4100 sententiam
1424 4044 1595 4101 revocata.

1301 4130 1507 4225 Aliquando
1534 4147 1570 4205 et
1599 4134 1673 4227 ipse
1696 4133 1860 4208 Marcion
1878 4138 2080 4213 insinuare
2101 4138 2185 4214 seis

1199 4234 1390 4304 amicitiam
1405 4233 1592 4329 Polycarpi
1608 4238 1750 4319 volens,
1775 4242 1818 4309 ad
1843 4264 1925 4311 eum
1941 4245 2121 4329 accessit.
2133 4245 2184 4314 be·

1200 4337 1483 4424 nignesalutans.
1510 4336 1671 4432 Cumque
1688 4341 1951 4431 interrogasset:
1975 4342 2185 4440 Numagno·
2212 4348 2215 4353 ’

1199 4439 1266 4507 scis
1287 4463 1344 4508 me
1364 4436 1575 4534 Polycarpe,
1610 4444 1793 4534 respondit
1816 4469 1921 4515 senex
1944 4446 2061 4519 iratus
2084 4450 2185 4540 impo-

1199 4541 1288 4611 stori
1311 4555 1345 4612 et
1366 4541 1580 4611 simulatori:
1620 4539 1697 4633 Ego
1720 4567 1804 4616 vero
1825 4560 1859 4616 te
1883 4570 2040 4636 agnosco
2063 4553 2184 4623 loetum

1200 4644 1427 4734 praecipuum
1443 4643 1589 4713 diaboli.
1630 4643 1707 4716 Hac
1721 4671 1806 4718 voce
1819 4650 2015 4721 declaravit
2029 4650 2104 4748 quo
2118 4650 2184 4723 aui-

1199 4771 1257 4814 mo
1281 4768 1361 4834 erga
1384 4768 1445 4814 eos
1464 4768 1537 4815 esse
1552 4749 1763 4835 debeamus,
1787 4751 1851 4844 qui
1873 4756 2100 4848 corruptelas
2121 4755 2185 4850 piac

1199 4848 1380 4918 doctrinae
1396 4860 1547 4917 struunt.

1293 4949 1456 5020 lrenaeus
1471 4951 1575 5021 etiarn
1591 4951 1720 5045 inquit,
1734 4953 1878 5027 solitum
1893 4980 1999 5029 aures
2012 4960 2186 5031 obstmers

157 5040 190 5147 et
208 5029 360 5146 peri-cula
381 5030 485 5099 annis
503 5029 723 5121 septuaginta
741 5033 779 5102 in
795 5037 1052 5124 gubernatione
1068 5037 1154 5109 sus-¹
1198 5050 1444 5146 Polycarpum,
1471 5053 1658 5146 siquando
1676 5055 1801 5147 impias
1816 5053 2080 5131 haeretieorum
2096 5078 2185 5131 vocet

157 5143 320 5209 trnuerrt,
343 5155 415 5200 non
431 5133 574 5202 difficile
589 5147 637 5203 est
655 5134 851 5207 existimare
866 5139 928 5223 iis,
950 5143 1012 5234 qui
1029 5142 1146 5213 sciunt
1174 5215 1176 5220 .
1197 5155 1375 5240 audiebat,
1404 5154 1478 5222 loca
1496 5157 1600 5223 etiam
1616 5155 1738 5242 vitare,
1763 5159 1862 5250 quasi
1880 5161 2036 5248 polluta,
2062 5164 2102 5233 in
2117 5160 2186 5257 qoi-

155 5245 328 5327 quantum
348 5257 439 5301 onus
455 5235 499 5302 sit
515 5230 693 5305 Ecclesiae
707 5238 927 5326 gubernatio.

1196 5255 1264 5324 bus
1280 5255 1361 5323 illae
1378 5257 1491 5324 dictae
1507 5271 1617 5328 erant.
1671 5256 1827 5329 Tantum
1843 5260 1914 5333 fuit
1930 5266 2094 5339 studium
2110 5261 2184 5335 retl-

254 5350 413 5423 Saevicia
428 5348 880 5426 inChristianosaNerone
893 5373 984 5445 orta,
1004 5361 1067 5430 etsi
1086 5361 1144 5431 in.
1196 5358 1336 5426 nendae
1352 5358 1525 5439 veritatis,
1559 5383 1605 5429 ne
1622 5357 1734 5450 gloria
1748 5359 1813 5431 Dei
1831 5362 2049 5442 laederetur.
2102 5360 2183 5436 tavit

152 5454 291 5521 terdum
307 5449 433 5524 habuit
447 5455 630 5526 intervalla
649 5471 683 5542 et
699 5459 798 5553 quasi
816 5460 995 5548 inducias,
1023 5477 1143 5535 tamen
1195 5460 1390 5531 Ecclesiam
1410 5473 1444 5530 et
1460 5461 1617 5552 scriptis,
1643 5488 1734 5557 quae
1751 5464 1887 5535 utinam
1904 5482 2079 5542 extarent.
