4664 6022
138 126 217 205 515
632 114 796 200 DECL.
828 116 906 196 DE
939 112 1340 197 IMPERATORE
1372 112 1625 195 ortona
1659 118 1687 194 1.
2113 121 2189 200 itu

143 298 341 375 audivistis.
390 290 630 389 Etprufccto‚
654 310 696 367 ut
711 295 952 387 exemplorum
968 295 1006 364 in
1022 295 1138 365 omni·
1196 316 1373 365 summum
1402 294 1479 364 eius
1511 296 1669 365 studium
1704 294 1954 388 propugnandi
1988 280 2215 375 Romanurn

144 409 212 477 bns
231 401 367 473 artibus
383 422 513 489 magna
535 395 590 466 vis
607 412 678 477 est,
703 398 753 468 ita
769 397 1047 468 clarissimorum
1071 395 1145 466 Im·
1197 396 1408 488 imperium,
1445 397 1634 490 praecipue
1657 422 1743 469 vero
1774 388 1980 469 illustrandi
2002 420 2131 469 nomeu
2151 418 2217 478 et

146 520 350 601 peratorum
365 516 399 572 et
414 500 555 591 Regum
571 496 741 570 historiae
762 500 956 590 plurimum
973 500 1144 570 momenti
1197 498 1348 591 gloriam
1375 494 1510 569 Christi
1537 501 1700 591 cognosci
1733 500 1875 592 poterit.
1941 498 2042 571 Haec
2074 499 2213 597 itaque

147 610 304 680 afferunt
329 606 374 676 ad
402 628 522 674 veram
543 601 685 672 virtutis
708 596 959 691 cognitionem.
1023 601 1146 672 Bonae
1198 606 1284 673 dnm
1300 600 1457 671 breviter
1470 624 1629 693 expono,
1653 624 1741 693 rogo
1754 624 1819 672 vos
1828 603 2027 674 doctissimi
2041 602 2128 687 viri,
2148 622 2208 679 ur

150 713 247 781 enim
270 724 419 779 naturae
439 705 671 796 cogitatione,
701 718 736 774 et
751 705 987 776 admiratione
1004 705 1146 775 virtutis
1198 727 1256 773 me
1278 703 1453 794 patienter
1473 706 1596 775 audire
1621 705 1748 776 velitis.
1807 701 1906 797 Ego,
1939 706 2038 801 quod
2067 708 2201 778 adme

152 816 192 884 in
207 811 294 881 uiris
320 808 582 901 praestantibus
606 806 758 878 maxime
783 808 1023 879 exuscitantur
1040 820 1074 876 et
1089 808 1147 876 in·
1198 807 1271 876 scio
1290 805 1485 896 pertinere,
1511 809 1601 878 dabo
1614 830 1780 900 operam,
1803 820 1844 879 nt
1865 809 2041 881 brevitate
2064 806 2191 877 oratio-

153 916 366 987 ccuduntur.
1198 909 1256 979 nis
1272 909 1428 978 taedium
1444 909 1582 979 levetur
1593 909 1828 982 auditoribus.

255 1014 327 1087 Sed
341 1018 386 1086 de
399 1010 536 1085 Ottone
549 1012 684 1098 dicam,
709 1015 754 1083 ad
772 1012 872 1083 cuius
886 1007 1072 1082 historiam
1091 1034 1149 1081 re-
1303 1006 1476 1081 Obtinuit
1494 1007 1585 1083 Otto
1609 1011 1854 1103 Principatum
1880 1008 2060 1081 Sasoniae
2076 1004 2179 1099 (athi,

153 1121 331 1191 citandam
362 1141 443 1187 cum
468 1115 616 1209 reliquis
639 1115 752 1186 causis
776 1110 863 1184 haec
882 1138 1024 1208 quoqne
1056 1113 1148 1183 ratio
1200 1113 1264 1207 qui
1298 1107 1472 1197 Ottones,
1511 1110 1705 1199 Henricus,
1745 1108 1937 1184 Lotharios
1970 1112 2177 1204 descripsere

154 1247 212 1293 rue
242 1220 409 1304 deduxit,
448 1219 545 1311 quod
575 1231 697 1308 putem
730 1212 800 1287 hoc
825 1217 967 1309 pietatis
992 1215 1148 1285 officium
1201 1229 1341 1286 autores
1371 1216 1470 1306 sunt)
1505 1238 1600 1286 anno
1631 1217 1740 1287 ferme
1763 1217 1808 1284 ab
1832 1211 1918 1285 hinc
1943 1212 2177 1303 sexingentesi-

154 1338 300 1417 propter
328 1343 552 1391 communem
581 1318 733 1410 patriam
759 1319 870 1409 magis
897 1319 1148 1409 praestandum
1200 1342 1273 1390 mo.
1332 1313 1420 1388 Erat
1441 1330 1558 1387 autem
1582 1319 1620 1385 in
1648 1317 1928 1410 possessionibus
1950 1310 2103 1387 Ottonis
2124 1328 2178 1388 tou

155 1417 723 1511 mihiesseOttoniImperatori,
748 1446 855 1515 quam
870 1414 1150 1490 deeoamehic
1202 1418 1368 1491 Saxonia.
1426 1417 1551 1488 Paruit
1573 1420 1668 1488 enim
1692 1416 1823 1491 Ottoni
1847 1444 1885 1489 ea
1907 1442 2011 1510 pars,
2044 1416 2179 1512 quaead

155 1525 283 1599 haberi
312 1525 529 1608 orationem,
563 1522 621 1593 cui
646 1546 703 1591 me
731 1522 929 1593 communis
950 1521 1048 1593 natio
1075 1544 1150 1589 non
1203 1516 1434 1591 Occidentem
1456 1534 1604 1612 spectat:
1640 1517 1726 1592 haec
1748 1523 2051 1615 complectebatur
2069 1516 2182 1591 Wes-

155 1644 228 1703 tam
252 1628 334 1698 iecit
357 1626 585 1711 obstrictum,
618 1649 723 1718 quam
740 1620 870 1695 Ottoni
888 1623 1033 1696 Saroni.
1085 1620 1151 1692 Est
1202 1619 1378 1714 phaliam,
1418 1616 1627 1717 Pbrysiam,
1669 1623 1899 1694 vandalicam
1935 1623 2121 1711 regionem
2149 1621 2184 1691 ad

157 1733 252 1803 enim
268 1729 486 1818 ingratitudo
501 1726 695 1820 quaedam,
711 1727 822 1816 magis
836 1722 1001 1796 homines
1015 1724 1150 1793 moveri
1202 1721 1325 1794 Albim
1351 1738 1385 1793 et
1410 1747 1508 1794 mare
1533 1726 1789 1816 pertinentem,
1820 1726 1858 1795 in
1883 1748 1954 1820 qua
1978 1720 2094 1795 hodie
2115 1720 2186 1793 sitae

158 1832 311 1904 externis
332 1830 458 1913 bouis,
485 1852 590 1923 quam
610 1829 778 1920 propriis.
837 1825 959 1917 Quare
975 1829 1151 1917 eleganter
1202 1839 1286 1897 sunt
1316 1824 1489 1896 maximae
1520 1841 1556 1899 et
1588 1829 1850 1919 copiosissimae
1872 1829 1981 1898 nrbes
2005 1824 2186 1909 Saxonm

157 1932 445 2015 dixitLucianus,
470 1956 551 2001 curn
562 1930 629 2001 ait:
655 1925 720 2001 καὶ
736 1926 834 2024 ὁτῆς
850 1924 1029 2026 πατρίδος
1045 1925 1151 2023 αὐτῷ
1203 1952 1290 2021 quas
1314 1926 1526 1997 Vandalicas
1552 1944 1690 2001 vocant.
1758 1930 1893 2000 Tenuis
1920 1944 1956 2000 et
1977 1924 2187 2020 superiorem

156 2030 299 2115 καπνὸς
327 2024 579 2129 λαμπρότερος
608 2025 818 2129 ὀφθήσεται
840 2035 896 2128 τῷ
919 2030 1006 2129 παρ’
1030 2028 1152 2111 ἄλλοις
1202 2030 1393 2102 Saxoniam
1424 2026 1533 2115 Otto,
1570 2031 1706 2118 idest,
1738 2032 2104 2120 Wittcnbcrgensem
2128 2050 2186 2100 nna

157 2131 296 2236 πόροις.
348 2134 428 2207 Hoc
443 2148 515 2221 est,
541 2135 676 2227 patriae
689 2136 808 2205 fumus
825 2135 899 2225 igni
915 2135 1032 2204 alieno
1048 2133 1151 2203 lucu·
1203 2155 1283 2202 cum
1318 2126 1480 2202 Marchia
1512 2129 1852 2227 brandenburgensi
1859 2188 1872 2222 ,
1920 2132 2084 2219 Misnia,
2123 2128 2187 2203 'lh-

156 2243 289 2313 lentior
312 2262 387 2310 esse
408 2237 561 2310 videtur.
618 2232 698 2306 Etsi
721 2250 836 2307 autem
855 2236 1150 2327 praeclarissimas
1202 2233 1328 2324 ringia.

156 2368 214 2415 res
235 2341 425 2433 gesserint,
458 2352 493 2411 et
513 2339 641 2409 caeteri
656 2334 889 2430 Imperatores
905 2337 1089 2422 Saxonici,
1109 2351 1151 2408 ut
1225 2394 1228 2399 .
1303 2334 1446 2409 Patrem
1466 2332 1801 2410 habuitHenricum
1817 2338 1995 2431 primum,
2020 2342 2090 2439 qui
2110 2344 2190 2419 inter

156 2459 257 2539 pater
282 2439 430 2515 Ottonis
458 2441 565 2533 primi
596 2438 795 2522 Henricns,
827 2455 860 2512 et
892 2442 954 2533 qui
977 2436 1150 2512 Ottonem
1205 2435 1438 2531 Imperatores
1454 2441 1590 2531 primus
1607 2439 1675 2510 fuit
1689 2438 1802 2525 Saxo,
1829 2454 1934 2513 natus
1954 2466 1998 2513 ex
2016 2442 2186 2538 patre0t·

157 2548 313 2638 primum
328 2545 467 2638 sequuti
482 2541 749 2626 suntSarones‚
775 2556 912 2626 tamen,
936 2543 998 2635 qui
1016 2542 1149 2632 accipio
1204 2555 1308 2625 tone,
1334 2544 1422 2613 duce
1437 2541 1631 2621 Saxouiae,
1656 2541 1731 2611 lilio
1746 2537 1946 2635 Ludolphi‚
1973 2548 2083 2619 ducis
2092 2546 2190 2623 Saro-

156 2644 265 2718 huius
289 2644 438 2718 Ottonis
469 2646 564 2714 inter
597 2642 790 2715 Saronicus
820 2641 985 2715 Caesares
1008 2642 1151 2713 virtutis
1203 2666 1310 2727 num,
1336 2644 1437 2714 cuius
1461 2657 1560 2735 pater
1580 2642 1705 2713 Bruno
1720 2644 1789 2715 suit
1803 2642 2001 2718 Saronicus
2018 2646 2191 2747 Princeps,

158 2750 365 2841 opinionem
382 2769 455 2817 esse
470 2745 705 2836 singularem,
731 2745 928 2815 existimavi
942 2768 1044 2837 posse
1059 2771 1078 2815 a
1093 2767 1151 2813 me
1202 2758 1306 2815 natus
1321 2770 1362 2816 ex
1377 2744 1588 2835 Wilgberto
1605 2744 1813 2817 Britanniae
1828 2749 1936 2829 duce,
1961 2750 2043 2822 filio
2062 2750 2190 2827 Wede-

156 2874 233 2921 non
262 2850 339 2920 sine
373 2871 475 2917 causa
507 2847 652 2918 caeteris
679 2844 955 2939 imperatoribus
983 2846 1149 2918 anteferri
1201 2847 1305 2916 kindi
1328 2846 1454 2937 Magni
1481 2870 1620 2918 summo
1651 2850 1730 2918 loco
1754 2848 1792 2916 iu
1817 2847 2024 2923 Saxonibus
2048 2856 2135 2943 nati,
2155 2866 2186 2927 et

157 2949 331 3027 Ottonem
351 2950 526 3043 primum,
558 2950 660 3019 cuins
681 2950 860 3040 praeclara
885 2952 996 3035 facta,
1029 2968 1070 3020 ut
1087 2972 1150 3017 ne-
1202 2948 1303 3018 ducis
1324 2947 1505 3021 Saxonum
1530 2950 1568 3019 in
1593 2950 1688 3020 bello
1711 2949 1887 3021 Saronico
1910 2955 2066 3044 triginta
2092 2978 2188 3029 annot
2230 2986 2232 3033 !

156 3077 336 3150 quaquam
365 3064 534 3144 poterunt
560 3074 580 3120 a
603 3075 661 3121 me
688 3046 747 3121 hic
774 3052 895 3124 omnia
920 3053 1067 3144 exponi,
1101 3053 1149 3120 ita
1202 3065 1297 3141 gesto
1314 3074 1334 3120 a
1351 3048 1481 3123 Carolo
1501 3052 1670 3123 adversus
1685 3050 1861 3139 Saxones,
1885 3070 2039 3149 propter
2060 3060 2191 3155 religio-
2230 3074 2232 3081 '

157 3157 263 3248 digna
288 3155 435 3250 quidem
455 3164 590 3235 esseut,
615 3167 656 3224 ut
677 3176 698 3222 a
717 3153 805 3225 viris
820 3154 1001 3242 doctrina,
1028 3170 1063 3226 et
1082 3176 1151 3224 usu
1202 3178 1284 3222 nem
1296 3148 1537 3225 Christianam
1559 3156 1722 3225 nondum
1745 3155 1951 3227 translatam
1974 3162 2023 3230 ad
2050 3158 2119 3235 hos
2137 3186 2193 3257 po-

156 3259 299 3331 dicendi
315 3253 685 3351 praestantibusomni
697 3256 869 3327 orationis
878 3258 1007 3346 gratia,
1034 3270 1150 3352 atque,
1186 3248 1317 3347 pulos.
1367 3250 1422 3325 Ex
1443 3267 1556 3328 matre
1576 3280 1661 3329 vero
1675 3257 1770 3327 idem
1791 3254 1987 3347 Henricus,
2011 3278 2119 3355 pates·
2133 3260 2193 3339 Os-

157 3386 226 3457 qua
242 3372 405 3452 possent,
431 3358 571 3430 Venere
585 3369 811 3431 ornarentur.
914 3416 918 3423 .
1201 3357 1316 3443 tonis,
1341 3370 1445 3429 natus
1459 3372 1513 3430 cst
1526 3357 1709 3444 Lucarda,
1735 3358 1806 3428 tilia
1818 3357 2053 3453 imperatoris
2067 3364 2193 3441 Arnnl·

259 3461 439 3551 Quoniam
470 3459 501 3528 si
522 3473 682 3530 veterum
708 3456 888 3529 Saxonum
917 3460 1012 3537 sacta,
1037 3459 1150 3531 literis
1201 3456 1284 3550 phi,
1310 3460 1412 3530 cuius
1435 3475 1534 3553 pater
1556 3462 1626 3532 suit
1645 3460 1926 3549 Carlomannus,
1952 3464 2071 3539 frater
2087 3470 2192 3565 impa-

158 3576 273 3634 cssent
302 3562 495 3642 illustrata,
528 3574 568 3631 ut
592 3557 841 3631 Romanorum
871 3570 906 3628 et
930 3556 1149 3630 Graecorum
1202 3561 1329 3630 ratoris
1345 3558 1465 3633 Caroli
1490 3560 1608 3634 Crassi
1633 3577 1668 3634 et
1689 3564 1783 3632 filius
1798 3562 1975 3637 Ludovici
1996 3568 2194 3664 regisGer-
2220 3632 2226 3641 .

158 3688 216 3736 res
230 3678 346 3756 gestae
359 3663 406 3733 ab
421 3656 568 3733 historia
587 3660 708 3731 lumen
730 3675 959 3752 acceperunt,
984 3686 1059 3731 non
1077 3663 1150 3731 esi·
1201 3687 1408 3748 manorum,
1432 3666 1495 3758 qui
1508 3679 1644 3756 patrem
1663 3659 1789 3737 habuit
1804 3664 2066 3757 imperatorem
2081 3672 2193 3749 Iandu-

157 3767 263 3839 stimo
297 3765 537 3836 dubitandum
566 3784 656 3846 esse,
694 3762 784 3854 quin
818 3777 953 3834 veteres
982 3762 1150 3850 Saxones,
1201 3765 1320 3835 vicum
1342 3766 1519 3857 primurn,
1555 3767 1667 3838 tilium
1698 3766 1820 3840 Caroli
1843 3766 1982 3861 Magni.
2054 3775 2194 3873 Propter

157 3890 310 3962 quorum
332 3888 439 3959 opera
456 3864 615 3938 Romani
634 3888 737 3956 saepe
752 3863 955 3955 gravissima
971 3866 1065 3936 bella
1085 3868 1150 3936 ad·
1203 3869 1319 3936 aviam
1334 3867 1456 3962 itaque
1470 3871 1514 3939 ad
1524 3872 1733 3960 sanguinem
1748 3868 1869 3943 Caroli
1883 3871 2009 3964 Magni
2027 3880 2192 3972 pertinuit

157 3991 280 4039 versus
298 3967 511 4052 Saracenos,
536 3964 720 4058 Ungaros,
745 3967 905 4062 aliosque
921 3981 1058 4039 exteros
1073 3991 1151 4039 sus-
1204 3964 1293 4039 Otto
1309 3967 1463 4060 primus,
1490 3985 1635 4063 propter
1651 3997 1758 4043 avum
1772 3996 1856 4044 vero
1866 3969 2045 4050 Ottonem
2061 3984 2109 4055 ad
2122 3982 2191 4055 stir-

158 4085 259 4163 cepta
282 4070 358 4141 sine
379 4069 501 4140 labore
524 4083 559 4141 et
580 4069 738 4161 periculo
760 4072 1005 4156 coniecerunt,
1035 4067 1149 4141 haud-
1203 4095 1283 4163 pem
1309 4069 1538 4143 Wedekindi
1566 4073 1691 4166 Magni
1714 4076 1894 4168 spectavit.
1953 4077 2116 4156 Matrem
2137 4078 2190 4155 ha·

158 4195 335 4267 quaquam
369 4185 603 4243 cernerentur
621 4171 825 4242 fortissimis
846 4169 1093 4245 Romanorum
1117 4190 1152 4246 et
1202 4172 1281 4243 buit
1305 4169 1395 4245 Otto
1416 4172 1650 4260 Mathildem,
1684 4179 1792 4248 tiliam
1816 4177 1957 4251 comitis
1980 4179 2190 4259 Theudorici

47 4326 53 4337 .
159 4272 380 4347 Graecorum
410 4271 640 4366 Principibus
671 4295 744 4342 esse
767 4272 964 4349 inferiores.
1030 4273 1151 4365 Quare
1203 4275 1371 4362 Saxonis,
1394 4276 1440 4347 ad
1457 4277 1612 4349 eiusdem
1630 4277 1858 4350 Wedekindi
1882 4278 2011 4375 Magni
2028 4288 2188 4367 familiam

158 4403 239 4449 cum
265 4377 482 4470 reperiamus
511 4369 581 4446 hoc
603 4374 820 4468 iniquiorem
849 4399 923 4445 esse
946 4388 1149 4449 nostrorum
1202 4378 1428 4470 pertinentia

157 4475 347 4550 hominum
367 4480 568 4563 fortunam,
591 4478 772 4571 requirere
790 4471 858 4548 buc
881 4503 901 4547 a
918 4480 1024 4549 nobis
1040 4480 1151 4570 pietas
1304 4478 1347 4549 ln
1364 4480 1515 4573 imperio
1529 4480 1635 4551 etiam
1651 4481 1983 4577 propinquitatibus
1997 4498 2035 4561 et
2048 4490 2188 4563 affinita-

158 4582 319 4666 videtur,
355 4593 395 4649 ut
427 4594 633 4649 nostrorum
664 4575 871 4670 Principum
903 4580 994 4651 facta
1022 4604 1151 4653 ornare
1202 4581 1298 4653 tibus
1320 4582 1627 4672 praestantissimis
1648 4583 1873 4677 principibus
1893 4588 1964 4661 suit
1987 4594 2187 4667 coniunctus

159 4704 348 4766 conemur,
371 4704 525 4776 quorum
540 4681 748 4751 memoriam
764 4704 958 4773 paucorum
981 4683 1151 4773 prodidc-
1203 4678 1303 4755 Otto.
1355 4682 1582 4756 RexGalliae
1597 4709 1706 4777 gener
1722 4700 1813 4760 erat:
1836 4686 2187 4768 Britanniaerexso·

160 4808 200 4852 re
214 4779 395 4859 historiae.
444 4777 522 4874 Ego
536 4783 656 4877 itaque
670 4785 817 4854 eandem
829 4785 878 4854 ob
891 4805 1050 4869 causam,
1072 4799 1149 4856 tum
1195 4792 1261 4856 'cer
1280 4781 1441 4857 Ottonis:
1474 4785 1589 4857 Filius
1609 4784 1757 4860 Ottonis
1777 4787 1990 4883 Ludolphus
2010 4792 2094 4870 Rex
2110 4802 2187 4873 Suc·

159 4884 266 4955 ctiam
296 4899 442 4979 propter
470 4886 640 4978 temporis
668 4884 867 4976 angustiam
901 4882 1148 4983 (posteaquam
1201 4913 1329 4957 vorum
1353 4894 1443 4959 erat:
1479 4890 1563 4959 Dux
1584 4887 1756 4964 Bavariae
1786 4888 1964 4967 Henricus
1991 4898 2065 4972 fuit
2091 4902 2187 4972 irater

159 4987 308 5076 attigero
346 4990 491 5073 saltem,
532 5013 623 5083 quae
651 4991 696 5059 ad
724 4987 899 5077 originem
929 4983 1078 5059 Ottonis
1115 5005 1150 5062 et
1201 4988 1365 5060 Ottonis:
1403 4989 1674 5064 Coloniensium
1702 4995 1886 5087 episcopus
1909 4993 2063 5071 Ottonis
2090 5004 2187 5075 irater

156 5089 393 5181 possessiones
412 5091 488 5160 eius
512 5104 687 5181 spectant,
720 5103 796 5159 tum
820 5088 890 5157 alia
911 5091 1086 5161 nonnulla
1109 5092 1149 5160 in
1199 5089 1324 5162 Bruno
1345 5095 1430 5164 fuit:
1464 5093 1700 5183 Maguntinus
1720 5110 1796 5168 erat
1810 5093 1958 5171 Ottonis
1978 5101 2077 5176 filius
2092 5102 2186 5176 Wil-

158 5186 294 5263 Ottone
309 5215 531 5287 nequaquam
551 5186 717 5285 tacenda)
741 5191 1019 5281 paucaadseram
1034 5195 1078 5263 de
1091 5218 1148 5263 re-
1198 5188 1358 5265 helmus:·
1381 5196 1471 5268 ouo
1486 5194 1736 5270 filiusOttonis
1750 5199 1988 5294 Imperatoris,
2012 5226 2058 5276 ex
2072 5228 2185 5279 secun

156 5293 224 5362 bus
238 5296 284 5365 ab
299 5289 436 5368 Ottone
449 5293 627 5387 praeclare
640 5291 745 5383 gestis
759 5292 799 5361 in
815 5290 934 5381 ltalia,
961 5295 1146 5391 exquibus
1200 5297 1244 5367 da
1261 5320 1370 5370 uxore
1384 5313 1510 5387 natus,
1536 5324 1557 5370 a
1578 5315 1693 5393 patre,
1719 5303 1777 5374 cui
1798 5318 1919 5397 postca
1934 5305 1975 5378 in
1988 5330 2102 5402 regno
2116 5330 2184 5379 ssu·
