4664 6022
140 254 189 329 u
870 251 1034 330 nncr.
1067 252 1141 331 un
1172 250 1444 365 ansteus.
2133 258 2186 333 rs

151 427 232 500 odia
255 429 460 507 mortalium
480 430 574 501 inter
594 451 630 499 se
648 439 842 513 execretur,
866 429 1003 500 mederi
1024 442 1141 501 tamen
1189 427 1311 499 stituta
1325 451 1364 497 ac
1379 427 1473 517 leges
1485 438 1615 498 temere
1628 425 1783 516 lastidit,
1807 430 1931 523 opicus
1950 426 2042 502 mibi
2066 443 2101 502 ct
2122 455 2187 524 pa-

141 544 220 603 ›tam
262 532 470 624 perniciosis
511 530 645 601 morbis
685 530 828 622 patitur.
897 532 1018 623 Quare
1056 531 1141 601 vitia
1190 554 1270 599 nrm
1291 531 1451 600 urbanus
1467 530 1620 601 videtur.
1671 532 1823 603 Etcum
1849 534 2010 605 inomni
2035 534 2107 605 vita
2132 558 2189 605 sa·

150 634 314 703 damnari
332 635 464 725 patiar,
489 632 684 702 remedium
702 657 766 724 par
787 647 857 718 est,
882 649 923 704 ut
940 647 1041 725 grato
1063 632 1144 703 ani·
1190 631 1401 724 pientissimi
1434 626 1599 702 homines
1632 635 1893 726 praeceperint,
1935 636 2190 708 communibus

150 759 209 806 mo
225 735 508 827 complectamur.
552 731 654 806 Furit
669 729 728 803 bic
743 734 917 805 vindictae
934 736 1142 828 cupiditate:
1193 733 1355 803 moribus
1388 746 1558 827 tanquam
1594 759 1717 806 scenae
1750 738 2068 810 obsecundandum
2104 761 2190 822 csse,

152 836 214 905 ille
242 860 300 908 res
326 837 471 907 alterius
503 835 626 905 fraude
655 849 812 925 occupat.
874 836 975 927 Quos
1000 863 1078 909 cum
1105 836 1142 905 in
1194 835 1296 905 valde
1312 835 1435 905 iniusti
1450 850 1550 920 sunt,
1577 837 1639 930 qui
1660 849 1829 932 tanquam
1846 865 1926 911 cum
1941 842 2048 911 rebus
2060 834 2191 911 huma·

152 938 247 1008 viam
274 962 348 1008 non
370 950 510 1008 revocet
532 937 661 1027 pietas,
686 937 844 1009 iudicum
863 940 1069 1010 auctoritate
1086 941 1145 1009 lu·
1195 936 1249 1005 nis
1279 937 1412 1007 bellum
1440 937 1592 1028 gesturi,
1621 954 1768 1030 -practer
1794 964 1873 1027 sua,
1905 941 1998 1011 nihil
2024 945 2190 1034 probant.

154 1064 215 1111 ror
238 1039 492 1132 comprimitur.
543 1034 645 1111 Nihil
665 1037 800 1126 David,
825 1038 963 1127 Moses,
997 1041 1144 1113 Solomo
1195 1037 1367 1109 Sordidos
1381 1063 1421 1108 ac
1439 1040 1595 1131 plebeios
1609 1042 1748 1111 animos
1763 1043 1836 1112 lere
1851 1046 2090 1134 praesentium
2105 1068 2192 1137 poe·

155 1155 361 1233 peccarunt,
386 1142 614 1234 quantumvis
631 1143 804 1233 improbis
822 1144 1062 1214 nebulonibus
1078 1143 1145 1212 ali·
1195 1141 1302 1226 nitet,
1326 1140 1406 1234 qui,
1430 1165 1512 1210 cum
1530 1141 1681 1212 libidine
1702 1168 1783 1230 sua,
1808 1168 1883 1216 non
1905 1146 2045 1216 ratione
2070 1145 2192 1218 omnia

156 1243 240 1313 cubi
262 1243 317 1314 ius
340 1241 506 1317 dixerint.
559 1241 716 1313 Proinde
736 1239 919 1332 Christus,
943 1259 983 1316 ut
1002 1246 1146 1336 litigan-
1195 1244 1399 1327 metiantur,
1425 1243 1517 1312 miro
1533 1246 1687 1336 quodam
1703 1247 1858 1316 novandi
1877 1249 1995 1318 studio
2012 1262 2193 1325 tenentur.

84 1395 86 1398 -
156 1358 226 1417 tem
247 1369 287 1414 ac
308 1344 488 1415 vindictae
509 1369 629 1415 amore
645 1347 826 1419 ardentem
843 1348 1004 1432 damnet,
1029 1363 1146 1419 tamen
1195 1343 1318 1438 Neque
1333 1344 1430 1413 ullus
1442 1339 1609 1436 Euripus,
1630 1347 1743 1416 ullum
1759 1347 1889 1418 fretum
1907 1342 2193 1421 tamvarioslta-

156 1470 235 1518 suas
257 1446 437 1517 iudicibus
460 1459 575 1536 partes
600 1447 765 1541 reliquit,
797 1449 871 1520 sive
892 1474 933 1520 ex
956 1449 1147 1539 gentilibus
1197 1448 1256 1517 bet
1269 1459 1384 1516 aestus
1403 1470 1443 1515 ac
1461 1446 1608 1532 linctus,
1628 1472 1733 1541 quam
1748 1451 1835 1519 varii
1851 1450 1948 1542 vulgi
1963 1464 2083 1521 motus
2098 1465 2192 1525 sunt.

154 1549 303 1639 legibus,
328 1548 402 1618 sive
418 1571 459 1616 ex
473 1547 634 1619 mosaicis
649 1550 704 1620 ius
720 1552 852 1625 dicant.
887 1548 1057 1622 Gentium
1074 1574 1149 1622 res·
1198 1544 1438 1641 Quaecunque
1463 1550 1693 1630 commoverit
1714 1564 1918 1643 tempestas,
1950 1552 2072 1626 subito
2092 1553 2192 1640 lucit,

158 1650 660 1745 publicasadministrarunt,
696 1648 842 1744 loseph,
874 1653 1020 1743 Daniel,
1053 1652 1148 1723 Naa-
1198 1649 1388 1743 miscetque
1406 1651 1537 1724 omnia.
1570 1648 1715 1735 Contra,
1738 1646 1928 1743 generosae
1944 1644 2083 1727 mentes
2096 1680 2193 1727 cum·

156 1777 260 1838 man,
292 1751 482 1836 Centurio,
516 1752 597 1845 qui,
630 1752 660 1823 si
688 1754 861 1844 flagitium
894 1769 945 1826 est
970 1754 1147 1848 liempub.
1197 1752 1366 1821 munibus
1388 1775 1424 1820 se
1447 1752 1608 1822 moribus
1632 1767 1885 1846 attemperant,
1917 1758 2110 1851 solentque
2136 1770 2192 1830 ut·

156 1878 288 1947 gerere,
309 1855 366 1922 vel
381 1853 573 1943 gentilibus
591 1855 727 1946 legibus
743 1858 815 1936 uti,
839 1858 964 1928 ordine
981 1856 1146 1926 movendi
1198 1878 1336 1947 cunque
1350 1866 1384 1922 et
1399 1853 1601 1946 ubicunque
1617 1879 1706 1946 opus
1720 1856 1846 1943 suerit,
1871 1857 2041 1951 obsequi,
2067 1882 2192 1953 quem·

157 1970 252 2028 sunt.
303 1954 437 2025 Verum
460 1956 545 2026 nolo
566 1953 624 2027 bic
645 1958 786 2049 longius
811 1958 1005 2033 immorari.
1056 1957 1147 2028 Nam
1198 1957 1389 2024 admodum
1405 1954 1465 2022 ille
1482 1953 1720 2026 Terentianus
1733 1975 1833 2048 pater
1847 1973 1980 2034 monet.
2024 1957 2102 2030 lam
2120 1984 2191 2033 uon

157 2074 192 2129 ct
208 2059 294 2128 alias
309 2072 470 2128 accurate
485 2054 571 2130 baec
587 2061 811 2146 excussimus,
836 2075 870 2132 et
886 2061 954 2152 piis
970 2062 1148 2130 mentibus
1196 2057 1345 2148 simplex
1360 2056 1548 2140 rusticitas,
1573 2061 1632 2126 sed
1647 2057 1749 2129 suror
1764 2074 1815 2131 est
1828 2060 1942 2153 plane,
1964 2062 2102 2154 patrios
2117 2087 2192 2135 mo-

157 2161 183 2230 ii
200 2161 268 2231 loci
284 2184 373 2253 quos
389 2160 619 2251 produximus
634 2162 875 2232 satisfecerint.
917 2161 1074 2233 Tantum
1092 2185 1147 2231 re·
1199 2182 1253 2229 res
1280 2181 1320 2227 ac
1346 2157 1459 2249 patria
1485 2158 1645 2229 instituta
1666 2160 1793 2231 odisse.
1853 2157 1998 2234 Etenim
2023 2189 2109 2235 cum
2132 2189 2191 2257 pa·

158 2265 311 2333 clamant
334 2257 390 2346 ht,
422 2263 484 2355 qui
511 2286 575 2332 nec
598 2287 713 2332 sacras
741 2289 805 2334 nec
827 2258 1028 2355 prophanas
1058 2265 1149 2352 leges

157 2366 258 2459 pensi
278 2359 422 2438 babent.
463 2359 638 2435 'Christus
659 2365 792 2454 optima
815 2366 884 2433 fide
908 2389 1051 2434 censum
1066 2360 1146 2432 Ma-

155 2465 316 2559 gistratui
335 2480 517 2550 numerat,
542 2480 582 2536 ut
604 2466 803 2558 exemplum
828 2466 1055 2535 colendarum
1081 2490 1148 2556 pu-

157 2570 330 2638 blicarum
349 2566 464 2655 legum
490 2568 664 2656 proderet.
716 2565 755 2636 ld
774 2568 862 2637 adeo
887 2568 1017 2637 imitari
1043 2590 1148 2658 opor-

158 2671 254 2740 tebat
274 2690 353 2753 eos,
380 2667 440 2760 qui
457 2662 696 2738 Christianam
713 2669 911 2739 libertatem
927 2670 1059 2763 ubique
1076 2668 1149 2736 lor-

157 2773 241 2843 titer
261 2770 403 2841 iactant.
456 2764 504 2838 Et
526 2792 605 2839 cum
622 2769 745 2839 divino
770 2771 938 2862 suffragio
957 2771 1010 2840 ius
1030 2769 1150 2863 publi-

159 2896 238 2944 cum
255 2872 523 2964 comprobatum
540 2871 596 2956 sit,
623 2871 733 2962 pietas
750 2872 873 2962 exigit,
895 2886 934 2943 ut
950 2887 984 2943 et
998 2873 1150 2962 diligen-

159 2989 214 3046 ter
232 2986 481 3062 cognoscatur,
508 2986 542 3043 et
564 2973 728 3063 religiose
752 2974 889 3044 colatur
912 2988 947 3044 et
971 2987 1149 3044 tractetur.

158 3075 425 3167 Legumlatorcs
441 3088 574 3145 veteres
588 3099 722 3161 omnes,
747 3101 817 3169 quo
835 3077 914 3168 plus
932 3076 1150 3146 auctoritatis

158 3180 231 3249 suis
254 3177 391 3268 legibus
415 3178 601 3264 adderent,
632 3175 792 3248 Deorum
813 3178 965 3247 oraculis
985 3178 1149 3270 probatas

158 3281 424 3352 adseverabant·
476 3277 599 3349 Minos
615 3280 811 3370 fingebatur
825 3303 953 3349 novem
971 3304 1148 3349 annorum

159 3382 277 3476 spacio
304 3381 401 3452 lovis
428 3404 512 3452 usus
537 3379 705 3451 familiari
730 3381 1003 3468 consuetudine,
1035 3383 1080 3450 ab
1108 3406 1148 3453 eo

160 3484 427 3556 constituendae
451 3481 555 3575 Reip.
581 3484 757 3554 rationem
786 3484 961 3554 didicisse.
1014 3483 1148 3580 Lycur-

160 3606 242 3677 gum
267 3588 387 3656 lerunt
404 3599 438 3656 et
455 3587 499 3655 ab
515 3581 684 3677 Apolline
698 3583 814 3657 Deum
830 3587 1044 3679 appellatum
1067 3610 1149 3668 esse,

159 3703 195 3760 et
212 3711 274 3758 sua
295 3688 408 3757 edicta
432 3679 567 3784 ῥήτρας
581 3710 741 3772 vocasse,
765 3689 860 3782 quod
877 3689 1017 3756 oracula
1036 3688 1149 3757 videri

160 3792 277 3861 vellet.
336 3786 490 3858 Numam
521 3787 624 3858 aiunt
651 3789 834 3859 simulasse
853 3803 1045 3860 nocturnos
1070 3814 1148 3860 cum

158 3889 287 3982 Egeria
311 3911 528 3981 congressus.
595 3887 838 3982 Fingebantur
869 3886 974 3976 baec,
1009 3904 1048 3962 ut
1069 3916 1148 3961 cum

159 3995 285 4065 divino
301 3992 434 4062 iudicio
448 3991 663 4085 adprobatae
677 3993 770 4082 leges
785 3993 1010 4074 viderentur,
1037 3994 1149 4085 pluris

160 4097 296 4168 fierent.
330 4092 475 4185 Quanto
492 4093 648 4166 sanctius
663 4094 798 4165 anobis
813 4095 869 4165 ius
884 4095 1066 4187 publicum
1081 4094 1148 4165 coli

159 4200 283 4283 debet,
308 4220 388 4264 cum
404 4197 438 4264 id
455 4218 530 4265 non
546 4197 790 4267 commenticia
807 4197 969 4277 oracula,
995 4198 1054 4266 sed
1072 4222 1149 4267 cer·

158 4301 314 4373 tissimae
336 4322 437 4368 voces
458 4299 601 4388 divinae
623 4299 728 4369 nobis
745 4298 952 4391 gravissime
968 4323 1150 4369 commen-

155 4403 302 4474 darint?
332 4404 335 4408 ’
937 4465 943 4476 .

259 4502 372 4573 Porro
396 4526 476 4573 cum
500 4518 653 4591 constet,
677 4498 769 4574 nibil
794 4524 949 4594 pugnare
967 4526 1046 4572 cum
1063 4500 1150 4572 civi-

159 4608 254 4678 libus
277 4605 416 4694 legibus
437 4604 664 4694 religionem,
696 4618 731 4677 et
754 4603 791 4673 in
820 4606 926 4675 rebus
955 4599 1150 4695 pmphanis

161 4709 361 4780 indicandis
388 4704 441 4775 las
469 4728 561 4792 esse,
594 4707 649 4775 vel
683 4704 875 4796 gentilibus
904 4705 960 4775 vel
989 4705 1150 4777 mosaicis

158 4813 296 4903 legibus
310 4808 376 4887 nti,
397 4807 697 4899 expostulabimus
709 4808 890 4902 aliquanto
907 4807 1052 4878 liberius
1068 4833 1147 4878 cum

159 4915 204 4984 iis
230 4914 292 5009 qni
325 4909 467 5002 publico
501 4907 572 4979 iuri
600 4925 736 5001 praeter
763 4908 925 4979 meritum
952 4908 1149 5002 iniquiores

158 5034 254 5088 sarrit.
307 5011 389 5083 Non
405 5010 498 5097 satis,
522 5011 572 5083 ita
589 5035 645 5080 me
663 5011 753 5081 bene
767 5023 884 5080 ament
900 5008 1038 5096 Musae,
1062 5036 1149 5080 con-

159 5119 302 5187 stituere
326 5136 490 5204 possum,
520 5112 652 5182 morosi
683 5110 723 5182 hi
741 5106 830 5181 mibi
853 5110 1041 5182 videantur
1069 5126 1149 5184 tan-

158 5235 253 5304 tum,
279 5240 324 5284 an
342 5236 484 5305 prorsus
506 5215 640 5286 furere:
667 5238 749 5284 nam
769 5229 809 5286 ut
828 5213 1038 5284 illiberalem
1060 5238 1149 5285 con-

158 5320 276 5389 vivam
294 5338 367 5385 esse
387 5338 585 5403 censemus,
611 5316 672 5411 qui
688 5319 780 5409 apud
805 5318 958 5386 amicum
981 5339 1147 5408 praescn-

156 5434 228 5493 tem
242 5418 380 5512 copiam
395 5431 557 5505 nauseat,
577 5418 624 5489 ita
640 5418 703 5514 qui
716 5432 916 5514 praesentes
932 5442 1065 5507 mores,
1087 5417 1146 5489 in-

1199 2260 1286 2330 triae
1306 2273 1465 2330 sanctum
1482 2261 1658 2352 quendam
1684 2286 1840 2332 amorem
1861 2264 2031 2336 omnibus
2049 2265 2192 2339 indide-

1200 2361 1246 2429 rit
1261 2375 1398 2446 natura,
1423 2385 1569 2453 prorsus
1584 2362 1688 2432 obliti
1705 2365 1762 2433 sui
1780 2365 1957 2453 videntur,
1982 2367 2047 2464 qui
2062 2367 2190 2461 patries

1199 2463 1292 2552 leges
1308 2475 1489 2554 tantopere
1506 2477 1726 2536 aversantur.
1778 2464 2069 2558 sapientissimus
2083 2469 2190 2543 Poir'ta

1200 2563 1299 2651 fingit
1323 2562 1483 2658 Ulyssem
1507 2579 1649 2657 optare,
1683 2580 1724 2637 ut
1749 2568 1806 2637 vel
1829 2570 1967 2640 fumum
1993 2573 2039 2641 de
2069 2573 2191 2664 patriis

1200 2665 1413 2735 exorientem
1430 2665 1518 2736 locis
1534 2668 1665 2737 videat:
1691 2668 1729 2737 hi
1747 2669 1839 2760 leges
1853 2686 2108 2757 contemnunt,
2136 2698 2192 2747 or·
2230 2723 2235 2735 ι

1199 2781 1405 2837 namcutum
1429 2768 1562 2861 patriae
1586 2766 1885 2859 pulcherrimum,
1911 2800 2064 2868 quarum
2084 2777 2192 2848 bene·

1200 2869 1278 2937 ficio
1297 2867 1364 2959 ipsi
1392 2881 1425 2939 et
1442 2866 1604 2954 aluntur,
1631 2886 1664 2941 et
1683 2887 1886 2961 servantur,
1912 2891 1951 2946 ut
1976 2902 2021 2947 ne
2046 2891 2192 2951 naturas

1200 2970 1344 3064 quidem
1365 2969 1445 3061 plus
1467 2996 1573 3065 quam
1597 2967 1652 3042 his
1674 2976 1837 3049 debeant.
1890 2977 2027 3048 Mirum
2047 2980 2085 3048 ni
2103 2978 2192 3051 Vul-

1200 3071 1295 3141 turio
1320 3072 1398 3164 plus
1422 3086 1473 3142 cst
1496 3068 1663 3159 humani,
1691 3102 1797 3171 quam
1822 3073 1905 3149 huic
1928 3082 2062 3170 generi.
2119 3078 2189 3174 Ego

1200 3175 1375 3265 prolecto,
1408 3173 1547 3268 quoties
1568 3177 1797 3268 defatigatum
1818 3181 1979 3252 animum
2013 3184 2191 3257 remittere

1200 3300 1426 3371 recreareque
1445 3277 1550 3363 libet,
1583 3279 1684 3349 nulla
1707 3280 1806 3364 inre
1833 3284 1994 3371 suavius,
2025 3300 2135 3380 atque
2155 3283 2191 3355 in

1200 3379 1333 3472 patriae
1348 3379 1592 3451 recordatione
1610 3382 1803 3475 acquiesco.
1854 3382 1896 3455 ld
1912 3387 2008 3480 quod
2023 3387 2101 3458 fieri
2119 3409 2190 3459 non

1201 3495 1336 3571 posset,
1361 3482 1430 3552 nisi
1455 3482 1587 3553 mirum
1612 3487 1790 3577 quendam
1820 3485 1895 3557 eius
1917 3512 2076 3559 amorem
2100 3490 2192 3560 inso-

1201 3584 1304 3653 visset
1328 3597 1468 3654 natura.
1523 3582 1658 3655 Videor
1673 3582 1763 3656 mibi
1784 3585 1855 3657 iam
1871 3611 1972 3680 agros
1998 3589 2192 3682 pervagari,

1200 3685 1271 3753 iam
1289 3684 1327 3752 in
1344 3678 1458 3756 bortis
1473 3698 1632 3777 reptare,
1658 3686 1728 3755 iam
1745 3690 1789 3758 ad
1805 3688 1938 3759 flumen
1954 3693 2192 3768 deambulare.

1199 3783 1270 3855 Hic
1285 3799 1433 3856 naturae
1448 3810 1549 3878 opes,
1574 3786 1787 3859 industriam
1803 3791 2013 3863 colononrm
2029 3817 2192 3867 meorum

1200 3887 1331 3956 civium
1349 3888 1474 3958 tacitus
1490 3891 1721 3982 contemplor,
1745 3892 1904 3964 admiror
1917 3895 2093 3967 maiomm
2108 3920 2192 3988 pru·

1201 3989 1376 4071 dentiam,
1401 3989 1465 4086 qui
1486 4014 1605 4081 agros,
1630 3992 1692 4086 qui
1709 3992 1881 4086 oppidum
1900 3996 2018 4086 ipsum
2037 3997 2193 4089 diligen-

1202 4090 1334 4162 tissime
1347 4107 1522 4164 ornarunt
1537 4105 1572 4164 et
1591 4094 1811 4171 munierunt.
1861 4094 1958 4169 Haec
1974 4123 2054 4168 cum
2070 4100 2191 4173 animo

1201 4193 1403 4280 considero,
1430 4207 1465 4266 et
1487 4196 1743 4286 propemodum
1768 4197 1928 4284 intueor,
1951 4200 2127 4271 mediocri
2147 4223 2192 4272 ne

1201 4320 1257 4364 me
1278 4297 1458 4388 voluptate
1480 4295 1612 4390 pertrui
1634 4299 1807 4370 censetis?
1839 4298 1901 4371 Me
1916 4325 2000 4372 vero
2017 4328 2100 4373 cum
2122 4298 2192 4375 loci

1200 4397 1393 4469 amoenitas
1409 4422 1471 4489 per
1488 4422 1562 4467 sese
1579 4398 1746 4487 delectat,
1770 4414 1847 4473 tum
1864 4402 1946 4497 quia
1970 4403 2106 4495 patriae
2125 4428 2190 4477 no·

1201 4523 1283 4569 men
1298 4500 1451 4584 accedit,
1475 4499 1578 4570 valde
1593 4499 1752 4576 adficior.
1799 4500 1874 4575 Nec
1895 4504 2016 4576 minus
2038 4507 2104 4577 tali
2127 4530 2192 4600 ps·

1200 4601 1266 4671 tria
1283 4602 1420 4694 capior,
1447 4624 1553 4695 quam
1579 4602 1640 4673 ille
1662 4596 1802 4690 ltbaca,
1825 4605 1887 4699 qui
1903 4608 2065 4702 quamvis
2086 4605 2192 4680 steri·

1201 4705 1289 4784 lem,
1315 4718 1351 4776 et
1372 4703 1410 4771 in
1435 4704 1636 4793 asperrimis
1651 4705 1742 4775 saxis
1759 4720 1927 4801 tanquam
1941 4710 2109 4781 nidulum
2127 4708 2192 4781 ad·

1199 4805 1322 4891 fixam,
1349 4804 1463 4898 pluris
1480 4804 1743 4879 immortalitate
1764 4809 1859 4880 fecit.
1909 4806 2052 4883 Etcum
2070 4824 2193 4884 tanto·

1199 4930 1280 4999 pere
1297 4908 1413 4978 solum
1427 4906 1543 4997 ipsum
1557 4922 1707 4995 ametur,
1733 4933 1807 4979 non
1822 4934 1965 5003 possum
1981 4937 2055 4983 non
2071 4912 2192 4985 lavere

1198 5022 1233 5081 et
1248 5009 1403 5099 legibus,
1427 5008 1558 5100 quibus
1573 5009 1704 5082 civium
1720 5009 1813 5081 inter
1832 5037 1869 5082 se
1892 5015 2007 5085 studia
2021 5015 2191 5087 volunta·

1197 5125 1320 5207 tesque
1344 5109 1581 5182 conciliantur
1603 5124 1639 5183 et
1661 5111 1932 5202 devinciuntur,
1957 5141 2047 5211 quae
2065 5119 2192 5188 dome·

1197 5213 1319 5284 sticum
1353 5212 1597 5303 disciplinam,
1637 5213 1750 5282 bonos
1783 5239 1920 5303 mores,
1962 5217 2189 5311 popularium

1196 5313 1396 5385 libertatem
1421 5327 1586 5401 tuentur,
1610 5338 1701 5408 quae
1718 5316 1872 5405 prolecto
1889 5343 1962 5389 non
1985 5320 2104 5392 minus
2122 5342 2191 5393 nos

1197 5441 1303 5514 quam
1326 5415 1417 5488 lares
1440 5416 1572 5504 nostri,
1599 5415 1786 5494 delectant.
1845 5418 2002 5493 Proinde
2023 5447 2105 5494 cum
2130 5424 2190 5494 in·
