4664 6022
71 250 118 328 u
579 247 740 327 unca.
773 247 849 326 un
879 245 1154 327 nnoomo
1186 227 1628 344 usoonnnrmu.
1691 244 1702 285 ι
2073 265 2126 338 ω

64 422 154 498 Deo.
217 419 269 496 Et
289 423 452 518 quamvis
473 447 578 495 verae
600 419 820 516 Theologiae
838 427 1012 499 Doctores
1032 430 1067 495 'et
1119 426 1205 495 dum
1224 441 1447 517 praeceptum
1464 420 1631 518 Decalogi
1646 422 1715 499 hoc
1729 431 1897 522 postulat,
1926 447 1966 507 ut
1983 461 2116 513 nomen

10 542 12 549 '
63 525 253 618 discipuli,
276 526 351 597 sive
376 522 617 610 patriarchas,
649 528 724 597 sive
744 527 834 598 alios
848 543 990 599 sanctos
1008 552 1066 597 re·
1118 523 1185 597 Dei
1209 527 1256 597 ab
1276 528 1377 597 omni
1402 541 1561 599 creatura
1590 531 1735 599 maximi
1765 537 1961 626 pendatur,
1995 554 2031 611 et
2052 545 2117 615 ad-

63 628 274 722 spicismus,
302 625 484 698 Habelicis
509 644 678 720 perpetuo
697 632 846 701 subiecti
868 644 951 702 sunt
971 631 1067 722 peri-
1119 624 1258 701 oretur:
1284 625 1348 698 has
1364 653 1449 699 vero
1465 626 1667 722 prophanas
1681 658 1799 721 voces,
1820 650 1989 732 tanquam
2006 667 2115 715 vene-

62 731 153 803 culis
183 729 244 824 (ut
273 728 424 801 Satanae
449 730 573 800 odium
597 756 782 825 nunquam
814 733 941 824 cessat)
967 732 1066 801 duris
1118 747 1199 802 nata
1223 731 1357 821 spicula
1373 732 1525 803 Satanae
1549 734 1704 823 fugiant,
1731 738 1863 829 quibus
1885 736 2112 835 Theologiae,

61 831 338 912 certaminibus,
360 844 395 901 et
409 833 518 902 variis
534 834 706 923 agonibus
725 835 969 911 conflictantes
984 859 1063 904 cum
1117 849 1178 905 aut
1201 829 1468 925 Theologorum
1490 858 1623 905 nomen
1647 836 1775 908 ironiis
1798 842 1934 913 acerbis
1957 849 2112 937 exagita-

61 934 211 1009 diabolo
246 946 282 1005 et
312 936 469 1019 mundo,
503 947 539 1006 et
567 936 730 1030 quamvis
761 937 862 1028 impii
893 949 1062 1029 perpetuo
1117 948 1195 1015 tur,
1221 960 1311 1030 quae
1335 938 1473 1006 animos
1492 950 1631 1008 teneros
1654 940 1821 1028 efferare,
1846 957 1881 1014 et
1904 960 2109 1041 contemptu

61 1049 211 1109 teneant
226 1036 372 1106 titulum
388 1032 497 1122 Cain,
524 1031 592 1107 hoc
610 1051 678 1123 est,
704 1041 933 1130 possessoris,
965 1042 1061 1133 quod
1115 1038 1298 1128 religionis
1314 1039 1353 1107 in
1368 1063 1508 1109 omnem
1525 1040 1698 1134 reliquam
1714 1057 1862 1115 aetatem
1878 1045 2050 1137 imbuere,
2074 1068 2110 1127 et

63 1163 170 1230 regna
204 1138 429 1230 possideant,
461 1153 634 1232 quaerant
665 1165 767 1231 opes,
801 1142 968 1212 fruantur
999 1168 1062 1212 vo·
1115 1165 1253 1211 veneno
1274 1142 1429 1212 satanico
1456 1142 1635 1227 incautos,
1675 1157 1715 1214 ut
1739 1169 1812 1216 non
1836 1148 1940 1219 facile
1969 1152 2108 1226 eluatur
2167 1181 2172 1197 ·

68 1240 281 1334 luptatibus,
303 1232 459 1311 habeant
474 1241 651 1330 ingentem
670 1243 837 1332 gloriam,
865 1243 1060 1338 etquidem
1115 1257 1246 1334 postea,
1268 1243 1410 1314 inficere
1424 1244 1549 1313 solent.
1583 1244 1677 1316 Satis
1694 1248 1789 1315 enim
1806 1252 1943 1340 negocii
1961 1248 2107 1338 habent,

62 1355 249 1437 praetextu
284 1340 444 1411 iusticiae
479 1358 738 1436 persequantur
767 1340 982 1430 Ecclesiam,
1021 1360 1059 1415 ut
1113 1345 1266 1438 satisque
1281 1347 1482 1417 certaminis
1499 1341 1538 1415 hi
1557 1348 1618 1441 qui
1635 1349 1797 1440 suspiriis
1814 1365 1848 1420 et
1870 1354 2031 1426 oratione
2049 1357 2107 1427 in-

61 1444 151 1518 Cain
182 1444 223 1514 in
246 1444 393 1515 tratrem
415 1441 532 1514 Habel
562 1447 755 1517 saeviebat:
791 1460 909 1517 tamen
937 1472 1060 1518 omnes
1113 1447 1290 1517 desinenti
1315 1451 1554 1533 contendunt,
1578 1462 1619 1519 ut
1636 1450 1675 1519 in
1693 1474 1813 1523 amore
1829 1453 2012 1544 religionis
2029 1483 2106 1530 ma-

55 1542 206 1619 honeni
233 1559 268 1616 et
298 1547 349 1637 pii
379 1540 559 1632 homines,
591 1549 778 1640 praecipue
809 1552 1059 1631 adolescentes,
1112 1564 1238 1635 neant,
1271 1563 1411 1620 tanturn
1437 1553 1553 1636 abest,
1579 1563 1620 1621 ut
1647 1576 1721 1620 non
1750 1554 1797 1624 sit
1824 1548 2040 1647 periculum,
2073 1563 2104 1632 si

59 1650 307 1742 cuiuscunque
319 1648 391 1719 sint
404 1650 562 1733 ordinis,
588 1653 826 1744 quodcunque
840 1654 983 1722 tandem
1001 1654 1057 1722 in·
1112 1653 1191 1745 quis
1216 1677 1313 1722 more
1335 1650 1471 1747 Cynico
1498 1654 1536 1720 in
1560 1652 1670 1723 risum
1702 1655 1891 1751 iocumque
1912 1675 2026 1740 vertat
2047 1687 2103 1735 res

59 1752 273 1843 gredientur
293 1751 492 1821 studiorum
515 1751 601 1837 iter,
627 1752 701 1822 sive
719 1756 895 1824 bonarum
917 1756 1061 1840 artium,
1112 1768 1245 1840 tantas,
1270 1755 1309 1823 in
1330 1780 1481 1848 quarum
1506 1756 1613 1842 digna
1629 1756 1865 1828 admiratione
1884 1759 1942 1830 vix
1964 1765 2104 1858 magnis

58 1855 133 1925 sive
158 1853 250 1923 iuris
274 1853 502 1945 prudentiae,
530 1847 628 1923 hunc
649 1850 821 1925 honorem
848 1859 979 1928 debent
994 1853 1056 1926 ha·
1112 1857 1365 1927 certaminibus
1387 1882 1424 1927 se
1448 1857 1619 1943 retinent,
1650 1858 1724 1928 imo
1747 1884 1766 1928 a
1788 1861 1863 1933 Deo
1891 1865 2102 1949 retinentur,

59 1958 146 2027 bere
162 1954 258 2039 Deo,
290 1969 331 2026 ut
356 1955 462 2024 sacris
486 1955 599 2024 literis
625 1969 661 2026 et
686 1954 904 2048 Theologiae
920 1961 1056 2030 studio·
1111 1960 1173 2052 qui
1192 1983 1272 2030 vere
1287 1974 1371 2031 sunt
1386 1959 1517 2043 sancti,
1541 1983 1694 2053 vereque
1709 1962 1773 2053 pii.
1822 1963 1914 2034 Dixi.

59 2059 107 2128 sis
123 2056 222 2151 (sine
234 2081 307 2149 qua
321 2059 365 2126 ad
382 2058 507 2137 linem,
532 2057 573 2126 in
590 2083 694 2151 quem
718 2074 856 2131 creatus
874 2075 924 2131 est
939 2058 1057 2146 homo,

60 2159 244 2251 perveniri
257 2183 331 2228 non
349 2155 479 2254 potest)
498 2154 672 2230 honorem
697 2184 874 2233 summum
891 2159 1056 2238 habeant.

59 2259 107 2335 Et
121 2284 207 2346 nos,
230 2261 361 2354 quibus
374 2265 565 2332 mandatur
579 2264 759 2354 provincia
770 2267 921 2335 docendi
933 2263 1057 2337 Evan-

61 2364 162 2457 gelii,
190 2363 331 2433 tametsi
355 2364 570 2448 vocationis,
602 2378 638 2435 et
661 2367 713 2435 rei
736 2381 854 2437 tantae
876 2370 1056 2458 magnitu-
1132 2367 1200 2440 No.
1227 2368 1263 2440 6.
1927 2401 1977 2447 an.
1992 2381 2086 2446 1623.

59 2471 106 2537 do
120 2465 252 2536 merito
276 2489 342 2535 nos
356 2466 527 2537 sollicitos
544 2469 697 2549 detinet,
726 2482 767 2539 ut
787 2470 826 2539 in
842 2472 970 2540 timore
987 2468 1054 2539 Dei
1114 2462 1286 2519 ’Ν
1918 2466 2091 2498 Μ

62 2592 115 2639 res
129 2581 248 2639 tantas
271 2568 577 2652 administremus,
608 2583 727 2639 tamen
745 2573 874 2661 gratias
891 2575 1055 2657 excorde
1298 2585 1574 2676 Encomfum
1598 2590 1898 2700 eloquentiae·

62 2668 158 2741 Patri
175 2668 319 2739 coelesti
341 2693 445 2758 agere
460 2672 648 2752 debemus,
675 2677 772 2765 quod
792 2674 923 2746 relictis
938 2676 976 2743 in
991 2699 1058 2745 sua

62 2773 230 2843 caecitate
245 2784 300 2841 tot
313 2767 515 2864 Epicureis,
542 2787 595 2844 tot
608 2776 742 2844 acerbis
757 2772 918 2847 hostibus
933 2775 1055 2846 Evan-
1175 2764 1459 2889 Stggf‘gieffigffideii’
1476 2775 1506 2888 ¹¹¹¹
1520 2765 1624 2820 ¹⁵⁰¹⁰¹¹¹
1639 2774 1679 2820 ‘⁸¹
1692 2767 1720 2820 ¹¹¹
1733 2765 1803 2848 En>-
1818 2766 1881 2889 ἔθει·
1898 2766 1919 2826 ¹·
1930 2787 1965 2889 g·
1978 2769 2031 2825 ⁶⁴⁴
2044 2791 2096 2846 “to

1422 2846 1492 2903 pisto
1503 2854 1546 2888 am
1561 2845 1816 2901 nuncupatoriam
1870 2855 1917 2894 ιιιι.
1958 2857 2097 2909 rynaeum.

63 2874 142 2965 gelli
174 2887 211 2944 ei
232 2874 436 2962 religionis,
472 2887 525 2945 ἰοὶ
547 2869 761 2968 hypocritis,
792 2894 826 2950 ei
857 2875 1055 2949 pharisaeis
1210 2906 1314 2958 Reeusa
1328 2906 1399 2976 apud
1415 2904 1569 2975 Crat.Myl.
1584 2923 1609 2974 p.
1624 2905 1690 2964 tot„
1708 2903 1738 2956 in
1749 2904 1900 2959 Declamat.
1914 2904 1977 2966 T.1.
1990 2910 2097 2981 p.407.‚

63 2976 243 3068 superbis,
273 2988 326 3045 tot
353 2977 629 3047 admiratoribus
652 2980 839 3052 obstinatis
869 2977 975 3051 huius
999 3006 1053 3053 se·
1207 2973 1369 3032 inservare
1384 2974 1404 3028 ¹·
1421 2971 1540 3045 {affl-2
1558 2972 1631 3046 spot
1645 2971 1775 3034 Richard.
1788 2972 1810 3030 l.
1826 2992 1853 3044 p.
1868 2973 1931 3030 2⁵2.
2024 3064 2027 3069 Ι

61 3078 151 3162 culi,
178 3077 286 3148 nobis
309 3078 460 3147 infirmis
481 3093 514 3149 et
538 3081 694 3170 indignis
719 3079 903 3172 Evangelii
926 3084 1054 3169 lucem,
1105 3138 1357 3208 Necessaria&
1379 3155 1458 3203 me
1475 3130 1529 3203 ad
1543 3155 1651 3205 omne
1672 3133 1884 3206 ptumorum
1895 3157 2017 3232 9οΜ
2032 3161 2098 3211 ap,

60 3181 1055 3374 {22¹{itttt‘tttt‘tlttzttttitzttltitt:
1105 3249 1165 3311 a,
1181 3235 1346 3326 dicende
1373 3233 1849 3433 pepugegfppppp
1886 3241 1994 3325 csse:
2019 3246 2096 3314 n-

59 3406 140 3455 rum
157 3397 194 3455 et
207 3397 370 3454 aeternae
386 3385 497 3469 vitae,
523 3386 692 3455 omnibus
712 3388 861 3478 opibus,
885 3390 1054 3457 omnibus

60 3486 190 3556 mundi
213 3487 333 3577 regnis
363 3487 477 3578 pluris
501 3488 739 3562 aestimemus.
798 3488 962 3559 Habeant
984 3490 1053 3560 sibi
1107 3475 1422 3578 Quemadmodum
1441 3482 1598 3553 Hesiodo
1623 3484 1738 3568 dolet,
1763 3484 1898 3554 nescire
1918 3491 2096 3581 mortales,

61 3611 160 3659 suam
195 3590 411 3681 praeclaram
444 3590 719 3676 beatitudinem,
756 3605 790 3662 et
818 3593 880 3661 illa
914 3592 1053 3682 gaudia,
1106 3602 1278 3685 quantum
1302 3600 1337 3655 et
1356 3583 1479 3654 Malva
1504 3599 1539 3655 ct
1562 3582 1742 3655 Albucum
1761 3582 1897 3657 adferre
1917 3596 2097 3664 commodi

64 3690 218 3784 quisine
232 3687 331 3776 Deo,
355 3691 432 3760 sine
454 3692 642 3781 religione,
668 3694 864 3764 carnalium
880 3695 1051 3787 cupidita·
1105 3695 1211 3764 rebus
1233 3686 1399 3759 humanis
1423 3702 1573 3783 queant,
1600 3688 1739 3759 tametsi
1762 3688 1849 3759 viles
1873 3684 2022 3779 herbae,
2048 3696 2098 3767 its

63 3806 137 3865 tum
159 3794 259 3864 rabie
280 3793 436 3878 incitati,
467 3791 635 3865 anhelant
658 3796 722 3866 toti
747 3799 791 3866 ad
813 3799 997 3866 commoda
1020 3810 1054 3868 et
1105 3820 1171 3865 nos
1187 3816 1329 3887 quoque
1343 3814 1426 3860 non
1442 3815 1537 3860 nunc
1558 3792 1714 3881 primum
1732 3792 1917 3884 querimur
1932 3795 2097 3884 ignorare
2180 3854 2185 3865 ,

62 3895 261 3987 voluptates
277 3890 385 3966 huius
398 3897 542 3981 mundi,
568 3911 604 3967 et
618 3922 702 3988 prae
717 3899 789 3967 illis
805 3913 914 3969 totam
932 3896 1053 3969 Theo·
1105 3898 1364 3978 adulescentes,
1388 3905 1560 3986 quantum
1577 3895 1752 3962 momenti
1773 3888 1927 3965 habeant
1941 3900 1984 3966 ad
2011 3899 2098 3968 soli-

62 3997 212 4088 logiam,
236 4011 421 4090 totumque
437 3995 671 4087 Evangelium
686 4025 760 4068 non
777 4001 885 4072 unius
900 4002 985 4070 assis
1000 4002 1054 4070 fa·
1108 4004 1188 4070 dam
1205 3997 1441 4067 eruditionem
1456 3995 1652 4085 parandum
1668 3995 1810 4064 dicendi
1824 4009 1927 4076 artes,
1953 4000 2096 4091 quaein

62 4100 181 4185 ciunt,
208 4123 282 4169 non
297 4122 391 4169 cassa
408 4124 497 4169 nuce
511 4116 670 4192 emptum
685 4103 752 4172 sibi
768 4104 889 4176 velint.
942 4102 1054 4191 Quic—
1107 4101 1256 4192 speciem
1272 4094 1792 4190 nihilprolitentureiusmodi,
1816 4098 2097 4190 cnivulgusad-

62 4202 147 4295 quid
171 4202 237 4285 sit,
270 4202 327 4270 vel
354 4201 568 4293 experientia
598 4203 710 4293 ipsius
741 4205 869 4274 mundi
896 4218 1055 4290 testatur,
1107 4203 1269 4297 plaudat,
1305 4213 1480 4270 caeterum
1514 4199 1667 4267 utilitate
1698 4198 1801 4267 facile
1832 4223 1887 4268 res
1922 4197 2096 4274 humanas

60 4304 142 4374 illos
167 4303 301 4373 versari
316 4302 360 4379 in
376 4303 511 4374 incerto
529 4319 563 4375 ct
578 4305 735 4390 lubrico,
755 4321 796 4376 ut
810 4302 973 4376 Christus
988 4307 1053 4378 ait:
1107 4328 1230 4375 omnes
1247 4303 1406 4373 vicerint.
1432 4298 1556 4394 Neque
1565 4299 1660 4369 enim
1675 4324 1824 4393 usquam
1834 4301 2030 4396 quidquam
2045 4319 2099 4376 est

64 4403 160 4495 Quid
178 4408 323 4497 prodest
337 4407 500 4486 tandem,
532 4407 563 4475 si
577 4430 670 4476 unus
688 4402 881 4478 homuncio
898 4409 1055 4499 potiatur
1106 4409 1147 4477 in
1160 4421 1231 4476 tota
1249 4429 1367 4473 rerum
1385 4403 1632 4485 universitate,
1665 4404 1761 4470 unde
1775 4403 1819 4470 ad
1836 4406 2001 4474 mortales
2020 4430 2097 4474 am-

61 4530 201 4588 rerum,
227 4523 320 4578 terra
335 4507 495 4601 marique
517 4522 642 4599 potens
658 4510 722 4595 sit,
744 4524 932 4603 'totumque
950 4511 1054 4580 deni·
1108 4511 1221 4601 pliora
1239 4507 1443 4586 commoda,
1468 4528 1574 4596 quam
1597 4527 1637 4571 ex
1659 4498 1727 4572 hoc
1745 4503 1875 4572 artium
1896 4527 2022 4593 genere
2040 4530 2098 4579 rev

63 4635 129 4704 qne
143 4613 322 4681 mundum
337 4633 431 4678 unus
448 4606 592 4693 haheat,
615 4611 645 4681 si
660 4613 798 4681 animae
814 4613 983 4682 iacturam
998 4614 1052 4683 fa·
1108 4616 1225 4683 deant.
1267 4608 1335 4678 Sed
1356 4632 1435 4676 cum
1451 4631 1572 4674 earnm
1592 4605 1748 4695 precium
1766 4605 1931 4675 iuventus
1946 4607 2098 4697 ignoret,

63 4714 155 4783 ciat?
207 4709 284 4802 Ego
306 4736 390 4781 vero
416 4708 473 4782 hic
499 4707 625 4782 hortor
650 4738 772 4783 omnes
804 4715 880 4806 pios
906 4715 1054 4794 animos,
1079 4776 1083 4807 ‚
1107 4715 1165 4796 fit,
1192 4728 1231 4781 nt
1254 4710 1430 4801 plerisque
1451 4710 1633 4789 sordeant,
1660 4707 1879 4798 minimeque
1895 4709 2022 4798 dignae
2042 4710 2097 4781 iu-

63 4814 285 4906 potissimum
311 4815 567 4893 adolescentes,
608 4830 754 4906 propter
784 4840 873 4910 qnos
905 4817 1055 4886 maxime
1108 4815 1290 4897 dicentur,
1315 4812 1445 4904 quibus
1460 4809 1636 4879 discendis
1649 4833 1792 4899 operam
1806 4824 1946 4879 navent.
1987 4809 2097 4881 Prae-

63 4910 127 4988 hae
161 4940 309 5006 pompae
339 4917 379 4983 in
406 4917 618 5009 gymnasiis,
659 4920 704 4986 ad
735 4921 1053 4988 commendandam
1108 4919 1243 4987 clarum
1274 4929 1325 4983 est
1348 4906 1607 5002 Philosophum
1635 4911 1724 4979 dici:
1759 4911 2002 4999 magnificum,
2036 4910 2099 4983 lu-

64 5019 271 5108 dignitatem
294 5017 477 5089 literarum
503 5031 537 5089 et
553 5012 734 5107 religionis
750 5023 990 5105 adornantur,
1014 5034 1056 5090 ut
1108 5017 1360 5089 risconsnltnm
1396 5015 1538 5083 audire:
1581 5007 1780 5101 theologico
1810 5012 1971 5093 nomine,
2005 5011 2099 5084 nihil

65 5121 147 5190 inde
164 5122 211 5190 ab
228 5120 374 5190 ineunte
397 5133 508 5189 aetate
528 5122 760 5192 assuefaciant
775 5148 811 5193 se
827 5126 870 5191 ad
887 5146 1054 5192 reveren·
1108 5118 1176 5191 hoc
1199 5134 1358 5211 tempore
1383 5117 1427 5184 ad
1453 5115 1580 5202 vulgus
1607 5113 1833 5203 plausibilius
1858 5127 1924 5183 est:
1957 5115 2101 5184 dicendi

65 5222 147 5293 tiam
173 5238 208 5295 et
231 5245 387 5291 amorem
408 5222 609 5311 religionis,
641 5236 750 5316 utque
766 5227 810 5294 de
829 5221 1056 5295 hacsanctis-
1108 5224 1257 5306 artium,
1291 5233 1458 5311 tanquam
1482 5213 1764 5305 Megarensium,
1795 5214 1894 5283 nulla
1919 5215 2010 5286 ratio
2034 5212 2100 5285 ha-

67 5325 150 5394 sima
186 5324 403 5415 professione
436 5325 524 5417 (etsi
559 5321 736 5416 Theologi
762 5322 924 5395 homines
960 5325 1054 5420 sint)
1107 5328 1224 5395 betur.
1276 5321 1469 5413 Propterea
1492 5318 1606 5386 visum
1628 5331 1680 5386 est
1708 5312 1880 5386 hocloco
1906 5316 2101 5402 ostendere,

66 5427 246 5517 magnifice
267 5426 423 5497 sentiant
445 5440 478 5494 et
500 5426 704 5517 loquantur.
763 5427 856 5499 Nam
873 5444 907 5501 et
929 5452 1055 5499 secun·
1108 5452 1198 5522 quae
1221 5449 1276 5495 res
1298 5424 1448 5493 maxime
1471 5421 1577 5491 nobis
1599 5443 1720 5489 earum
1738 5417 1895 5489 studium
1920 5441 2101 5489 commen·

115 5533 417 5600 ditissimorum
447 5532 610 5602 Vocxl.
1357 5528 1366 5545 '
1433 5520 1458 5592 4
