4664 6022
78 319 158 395 983
646 310 808 398 DECL.
840 310 916 395 DE
947 305 1262 394 DOCTRINA
1290 308 1555 393 PHYSICA.
2047 330 2128 412 934

77 507 246 587 possunt:
272 505 390 567 tamen
408 489 611 565 iunioribus
634 495 779 586 prodest
801 515 904 584 saepe
927 492 1077 566 'recitare
1130 486 1283 559 sortibus
1298 500 1330 558 et
1345 488 1531 560 mavortiis
1552 486 1640 561 viris
1660 488 1858 586 indignam.
1909 495 1979 571 Sed
2004 498 2123 577 rident

76 620 220 682 causas,
254 620 318 668 cur
351 611 478 670 natura
513 597 772 667 consideranda
804 594 868 679 sit,
901 609 1074 689 quantum
1127 586 1164 660 hi
1181 613 1326 683 prorsus
1346 591 1554 663 sardonium
1574 593 1697 670 risum.
1751 595 1903 670 Plurimi
1926 601 2022 673 enim
2040 627 2122 697 gra·

76 699 153 769 lieri
180 712 313 792 potest,
353 714 389 771 et
413 694 540 770 curbi
566 697 674 769 rivuli
698 697 894 791 sapientiae
918 699 1074 786 divinae,
1125 716 1184 764 ves
1210 716 1342 787 poenas
1366 696 1450 765 dant
1475 707 1508 766 et
1533 695 1846 790 intemperantiae,
1888 716 1924 774 et
1950 705 2120 790 inscitiae,

75 801 142 897 qui
169 814 351 896 utcunque
382 801 421 871 in
445 800 549 871 libris
573 801 797 872 eruditorum
819 799 958 872 collecti
980 813 1074 887 sunt,
1123 820 1203 866 cum
1220 798 1276 867 vel
1295 809 1479 868 accersunt
1491 796 1561 867 sibi
1579 801 1743 887 morbos,
1769 804 1826 874 vel
1844 828 2030 878 occurrere
2053 834 2120 884 na·

74 901 233 977 studiose
252 903 486 995 cognoscendi
509 904 593 979 sint.
644 901 718 974 Nec
738 904 892 974 deterret
915 927 972 972 me
988 900 1072 974 Ari-
1120 899 1300 972 arentibus
1314 922 1389 968 non
1404 913 1559 986 norunt,
1585 924 1651 971 nec
1665 902 1759 994 leges
1773 907 1865 977 ullas
1881 909 2077 1000 patiuntur.

73 1000 283 1098 stophanes,
325 1007 491 1078 deridens
514 1000 584 1075 hoc
608 1005 787 1091 studium,
817 1017 853 1075 et
875 1002 1071 1093 Socratem,

72 1107 282 1200 impositum
300 1103 439 1180 calatho
463 1133 503 1179 ac
527 1106 708 1179 sublatum
732 1105 771 1177 in
794 1120 933 1192 aerem,
968 1121 1003 1180 et
1029 1121 1070 1179 ut

74 1209 151 1303 ipse
184 1208 322 1304 inquit,
365 1206 647 1308 ἀεροβατοῦντα
677 1204 742 1282 καὶ
767 1213 1070 1307 περιῳρονοῦντα

70 1308 141 1386 τὸν
153 1308 268 1407 ἥλιον.
319 1311 455 1385 Usitata
473 1325 527 1383 est
541 1313 638 1382 enim
656 1312 883 1405 perversitas,
911 1328 944 1386 et
965 1313 1069 1407 plau·

71 1415 206 1503 sibilis,
235 1414 371 1504 legibus
394 1430 429 1488 et
451 1438 555 1485 verae
576 1415 778 1500 doctrinae,
802 1426 972 1508 tanquam
990 1439 1067 1487 car·

71 1518 145 1590 ceri
171 1531 204 1588 et
227 1517 383 1588 vinculis
405 1517 661 1610 cupiditatum,
697 1515 902 1589 conviciari.
965 1515 1067 1590 luvat

69 1620 168 1691 enim
182 1621 314 1691 multos
328 1621 406 1691 sine
420 1621 497 1691 ullo
510 1620 614 1691 freno
630 1620 755 1691 ludere
771 1617 985 1713 opinionum
1002 1644 1065 1691 va·
1217 1593 1356 1666 &imni
1376 1589 1556 1666 Ei⁰¹⁰⁵l³⁸
1579 1596 1781 1669 d⁰⁰l¹l¹¹²¹¹¹
1805 1600 1871 1672 ¹⁰¹5
1893 1603 2015 1692 8⁹⁰²st
2041 1599 2113 1676 ¹¹¹¹·

69 1722 215 1804 rietate,
242 1735 276 1794 et
290 1722 707 1818 vagaricupiditatibus,
732 1745 948 1817 quocunque
972 1722 1065 1795 cmi
1114 1719 1221 1817 manp
1237 1695 1470 1817 necessariam
1485 1720 1570 1772 esse.
1605 1695 1647 1768 ln
1664 1693 1861 1777 bacautem
1878 1704 2011 1776 multae
2026 1719 2111 1778 sunt

71 1825 226 1919 gmpems
241 1839 368 1899 mum,
395 1825 503 1921 idque
520 1826 721 1898 libertam
737 1837 878 1900 vocam·
1114 1821 1339 1888 gravrssrmae
1361 1822 1504 1885 causae,
1544 1822 1633 1893 quas
1656 1825 1720 1874 nec
1740 1805 1902 1876 doctores
1925 1807 2112 1900 explicare,

173 1941 245 2017 sed
272 1966 339 2015 ωδ
369 1945 520 2017 sciamus
544 1943 721 2016 divinitu·
745 1943 970 2015 circundans
990 1964 1065 2014 me
1114 1926 1179 1973 nec
1202 1904 1357 1996 populus
1377 1901 1575 1992 intelligere
1604 1916 1737 1994 potest,
1771 1906 1849 1976 sine
1878 1909 2111 1982 adminiculis

1113 1999 1286 2099 physices.
1337 2000 1456 2095 Ergo,
1481 2004 1669 2098 inquiunt,
1695 2008 1819 2079 misces
1836 2003 2108 2103 Philosophiam

1114 2107 1194 2177 voci
1216 2107 1380 2193 coelesti,
1406 2122 1443 2178 et
1462 2109 1614 2181 dilutam
1636 2132 1677 2180 ac
1699 2111 1949 2185 confusaneam
1975 2114 2109 2188 doctri·

1114 2233 1195 2280 nam
1210 2209 1409 2306 proponis?

1220 1046 1291 1119 Sed
1306 1042 1399 1118 hanc
1414 1048 1613 1119 orationem
1629 1050 1673 1120 de
1697 1051 1933 1137 utilitatibus,
1954 1082 2045 1150 quae
2070 1063 2117 1133 ad

1119 1172 1246 1241 corpus
1268 1151 1466 1243 pertinent,
1500 1151 1583 1245 quia
1607 1175 1664 1224 res
1687 1168 1770 1226 nota
1796 1171 1868 1243 est,
1901 1159 2116 1254 relinquam,

1118 1274 1158 1321 ac
1175 1255 1381 1338 ostendam,
1407 1267 1579 1348 quantum
1595 1257 1778 1328 reseratio
1802 1259 1883 1330 aliis
1906 1264 2114 1336 necessariis

1120 1354 1293 1425 doctrinis
1309 1378 1414 1427 nosse
1429 1352 1515 1427 baec
1531 1355 1633 1428 initia
1650 1353 1822 1456 physices,
1847 1387 1938 1457 quae
1954 1364 1993 1434 in
2008 1360 2114 1437 scho-

1116 1455 1160 1526 lis
1178 1460 1379 1532 traduntur.

71 2040 248 2119 humanae
270 2046 382 2120 menti
404 2062 516 2119 certas
537 2061 668 2131 metas,
703 2046 796 2118 intra
821 2069 908 2145 quas
930 2058 965 2117 et
986 2045 1065 2137 opi·

69 2148 196 2221 niones
229 2165 264 2222 et
294 2149 503 2244 cupiditates
534 2145 774 2222 cohercendae
810 2162 905 2221 sunt.
975 2144 1065 2220 Vult

67 2246 168 2324 Deus
190 2252 266 2344 regi
288 2253 397 2324 vitam
420 2252 559 2344 legibus
581 2266 686 2347 atquc
707 2251 864 2337 artibus,
895 2250 976 2321 vult
998 2273 1063 2321 nos

68 2353 271 2427 discernere
287 2353 471 2426 veritatem
487 2367 522 2424 et
538 2355 782 2440 mendacium,
808 2352 900 2426 etin
916 2351 1063 2424 veritate
1214 2342 1296 2415 Scio
1320 2338 1387 2415 hoc
1411 2342 1516 2415 nobis
1536 2342 1645 2416 obiici
1668 2345 1714 2417 ab
1737 2344 1912 2435 indoctis,
1945 2349 2008 2444 qui
2032 2351 2107 2425 suis

68 2457 308 2552 acquiescere,
334 2469 371 2527 et
384 2477 573 2545 agnoscere
587 2456 703 2548 ipsum
717 2456 853 2528 sontem
870 2455 1063 2551 sapientiae
1112 2444 1325 2542 quibusdam
1352 2447 1547 2518 barbaricis
1568 2447 1800 2539 opinionibus
1824 2450 1987 2525 fascinati
2010 2466 2105 2527 sont.

68 2580 241 2642 veracem,
265 2570 301 2628 et
316 2556 496 2644 veritatis,
522 2571 699 2630 amantem
713 2581 805 2631 esse:
831 2558 914 2630 etei
931 2558 1063 2651 gratias
1111 2547 1183 2621 Sed
1198 2544 1267 2620 hoc
1290 2550 1473 2636 volumus,
1503 2573 1605 2619 suum
1627 2550 1755 2643 cuique
1776 2552 1898 2641 generi
1922 2555 2106 2628 doctrinae

68 2681 190 2749 agere,
216 2659 313 2751 qnod
336 2658 456 2730 radios
473 2682 557 2731 snae
574 2661 765 2754 sapientiae
782 2662 820 2733 in
838 2685 904 2733 nos
918 2661 1061 2757 spargit,
1110 2653 1228 2725 locum
1244 2677 1331 2725 esse.
1379 2650 1553 2724 lmmensa
1570 2652 1730 2726 bonitate
1737 2654 1838 2725 Deus
1851 2654 2014 2750 loquitur
2029 2681 2106 2729 ser-

67 2758 142 2831 Nec
172 2782 318 2830 moveor
342 2754 558 2833 histrionum
585 2765 810 2857 quorumdam
834 2764 1061 2851 clamoribus,
1109 2779 1215 2826 mone
1231 2771 1374 2842 nostro,
1399 2769 1440 2827 ut
1454 2755 1688 2845 intelligatur.
1735 2753 1809 2827 Nec
1833 2759 2024 2831 confundit
2045 2783 2105 2850 ge-

67 2861 131 2954 qui
146 2859 372 2933 simulatione
388 2862 573 2954 religionis
591 2864 808 2958 vituperant,
833 2879 982 2938 naturae
1002 2867 1060 2937 in·
1109 2882 1193 2929 nera
1212 2858 1477 2944 dominarum,
1501 2857 1565 2951 qui
1580 2856 1687 2939 dicit,
1712 2857 1888 2950 mutonis
1904 2861 2105 2954 proprieta-

65 2960 315 3056 quisitionem,
341 2979 377 3038 et
392 2965 521 3036 abduci
539 2978 675 3038 mentes
689 2968 735 3038 ab
753 2968 797 3037 iis
806 2968 946 3062 scriptis
961 2969 1060 3041 voci-
1108 2974 1179 3032 tem
1209 2966 1416 3034 sumendam
1445 2983 1520 3031 0⁸⁸0
1549 2984 1569 3056 ᾳ
1601 2956 1857 3032 Grammatico·
1930 2960 2104 3036 Nominat

63 3062 245 3152 ferantur,
270 3089 360 3160 quae
376 3063 475 3137 Deus
491 3090 552 3139 sus
567 3068 826 3145 vocetradidit.
1107 3063 1234 3148 ficum,
1260 3063 1482 3158 amygdalas,
1506 3085 1760 3156 sycomoream.
1813 3060 1887 3134 Nec
1912 3067 2104 3140 confundit

167 3179 243 3255 Noe
258 3208 342 3255 vero
357 3198 392 3256 et
406 3208 529 3257 votem
549 3183 710 3258 divinam
732 3203 935 3262 merem„
952 3190 1058 3261 augg,
1107 3186 1235 3255 genera
1262 3164 1527 3244 doctrinarum,
1559 3163 1622 3257 qui
1647 3164 1841 3254 interrogat
1870 3159 2102 3240 hortulanum

63 3307 166 3372 mus,
204 3298 239 3358 et
266 3281 333 3359 hac
356 3284 432 3381 ipsa
460 3311 665 3375 movemur,
703 3302 743 3362 ut
773 3290 908 3363 maiore
938 3293 1057 3366 studio
1106 3268 1151 3335 ‘¹⁰
1165 3261 1291 3338 hilum
1309 3266 1479 3337 ³²b⁰f¹¹¹¹¹
1495 3265 1641 3337 ”³¹⁰1st
1896 3316 1918 3357 s

63 3388 194 3459 muudi
218 3413 367 3483 corpora
389 3388 613 3481 aspiciamus.
665 3388 798 3464 Paulus
815 3393 910 3465 enim
927 3394 1058 3490 inquit,
1208 3400 1324 3475 Curae
1339 3402 1384 3477 sit
1400 3402 1582 3487 omnibus,
1607 3414 1647 3472 ut
1662 3402 1778 3473 fontes
1793 3402 1953 3476 coelestis
1968 3405 2104 3478 doctri-

67 3489 178 3563 otulls
194 3490 324 3564 nostris
347 3488 434 3564 llaec
456 3491 639 3586 proposita
661 3517 757 3580 esse,
780 3507 821 3567 ul
844 3519 910 3568 nos
933 3498 977 3568 de
1000 3520 1059 3568 ar·
1107 3528 1174 3576 nae
1191 3519 1357 3578 maneant
1376 3504 1594 3596 incorrupti,
1621 3517 1656 3574 et
1679 3504 1797 3576 nativa
1813 3508 1987 3578 sententia
2004 3510 2102 3580 vocis

63 3587 208 3667 chitecti
242 3593 414 3687 sapientia
448 3608 484 3668 et
517 3597 562 3667 dc
594 3596 819 3690 providentia
853 3623 1059 3671 commone·
1108 3606 1253 3678 divinae
1274 3610 1483 3683 retineatur,
1535 3602 1700 3678 Caeterae
1722 3630 1807 3678 vero
1832 3621 1943 3696 artes,
1973 3622 2014 3681 ut
2035 3635 2101 3681 an-

60 3694 205 3772 iaciant.
1108 3710 1210 3781 cillae
1226 3724 1435 3804 sequantur:
1462 3732 1502 3780 ac
1520 3709 1585 3780 ubi
1601 3733 1691 3801 opus
1704 3723 1775 3794 est,
1799 3710 1956 3784 serviant
1979 3712 2101 3805 legen-

167 3811 264 3885 Haec
295 3826 484 3911 postquam
510 3818 687 3910 praefatus
716 3840 813 3904 sum,
844 3841 944 3891 nunc
966 3820 1059 3892 reci-
1107 3814 1204 3886 tibus
1225 3813 1264 3883 in
1280 3838 1364 3885 vera
1380 3812 1605 3884 enarratione
1622 3811 1806 3887 sermonis.

63 3916 151 3989 tabo
183 3939 305 3988 causas
333 3919 562 4011 praecipuas,
601 3934 746 4014 propter
776 3943 864 4016 quas
893 3925 1058 3996 doctrina

159 4018 168 4038 .
939 4026 948 4043 .
1209 3964 1280 4037 Sed
1293 3962 1399 4036 multi
1414 3962 1498 4033 odio
1512 3961 1717 4047 literarum,
1743 3960 1847 4032 multi
1862 3973 1902 4033 nt
1917 3960 2099 4032 licentiam

58 4012 210 4115 physrca
232 4021 425 4112 expetenda
448 4034 482 4092 et
501 4023 745 4112 cognoscenda
768 4037 829 4096 est.
887 4022 984 4098 Utrle
1007 4041 1060 4099 est
1106 4064 1199 4138 habe

114 4119 125 4138 .
195 4121 205 4139 .
354 4120 363 4138 .
549 4124 572 4142 ..
874 4126 883 4144 .
1200 4080 1263 4138 ant
1276 4066 1451 4136 infinitam
1467 4065 1622 4154 fingendi
1639 4062 1828 4154 opiniones
1846 4086 1912 4134 suo
1936 4064 2099 4144 arbitrio,

62 4143 162 4193 ‘mm
193 4144 234 4191 ¹¹¹
264 4122 432 4192 ⁰m⁰¹b¹¹⁵
464 4125 612 4210 ‘mm'
653 4148 755 4218 ”epe
784 4149 884 4221 ΨΜ
914 4141 1057 4248 mmm}
1107 4185 1269 4243 excutere
1285 4169 1415 4239 artium
1432 4166 1574 4238 vincula
1591 4180 1783 4251 conantur,
1815 4189 1906 4260 quae
1920 4168 1965 4236 ad
1980 4179 2101 4237 custo·

59 4221 239 4316 aspicere,
273 4237 308 4297 et
337 4224 512 4314 cogitare,
552 4250 659 4321 quam
685 4226 875 4301 utilitatem
904 4243 1057 4324 suscepl¹
1107 4273 1274 4344 diendam
1286 4272 1535 4365 proprietatem
1554 4269 1768 4353 conducere,
1794 4268 2020 4341 manifestum
2036 4280 2098 4338 est

59 4325 203 4399 Μοῖρ’
216 4327 359 4466 illini„
372 4339 473 4471 ω’,
718 4446 728 4467 ,
747 4446 757 4467 ‚
1108 4373 1217 4446 Multi
1233 4374 1313 4446 tetri
1331 4394 1481 4458 errores,
1506 4383 1541 4441 et
1556 4371 1728 4464 quaedam
1746 4369 1986 4440 abominanda
2000 4368 2099 4440 idola

164 4443 219 4518 Α(
237 4459 465 4566 ¹¹²¹!10110120
482 4441 652 4567 ‘mihi‘
675 4449 867 4568 ⁰¹¹¹¹J³l²³2
899 4473 990 4543 ‘1⁰³0
1011 4450 1056 4521 ’ἃ
1106 4478 1145 4547 in
1159 4473 1354 4548 Ecclesiam
1371 4475 1507 4545 invecta
1527 4485 1629 4553 sunt,
1655 4470 1786 4565 quibus
1808 4485 1843 4543 et
1857 4469 1953 4542 lleus
1972 4485 2100 4543 contu-

59 4570 193 4641 m‘l’m
212 4562 407 4670 Pff‘ffn‘nb
470 4546 583 4620 Tum
609 4550 867 4670 ”lellf‘lffl‘lljs
906 4565 942 4622 εἴ
960 4575 1057 4671 ωθῖ·
1106 4580 1212 4649 melia
1229 4577 1409 4659 adficitur,
1434 4590 1468 4647 et
1485 4597 1619 4667 poenae
1636 4573 1901 4645 arrestationes
1917 4572 1954 4642 in
1973 4595 2100 4664 genere

59 4650 193 4771 Qum
211 4662 538 4770 ¹⁰¹¹,¹'⁵⁰⁰⁰¹¹“‘¹'⁰’
564 4673 671 4721 ΜΟ
694 4674 770 4773 {¹¹¹}
793 4653 911 4747 ³¹¹⁴l¹¹³
935 4676 1057 4744 ‘⁰3⁰¹'
1105 4678 1264 4753 humano
1291 4680 1479 4750 accersitae
1503 4689 1603 4762 sunt,
1635 4676 1717 4769 quia
1740 4675 1915 4746 sermonis
1937 4675 2100 4767 proprie·

59 4747 491 4874 trpnephysrcesopotest.
555 4749 611 4824 Ac
633 4777 856 4874 verissimum
879 4769 949 4876 etl,
982 4780 1057 4825 ¹¹¹²·
1106 4799 1178 4870 tas,
1203 4797 1237 4854 et
1256 4782 1387 4854 artium
1402 4794 1516 4852 metae
1537 4780 1715 4870 neglectae
1738 4790 1841 4863 sunt,
1876 4790 1911 4848 et
1928 4776 2099 4869 permissa

60 4857 178 4928 drocrr
198 4857 401 4946 drlrgeutra,
426 4879 502 4927 non
526 4856 633 4925 rudes
655 4850 763 4928 huius
785 4859 989 4943 doctrmae,
1022 4872 1058 4929 et
1106 4884 1249 4958 limga
1274 4883 1447 4965 indoctis,
1478 4895 1541 4954 aut
1563 4878 1745 4964 fanaticis,
1773 4879 1931 4970 fingendi
1955 4878 2100 4971 opinio·

59 4957 219 5052 pericula
247 4959 360 5030 multa
390 4957 607 5030 valetudinis
629 4956 760 5046 vitare,
789 4973 824 5030 et
845 4959 1057 5031 saevissimis
1106 5012 1169 5059 ne,
1191 5002 1226 5059 e,
1247 4985 1395 5058 numqua
1421 5008 1486 5057 3⁰0
1507 4982 1668 5055 arbitrio,
1718 4975 1957 5063 commo,
1983 5004 2100 5052 mm,

61 5060 200 5132 morbis
206 5111 230 5180 ,ι
247 5060 278 5182 si
303 5061 417 5133 initiis
444 5074 520 5132 arte
544 5075 753 5180 occurrant,
784 5062 919 5182 mederi
945 5085 1057 5154 posse.
1106 5092 1164 5185 pq„
1183 5089 1557 5180 omniumpempomm
1579 5109 1653 5156 „011
1669 5106 1778 5175 panca
1796 5082 1974 5175 cogitans,
2000 5104 2103 5176 quae,

61 5159 1032 5256 11⁸¹¹⁰¹¹²¹l¹¹i¹l⁸¹¹¹addemme¹¹¹³ll¹¹⁸b⁵¹¹b²¹l¹l³⁸²⁸¹·
1108 5194 1191 5290 qnia
1217 5190 1378 5263 insuavia
1406 5203 1490 5262 sunt
1514 5189 1658 5272 auditu,
1692 5185 1840 5255 recitare
1870 5185 1970 5255 nolo.
2027 5182 2100 5256 Sed

164 5296 235 5372 Sed
254 5299 358 5372 multi
374 5298 451 5370 sine
470 5299 617 5386 ordine,
649 5298 726 5371 sine
745 5298 884 5370 ratione
905 5299 979 5370 ulla
1002 5298 1058 5369 vi·
1108 5319 1171 5367 vos
1187 5295 1368 5367 auditores
1384 5305 1528 5386 propter
1544 5290 1692 5383 gloriam
1710 5282 1798 5374 Dei,
1822 5301 1857 5358 et
1872 5299 2018 5380 propter
2031 5281 2104 5355 Ec·

61 5414 204 5489 ventes,
236 5397 345 5475 huius
368 5402 531 5473 utilitatis
554 5401 736 5474 mentione
760 5424 886 5494 pamm
910 5426 1057 5473 moven-
1108 5398 1233 5472 clesiae
1264 5396 1453 5468 utilitatem
1485 5393 1662 5476 obtestor,
1692 5401 1734 5460 ut
1758 5388 1977 5472 domrinam,
2011 5409 2103 5480 quae

56 5511 140 5580 tur:
166 5505 286 5579 rident
302 5505 422 5599 potius
437 5499 530 5575 hanc
552 5503 768 5576 valetudinis
787 5528 929 5587 curam,
955 5503 1055 5599 quasi
1109 5504 1225 5575 lucem
1245 5499 1362 5571 adfert
1386 5496 1544 5630 sppqqpni
1566 5491 1727 5581 coelesti,
1759 5491 1892 5563 ametis.
1949 5487 2104 5583 Conspi-
