<?xml version="1.0" encoding="UTF-8"?>
<!DOCTYPE html PUBLIC "-//W3C//DTD XHTML 1.0 Transitional//EN"
    "http://www.w3.org/TR/xhtml1/DTD/xhtml1-transitional.dtd">
<html xmlns="http://www.w3.org/1999/xhtml" xml:lang="en" lang="en">
 <head>
  <title>
</title>
<meta http-equiv="Content-Type" content="text/html;charset=utf-8" />
  <meta name='ocr-system' content='tesseract 3.04.00' />
  <meta name='ocr-capabilities' content='ocr_page ocr_carea ocr_par ocr_line ocrx_word'/>
</head>
<body>
  <div class='ocr_page' id='page_1' title='image "./philippimelanth00bretgoog_0413.png"; bbox 0 0 4664 6022; ppageno 0'>
   <div class='ocr_carea' id='block_1_1' title="bbox 40 298 2093 393">
    <p class='ocr_par' dir='ltr' id='par_1_1' title="bbox 40 298 2093 393">
     <span class='ocr_line' id='line_1_1' title="bbox 40 298 2093 393; baseline -0.003 0"><span class='ocrx_word' id='word_1_1' title='bbox 40 320 118 393; x_wconf 78' lang='grc'>813</span> <span class='ocrx_word' id='word_1_2' title='bbox 434 312 599 392; x_wconf 80' lang='lat' dir='ltr'>DECL.</span> <span class='ocrx_word' id='word_1_3' title='bbox 638 311 713 388; x_wconf 84' lang='lat' dir='ltr'>DE</span> <span class='ocrx_word' id='word_1_4' title='bbox 741 310 983 389; x_wconf 87' lang='lat' dir='ltr'>STUDllS</span> <span class='ocrx_word' id='word_1_5' title='bbox 1016 308 1125 384; x_wconf 85' lang='lat' dir='ltr'>LlT.</span> <span class='ocrx_word' id='word_1_6' title='bbox 1158 304 1276 382; x_wconf 86' lang='lat' dir='ltr'>NON</span> <span class='ocrx_word' id='word_1_7' title='bbox 1308 298 1697 385; x_wconf 80' lang='lat' dir='ltr'>DESERENDIS.</span> <span class='ocrx_word' id='word_1_8' title='bbox 2018 313 2093 387; x_wconf 77' lang='lat'>814</span> 
     </span>
    </p>
   </div>
   <div class='ocr_carea' id='block_1_2' title="bbox 40 478 2089 583">
    <p class='ocr_par' dir='ltr' id='par_1_2' title="bbox 40 478 2089 583">
     <span class='ocr_line' id='line_1_2' title="bbox 40 478 2089 583; baseline -0.007 -20"><span class='ocrx_word' id='word_1_9' title='bbox 40 505 180 563; x_wconf 89' lang='lat' dir='ltr'>mentes</span> <span class='ocrx_word' id='word_1_10' title='bbox 214 505 358 563; x_wconf 87' lang='lat' dir='ltr'>teneant</span> <span class='ocrx_word' id='word_1_11' title='bbox 391 490 430 560; x_wconf 93' lang='lat' dir='ltr'>in</span> <span class='ocrx_word' id='word_1_12' title='bbox 470 502 660 583; x_wconf 88' lang='lat' dir='ltr'>conspectu</span> <span class='ocrx_word' id='word_1_13' title='bbox 699 502 905 581; x_wconf 83' lang='lat' dir='ltr'>argumenta</span> <span class='ocrx_word' id='word_1_14' title='bbox 937 500 1044 567; x_wconf 88' lang='lat' dir='ltr'>certa,</span> <span class='ocrx_word' id='word_1_15' title='bbox 1062 480 1074 583; x_wconf 67' lang='grc' dir='ltr'>’ξ</span> <span class='ocrx_word' id='word_1_16' title='bbox 1096 494 1199 573; x_wconf 88' lang='lat' dir='ltr'>gent,</span> <span class='ocrx_word' id='word_1_17' title='bbox 1223 504 1298 550; x_wconf 91' lang='lat' dir='ltr'>non</span> <span class='ocrx_word' id='word_1_18' title='bbox 1323 494 1450 551; x_wconf 87' lang='lat' dir='ltr'>sanant</span> <span class='ocrx_word' id='word_1_19' title='bbox 1472 478 1614 571; x_wconf 91' lang='lat' dir='ltr'>publica</span> <span class='ocrx_word' id='word_1_20' title='bbox 1637 482 1740 553; x_wconf 88' lang='lat' dir='ltr'>mala.</span> <span class='ocrx_word' id='word_1_21' title='bbox 1792 479 1937 555; x_wconf 84' lang='lat' dir='ltr'>Rectius</span> <span class='ocrx_word' id='word_1_22' title='bbox 1959 499 2008 555; x_wconf 81' lang='lat' dir='ltr'>est</span> <span class='ocrx_word' id='word_1_23' title='bbox 2026 480 2089 556; x_wconf 83' lang='lat' dir='ltr'>has</span> 
     </span>
    </p>
   </div>
   <div class='ocr_carea' id='block_1_3' title="bbox 40 584 2091 2094">
    <p class='ocr_par' dir='ltr' id='par_1_3' title="bbox 40 584 2091 2094">
     <span class='ocr_line' id='line_1_3' title="bbox 40 584 2090 689; baseline -0.004 -25"><span class='ocrx_word' id='word_1_24' title='bbox 40 597 176 689; x_wconf 88' lang='lat' dir='ltr'>quibus</span> <span class='ocrx_word' id='word_1_25' title='bbox 199 596 256 665; x_wconf 88' lang='lat' dir='ltr'>vel</span> <span class='ocrx_word' id='word_1_26' title='bbox 279 593 416 665; x_wconf 90' lang='lat' dir='ltr'>leniant</span> <span class='ocrx_word' id='word_1_27' title='bbox 440 592 602 663; x_wconf 89' lang='lat' dir='ltr'>dolorem</span> <span class='ocrx_word' id='word_1_28' title='bbox 622 614 746 678; x_wconf 92' lang='lat' dir='ltr'>suum,</span> <span class='ocrx_word' id='word_1_29' title='bbox 772 593 829 663; x_wconf 88' lang='lat' dir='ltr'>vel</span> <span class='ocrx_word' id='word_1_30' title='bbox 850 592 1045 664; x_wconf 76' lang='lat' dir='ltr'>accendant</span> <span class='ocrx_word' id='word_1_31' title='bbox 1095 584 1361 675; x_wconf 69' lang='lat' dir='ltr'>indignationes</span> <span class='ocrx_word' id='word_1_32' title='bbox 1375 606 1611 674; x_wconf 74' lang='lat' dir='ltr'>compescere,</span> <span class='ocrx_word' id='word_1_33' title='bbox 1633 608 1674 654; x_wconf 87' lang='lat' dir='ltr'>ac</span> <span class='ocrx_word' id='word_1_34' title='bbox 1688 587 1846 655; x_wconf 78' lang='lat' dir='ltr'><strong>modeste</strong></span> <span class='ocrx_word' id='word_1_35' title='bbox 1861 589 2014 685; x_wconf 87' lang='lat' dir='ltr'>cogitare</span> <span class='ocrx_word' id='word_1_36' title='bbox 2030 613 2090 656; x_wconf 87' lang='lat' dir='ltr'>ve-</span> 
     </span>
     <span class='ocr_line' id='line_1_4' title="bbox 40 685 2088 779; baseline -0.005 -10"><span class='ocrx_word' id='word_1_37' title='bbox 40 697 214 769; x_wconf 90' lang='lat' dir='ltr'>studium.</span> <span class='ocrx_word' id='word_1_38' title='bbox 1096 710 1152 757; x_wconf 91' lang='lat' dir='ltr'>ras</span> <span class='ocrx_word' id='word_1_39' title='bbox 1167 709 1287 756; x_wconf 82' lang='lat' dir='ltr'>causas</span> <span class='ocrx_word' id='word_1_40' title='bbox 1303 685 1450 757; x_wconf 90' lang='lat' dir='ltr'>iraeDei</span> <span class='ocrx_word' id='word_1_41' title='bbox 1467 688 1634 755; x_wconf 88' lang='lat' dir='ltr'>adversus</span> <span class='ocrx_word' id='word_1_42' title='bbox 1650 710 1727 770; x_wconf 90' lang='lat' dir='ltr'>nos,</span> <span class='ocrx_word' id='word_1_43' title='bbox 1745 712 1785 757; x_wconf 92' lang='lat' dir='ltr'>ac</span> <span class='ocrx_word' id='word_1_44' title='bbox 1799 689 1929 757; x_wconf 90' lang='lat' dir='ltr'>deinde</span> <span class='ocrx_word' id='word_1_45' title='bbox 1946 713 1988 757; x_wconf 83' lang='lat' dir='ltr'>cx</span> <span class='ocrx_word' id='word_1_46' title='bbox 2004 714 2088 779; x_wconf 91' lang='lat' dir='ltr'>pro-</span> 
     </span>
     <span class='ocr_line' id='line_1_5' title="bbox 1094 788 2090 884; baseline 0.002 -26"><span class='ocrx_word' id='word_1_47' title='bbox 1094 790 1324 859; x_wconf 89' lang='lat' dir='ltr'>missionibus</span> <span class='ocrx_word' id='word_1_48' title='bbox 1338 788 1471 857; x_wconf 88' lang='lat' dir='ltr'>divinis</span> <span class='ocrx_word' id='word_1_49' title='bbox 1493 788 1647 858; x_wconf 89' lang='lat' dir='ltr'>remedia</span> <span class='ocrx_word' id='word_1_50' title='bbox 1669 804 1804 880; x_wconf 85' lang='lat' dir='ltr'>petere,</span> <span class='ocrx_word' id='word_1_51' title='bbox 1829 794 1926 884; x_wconf 89' lang='lat' dir='ltr'>quod</span> <span class='ocrx_word' id='word_1_52' title='bbox 1952 792 2013 884; x_wconf 93' lang='lat' dir='ltr'>qui</span> <span class='ocrx_word' id='word_1_53' title='bbox 2037 793 2090 860; x_wconf 84' lang='lat' dir='ltr'>la-</span> 
     </span>
     <span class='ocr_line' id='line_1_6' title="bbox 1094 890 2089 984; baseline 0.002 -23"><span class='ocrx_word' id='word_1_54' title='bbox 1094 893 1207 972; x_wconf 81' lang='lat' dir='ltr'>cient,</span> <span class='ocrx_word' id='word_1_55' title='bbox 1236 892 1390 982; x_wconf 90' lang='lat' dir='ltr'>primnm</span> <span class='ocrx_word' id='word_1_56' title='bbox 1416 890 1491 983; x_wconf 89' lang='lat' dir='ltr'>ipsa</span> <span class='ocrx_word' id='word_1_57' title='bbox 1510 891 1680 962; x_wconf 92' lang='lat' dir='ltr'>modestia</span> <span class='ocrx_word' id='word_1_58' title='bbox 1704 894 1945 984; x_wconf 90' lang='lat' dir='ltr'>impetrabunt</span> <span class='ocrx_word' id='word_1_59' title='bbox 1965 919 1985 962; x_wconf 94' lang='lat' dir='ltr'>a</span> <span class='ocrx_word' id='word_1_60' title='bbox 2011 891 2089 964; x_wconf 89' lang='lat' dir='ltr'>Deo</span> 
     </span>
     <span class='ocr_line' id='line_1_7' title="bbox 1094 992 2088 1085; baseline 0.003 -22"><span class='ocrx_word' id='word_1_61' title='bbox 1094 994 1352 1083; x_wconf 86' lang='lat' dir='ltr'>mitigationem</span> <span class='ocrx_word' id='word_1_62' title='bbox 1371 992 1594 1084; x_wconf 91' lang='lat' dir='ltr'>publicorum</span> <span class='ocrx_word' id='word_1_63' title='bbox 1613 1008 1647 1064; x_wconf 89' lang='lat' dir='ltr'>et</span> <span class='ocrx_word' id='word_1_64' title='bbox 1663 996 1882 1085; x_wconf 86' lang='lat' dir='ltr'>privatorum</span> <span class='ocrx_word' id='word_1_65' title='bbox 1902 997 2088 1067; x_wconf 85' lang='lat' dir='ltr'>malorum.</span> 
     </span>
     <span class='ocr_line' id='line_1_8' title="bbox 1068 1093 2090 1187; baseline -0.001 -21"><span class='ocrx_word' id='word_1_66' title='bbox 1068 1134 1072 1153; x_wconf 73' lang='grc' dir='ltr'><strong>ι</strong></span> <span class='ocrx_word' id='word_1_67' title='bbox 1094 1093 1221 1166; x_wconf 89' lang='lat' dir='ltr'>Postea</span> <span class='ocrx_word' id='word_1_68' title='bbox 1244 1111 1279 1166; x_wconf 90' lang='lat' dir='ltr'>et</span> <span class='ocrx_word' id='word_1_69' title='bbox 1296 1095 1480 1166; x_wconf 89' lang='lat' dir='ltr'>doctrinae</span> <span class='ocrx_word' id='word_1_70' title='bbox 1504 1096 1668 1184; x_wconf 76' lang='lat' dir='ltr'>cogitatio</span> <span class='ocrx_word' id='word_1_71' title='bbox 1693 1121 1733 1166; x_wconf 92' lang='lat' dir='ltr'>ac</span> <span class='ocrx_word' id='word_1_72' title='bbox 1754 1099 1908 1166; x_wconf 88' lang='lat' dir='ltr'>suavitas</span> <span class='ocrx_word' id='word_1_73' title='bbox 1932 1121 1994 1187; x_wconf 90' lang='lat' dir='ltr'>per</span> <span class='ocrx_word' id='word_1_74' title='bbox 2016 1121 2090 1166; x_wconf 85' lang='lat' dir='ltr'>sese</span> 
     </span>
     <span class='ocr_line' id='line_1_9' title="bbox 1094 1184 2090 1292; baseline -0.003 -23"><span class='ocrx_word' id='word_1_75' title='bbox 1094 1193 1324 1292; x_wconf 76' lang='grc' dir='ltr'><strong>μαλακτικὸν</strong></span> <span class='ocrx_word' id='word_1_76' title='bbox 1358 1197 1427 1267; x_wconf 92' lang='lat' dir='ltr'>erit</span> <span class='ocrx_word' id='word_1_77' title='bbox 1458 1199 1672 1270; x_wconf 80' lang='lat' dir='ltr'>moestitiae.</span> <span class='ocrx_word' id='word_1_78' title='bbox 1730 1184 1914 1269; x_wconf 84' lang='lat' dir='ltr'>Praeterea</span> <span class='ocrx_word' id='word_1_79' title='bbox 1948 1200 2090 1268; x_wconf 87' lang='lat' dir='ltr'>verissi-</span> 
     </span>
     <span class='ocr_line' id='line_1_10' title="bbox 1095 1293 2090 1396; baseline 0.003 -27"><span class='ocrx_word' id='word_1_80' title='bbox 1095 1324 1194 1370; x_wconf 93' lang='lat' dir='ltr'>mum</span> <span class='ocrx_word' id='word_1_81' title='bbox 1218 1315 1271 1373; x_wconf 89' lang='lat' dir='ltr'>est</span> <span class='ocrx_word' id='word_1_82' title='bbox 1292 1301 1382 1370; x_wconf 91' lang='lat' dir='ltr'>illud</span> <span class='ocrx_word' id='word_1_83' title='bbox 1404 1295 1664 1391; x_wconf 82' lang='lat' dir='ltr'>Sophocleum,</span> <span class='ocrx_word' id='word_1_84' title='bbox 1694 1293 1725 1371; x_wconf 81' lang='lat' dir='ltr'>ui</span> <span class='ocrx_word' id='word_1_85' title='bbox 1747 1307 1868 1396; x_wconf 77' lang='grc' dir='ltr'><em>μῶρε,</em></span> <span class='ocrx_word' id='word_1_86' title='bbox 1903 1297 2029 1393; x_wconf 74' lang='grc' dir='ltr'>θυμὸς</span> <span class='ocrx_word' id='word_1_87' title='bbox 2050 1302 2090 1372; x_wconf 73' lang='grc' dir='ltr'>ἐν</span> 
     </span>
     <span class='ocr_line' id='line_1_11' title="bbox 148 1397 2089 1501; baseline -0.002 -25"><span class='ocrx_word' id='word_1_88' title='bbox 148 1405 222 1478; x_wconf 91' lang='lat' dir='ltr'>Nec</span> <span class='ocrx_word' id='word_1_89' title='bbox 245 1407 314 1476; x_wconf 91' lang='lat' dir='ltr'>iam</span> <span class='ocrx_word' id='word_1_90' title='bbox 333 1408 499 1501; x_wconf 90' lang='lat' dir='ltr'>alloquor</span> <span class='ocrx_word' id='word_1_91' title='bbox 514 1406 709 1479; x_wconf 88' lang='lat' dir='ltr'>Democriti</span> <span class='ocrx_word' id='word_1_92' title='bbox 735 1421 797 1479; x_wconf 89' lang='lat' dir='ltr'>aut</span> <span class='ocrx_word' id='word_1_93' title='bbox 811 1402 957 1499; x_wconf 83' lang='lat' dir='ltr'>Epicuri</span> <span class='ocrx_word' id='word_1_94' title='bbox 979 1431 1043 1498; x_wconf 94' lang='lat' dir='ltr'>ap-</span> <span class='ocrx_word' id='word_1_95' title='bbox 1094 1397 1505 1497; x_wconf 73' lang='grc' dir='ltr'>κακοῖςούσύμφιρον.</span> <span class='ocrx_word' id='word_1_96' title='bbox 1548 1401 1664 1472; x_wconf 89' lang='lat' dir='ltr'>Multa</span> <span class='ocrx_word' id='word_1_97' title='bbox 1680 1419 1826 1494; x_wconf 91' lang='lat' dir='ltr'>peccant</span> <span class='ocrx_word' id='word_1_98' title='bbox 1840 1400 2002 1473; x_wconf 86' lang='lat' dir='ltr'>homines</span> <span class='ocrx_word' id='word_1_99' title='bbox 2018 1404 2089 1473; x_wconf 90' lang='lat' dir='ltr'>ira-</span> 
     </span>
     <span class='ocr_line' id='line_1_12' title="bbox 40 1504 2090 1606; baseline -0.004 -24"><span class='ocrx_word' id='word_1_100' title='bbox 40 1514 248 1606; x_wconf 83' lang='lat' dir='ltr'>plausores,</span> <span class='ocrx_word' id='word_1_101' title='bbox 269 1509 333 1603; x_wconf 86' lang='lat' dir='ltr'>qui</span> <span class='ocrx_word' id='word_1_102' title='bbox 349 1511 613 1602; x_wconf 88' lang='lat' dir='ltr'>providentiam</span> <span class='ocrx_word' id='word_1_103' title='bbox 629 1511 808 1582; x_wconf 81' lang='lat' dir='ltr'>derident:</span> <span class='ocrx_word' id='word_1_104' title='bbox 844 1534 950 1604; x_wconf 89' lang='lat' dir='ltr'>quos,</span> <span class='ocrx_word' id='word_1_105' title='bbox 977 1508 1041 1580; x_wconf 90' lang='lat' dir='ltr'>etsi</span> <span class='ocrx_word' id='word_1_106' title='bbox 1093 1508 1224 1577; x_wconf 90' lang='lat' dir='ltr'>cundia</span> <span class='ocrx_word' id='word_1_107' title='bbox 1240 1506 1277 1574; x_wconf 90' lang='lat' dir='ltr'>in</span> <span class='ocrx_word' id='word_1_108' title='bbox 1294 1505 1400 1575; x_wconf 90' lang='lat' dir='ltr'>rebus</span> <span class='ocrx_word' id='word_1_109' title='bbox 1417 1504 1588 1574; x_wconf 90' lang='lat' dir='ltr'>adversis:</span> <span class='ocrx_word' id='word_1_110' title='bbox 1616 1506 1680 1574; x_wconf 92' lang='lat' dir='ltr'>ubi</span> <span class='ocrx_word' id='word_1_111' title='bbox 1695 1507 1723 1573; x_wconf 92' lang='lat' dir='ltr'>si</span> <span class='ocrx_word' id='word_1_112' title='bbox 1739 1531 1811 1574; x_wconf 92' lang='lat' dir='ltr'>non</span> <span class='ocrx_word' id='word_1_113' title='bbox 1828 1506 2090 1576; x_wconf 90' lang='lat' dir='ltr'>tumultuaren-</span> 
     </span>
     <span class='ocr_line' id='line_1_13' title="bbox 40 1603 2091 1706; baseline -0.005 -19"><span class='ocrx_word' id='word_1_114' title='bbox 40 1628 126 1687; x_wconf 90' lang='lat' dir='ltr'>sunt</span> <span class='ocrx_word' id='word_1_115' title='bbox 145 1613 387 1702; x_wconf 88' lang='lat' dir='ltr'>impudentes,</span> <span class='ocrx_word' id='word_1_116' title='bbox 413 1625 532 1683; x_wconf 90' lang='lat' dir='ltr'>tamen</span> <span class='ocrx_word' id='word_1_117' title='bbox 553 1639 621 1683; x_wconf 84' lang='lat' dir='ltr'>vox</span> <span class='ocrx_word' id='word_1_118' title='bbox 639 1614 712 1706; x_wconf 92' lang='lat' dir='ltr'>ipsa</span> <span class='ocrx_word' id='word_1_119' title='bbox 730 1628 877 1686; x_wconf 90' lang='lat' dir='ltr'>naturae</span> <span class='ocrx_word' id='word_1_120' title='bbox 901 1616 1042 1696; x_wconf 83' lang='lat' dir='ltr'>refutat,</span> <span class='ocrx_word' id='word_1_121' title='bbox 1095 1620 1175 1690; x_wconf 91' lang='lat' dir='ltr'>tur,</span> <span class='ocrx_word' id='word_1_122' title='bbox 1199 1619 1236 1679; x_wconf 87' lang='lat' dir='ltr'>et</span> <span class='ocrx_word' id='word_1_123' title='bbox 1259 1603 1370 1677; x_wconf 91' lang='lat' dir='ltr'>aDeo</span> <span class='ocrx_word' id='word_1_124' title='bbox 1395 1620 1553 1697; x_wconf 88' lang='lat' dir='ltr'>peterent</span> <span class='ocrx_word' id='word_1_125' title='bbox 1576 1607 1843 1694; x_wconf 84' lang='lat' dir='ltr'>liberationem,</span> <span class='ocrx_word' id='word_1_126' title='bbox 1872 1604 2091 1698; x_wconf 82' lang='lat' dir='ltr'>catastrophe</span> 
     </span>
     <span class='ocr_line' id='line_1_14' title="bbox 41 1708 1518 1812; baseline -0.005 -27"><span class='ocrx_word' id='word_1_127' title='bbox 41 1740 136 1812; x_wconf 88' lang='lat' dir='ltr'>quae</span> <span class='ocrx_word' id='word_1_128' title='bbox 152 1715 309 1785; x_wconf 88' lang='lat' dir='ltr'>clamitat</span> <span class='ocrx_word' id='word_1_129' title='bbox 324 1737 397 1784; x_wconf 87' lang='lat' dir='ltr'>esse</span> <span class='ocrx_word' id='word_1_130' title='bbox 410 1712 538 1797; x_wconf 90' lang='lat' dir='ltr'>Deum,</span> <span class='ocrx_word' id='word_1_131' title='bbox 565 1731 720 1787; x_wconf 88' lang='lat' dir='ltr'>mentem</span> <span class='ocrx_word' id='word_1_132' title='bbox 735 1730 930 1802; x_wconf 89' lang='lat' dir='ltr'>aeternam,</span> <span class='ocrx_word' id='word_1_133' title='bbox 956 1740 1042 1786; x_wconf 91' lang='lat' dir='ltr'>con·</span> <span class='ocrx_word' id='word_1_134' title='bbox 1093 1712 1213 1783; x_wconf 85' lang='lat' dir='ltr'>sutura</span> <span class='ocrx_word' id='word_1_135' title='bbox 1229 1722 1320 1780; x_wconf 87' lang='lat' dir='ltr'>esset</span> <span class='ocrx_word' id='word_1_136' title='bbox 1332 1708 1518 1800; x_wconf 85' lang='lat' dir='ltr'>placidior.</span> 
     </span>
     <span class='ocr_line' id='line_1_15' title="bbox 41 1812 1059 1911; baseline -0.004 -20"><span class='ocrx_word' id='word_1_137' title='bbox 41 1820 206 1891; x_wconf 90' lang='lat' dir='ltr'>ditricem</span> <span class='ocrx_word' id='word_1_138' title='bbox 223 1833 258 1887; x_wconf 92' lang='lat' dir='ltr'>et</span> <span class='ocrx_word' id='word_1_139' title='bbox 274 1817 426 1887; x_wconf 89' lang='lat' dir='ltr'>iudicem</span> <span class='ocrx_word' id='word_1_140' title='bbox 444 1819 583 1909; x_wconf 89' lang='lat' dir='ltr'>generis</span> <span class='ocrx_word' id='word_1_141' title='bbox 597 1812 756 1889; x_wconf 89' lang='lat' dir='ltr'>humani.</span> <span class='ocrx_word' id='word_1_142' title='bbox 790 1818 859 1889; x_wconf 87' lang='lat' dir='ltr'>Sed</span> <span class='ocrx_word' id='word_1_143' title='bbox 875 1841 937 1887; x_wconf 91' lang='lat' dir='ltr'>vos</span> <span class='ocrx_word' id='word_1_144' title='bbox 951 1821 1059 1911; x_wconf 31' lang='lat' dir='ltr'>allo-¹</span> 
     </span>
     <span class='ocr_line' id='line_1_16' title="bbox 43 1917 1042 2017; baseline -0.001 -26"><span class='ocrx_word' id='word_1_145' title='bbox 43 1945 158 2017; x_wconf 90' lang='lat' dir='ltr'>quor,</span> <span class='ocrx_word' id='word_1_146' title='bbox 183 1920 245 2012; x_wconf 92' lang='lat' dir='ltr'>qni</span> <span class='ocrx_word' id='word_1_147' title='bbox 271 1919 363 1989; x_wconf 89' lang='lat' dir='ltr'>cives</span> <span class='ocrx_word' id='word_1_148' title='bbox 377 1923 460 1991; x_wconf 88' lang='lat' dir='ltr'>estis</span> <span class='ocrx_word' id='word_1_149' title='bbox 475 1917 654 1992; x_wconf 85' lang='lat' dir='ltr'>Ecclesiae</span> <span class='ocrx_word' id='word_1_150' title='bbox 670 1920 762 2006; x_wconf 90' lang='lat' dir='ltr'>Dei,</span> <span class='ocrx_word' id='word_1_151' title='bbox 788 1932 823 1990; x_wconf 90' lang='lat' dir='ltr'>et</span> <span class='ocrx_word' id='word_1_152' title='bbox 842 1923 1042 1991; x_wconf 87' lang='lat' dir='ltr'>doctrinam</span> 
     </span>
     <span class='ocr_line' id='line_1_17' title="bbox 47 2023 1042 2094; baseline -0.003 0"><span class='ocrx_word' id='word_1_153' title='bbox 47 2024 233 2094; x_wconf 87' lang='lat' dir='ltr'>coelestem</span> <span class='ocrx_word' id='word_1_154' title='bbox 253 2023 350 2092; x_wconf 89' lang='lat' dir='ltr'>scitis</span> <span class='ocrx_word' id='word_1_155' title='bbox 372 2025 641 2094; x_wconf 88' lang='lat' dir='ltr'>resuscitatione</span> <span class='ocrx_word' id='word_1_156' title='bbox 662 2038 887 2093; x_wconf 89' lang='lat' dir='ltr'>mortuorum</span> <span class='ocrx_word' id='word_1_157' title='bbox 912 2024 1042 2093; x_wconf 77' lang='lat' dir='ltr'>confir-</span> 
     </span>
    </p>
   </div>
   <div class='ocr_carea' id='block_1_4' title="bbox 1013 2062 2090 2159">
    <p class='ocr_par' dir='ltr' id='par_1_4' title="bbox 1013 2062 2090 2159">
     <span class='ocr_line' id='line_1_18' title="bbox 1013 2062 2090 2159; baseline -0.002 -23"><span class='ocrx_word' id='word_1_158' title='bbox 1013 2126 1022 2142; x_wconf 87' lang='lat'>.</span> <span class='ocrx_word' id='word_1_159' title='bbox 1095 2091 1197 2159; x_wconf 85' lang='lat' dir='ltr'>saepe</span> <span class='ocrx_word' id='word_1_160' title='bbox 1219 2065 1418 2150; x_wconf 89' lang='lat' dir='ltr'>recordari,</span> <span class='ocrx_word' id='word_1_161' title='bbox 1443 2065 1530 2133; x_wconf 91' lang='lat' dir='ltr'>utile</span> <span class='ocrx_word' id='word_1_162' title='bbox 1551 2078 1613 2138; x_wconf 89' lang='lat' dir='ltr'>est.</span> <span class='ocrx_word' id='word_1_163' title='bbox 1664 2062 1783 2133; x_wconf 88' lang='lat' dir='ltr'>Multa</span> <span class='ocrx_word' id='word_1_164' title='bbox 1806 2079 1941 2135; x_wconf 88' lang='lat' dir='ltr'>suntet</span> <span class='ocrx_word' id='word_1_165' title='bbox 1964 2091 2090 2156; x_wconf 86' lang='lat' dir='ltr'>magna</span> 
     </span>
    </p>
   </div>
   <div class='ocr_carea' id='block_1_5' title="bbox 43 2126 2090 2259">
    <p class='ocr_par' dir='ltr' id='par_1_5' title="bbox 43 2126 2090 2259">
     <span class='ocr_line' id='line_1_19' title="bbox 43 2126 2090 2259; baseline 0 -19"><span class='ocrx_word' id='word_1_166' title='bbox 43 2141 175 2197; x_wconf 61' lang='lat' dir='ltr'>mmm</span> <span class='ocrx_word' id='word_1_167' title='bbox 191 2146 275 2209; x_wconf 54' lang='lat' dir='ltr'>‘m’</span> <span class='ocrx_word' id='word_1_168' title='bbox 301 2148 447 2219; x_wconf 60' lang='lat' dir='ltr'>‘amque</span> <span class='ocrx_word' id='word_1_169' title='bbox 462 2126 613 2219; x_wconf 57' lang='lat' dir='ltr'>amplffl</span> <span class='ocrx_word' id='word_1_170' title='bbox 629 2139 723 2207; x_wconf 57' lang='lat' dir='ltr'>‘sm’</span> <span class='ocrx_word' id='word_1_171' title='bbox 740 2139 829 2196; x_wconf 69' lang='lat' dir='ltr'>m⁰l¹</span> <span class='ocrx_word' id='word_1_172' title='bbox 847 2150 928 2197; x_wconf 58' lang='lat'>‘⁰¹¹¹</span> <span class='ocrx_word' id='word_1_173' title='bbox 944 2139 1044 2245; x_wconf 49' lang='grc' dir='ltr'>ΜΓ</span> <span class='ocrx_word' id='word_1_174' title='bbox 1096 2170 1242 2252; x_wconf 89' lang='lat' dir='ltr'>delicta,</span> <span class='ocrx_word' id='word_1_175' title='bbox 1275 2165 1481 2259; x_wconf 90' lang='lat' dir='ltr'>praesertim</span> <span class='ocrx_word' id='word_1_176' title='bbox 1509 2165 1545 2234; x_wconf 91' lang='lat' dir='ltr'>in</span> <span class='ocrx_word' id='word_1_177' title='bbox 1571 2162 1635 2236; x_wconf 93' lang='lat' dir='ltr'>hac</span> <span class='ocrx_word' id='word_1_178' title='bbox 1658 2167 1769 2234; x_wconf 89' lang='lat' dir='ltr'>delira</span> <span class='ocrx_word' id='word_1_179' title='bbox 1792 2167 1918 2236; x_wconf 89' lang='lat' dir='ltr'>mundi</span> <span class='ocrx_word' id='word_1_180' title='bbox 1940 2184 2090 2242; x_wconf 83' lang='lat' dir='ltr'>senecta.</span> 
     </span>
    </p>
   </div>
   <div class='ocr_carea' id='block_1_6' title="bbox 42 2224 2169 2461">
    <p class='ocr_par' dir='ltr' id='par_1_6' title="bbox 42 2224 2169 2461">
     <span class='ocr_line' id='line_1_20' title="bbox 44 2224 2089 2360; baseline -0 -20"><span class='ocrx_word' id='word_1_181' title='bbox 44 2252 177 2297; x_wconf 73' lang='lat'>¹¹¹⁰¹¹¹¹⁸</span> <span class='ocrx_word' id='word_1_182' title='bbox 201 2227 274 2297; x_wconf 64' lang='lat'>&#39;¹1¹⁸</span> <span class='ocrx_word' id='word_1_183' title='bbox 297 2228 470 2346; x_wconf 54' lang='lat' dir='ltr'>divinitus</span> <span class='ocrx_word' id='word_1_184' title='bbox 496 2224 670 2347; x_wconf 62' lang='lat' dir='ltr'>,⁰¹h¹h¹l¹.⁵</span> <span class='ocrx_word' id='word_1_185' title='bbox 680 2282 691 2313; x_wconf 87' lang='lat'>’</span> <span class='ocrx_word' id='word_1_186' title='bbox 722 2240 800 2298; x_wconf 63' lang='lat' dir='ltr'>lum</span> <span class='ocrx_word' id='word_1_187' title='bbox 821 2252 906 2345; x_wconf 47' lang='lat' dir='ltr'>vim</span> <span class='ocrx_word' id='word_1_188' title='bbox 935 2241 1042 2298; x_wconf 61' lang='lat' dir='ltr'>emm</span> <span class='ocrx_word' id='word_1_189' title='bbox 1100 2270 1182 2341; x_wconf 88' lang='lat' dir='ltr'>ldeo</span> <span class='ocrx_word' id='word_1_190' title='bbox 1198 2282 1359 2341; x_wconf 86' lang='lat' dir='ltr'>crescunt</span> <span class='ocrx_word' id='word_1_191' title='bbox 1376 2290 1527 2359; x_wconf 90' lang='lat' dir='ltr'>poenae,</span> <span class='ocrx_word' id='word_1_192' title='bbox 1554 2282 1594 2338; x_wconf 92' lang='lat' dir='ltr'>ut</span> <span class='ocrx_word' id='word_1_193' title='bbox 1610 2268 1702 2337; x_wconf 85' lang='lat' dir='ltr'>lilius</span> <span class='ocrx_word' id='word_1_194' title='bbox 1717 2266 1785 2339; x_wconf 87' lang='lat' dir='ltr'>Dei</span> <span class='ocrx_word' id='word_1_195' title='bbox 1808 2268 1882 2360; x_wconf 90' lang='lat' dir='ltr'>ipse</span> <span class='ocrx_word' id='word_1_196' title='bbox 1900 2270 2089 2359; x_wconf 87' lang='lat' dir='ltr'>praedixit:</span> 
     </span>
     <span class='ocr_line' id='line_1_21' title="bbox 42 2330 2169 2461; baseline -0.002 -63"><span class='ocrx_word' id='word_1_197' title='bbox 42 2330 122 2401; x_wconf 91' lang='lat' dir='ltr'>luce</span> <span class='ocrx_word' id='word_1_198' title='bbox 139 2352 284 2399; x_wconf 89' lang='lat' dir='ltr'>accensa</span> <span class='ocrx_word' id='word_1_199' title='bbox 302 2330 477 2417; x_wconf 81' lang='lat' dir='ltr'>divuutus</span> <span class='ocrx_word' id='word_1_200' title='bbox 494 2355 532 2397; x_wconf 88' lang='lat' dir='ltr'>sn</span> <span class='ocrx_word' id='word_1_201' title='bbox 551 2333 730 2401; x_wconf 81' lang='lat' dir='ltr'>ruentibus</span> <span class='ocrx_word' id='word_1_202' title='bbox 747 2343 883 2404; x_wconf 75' lang='lat' dir='ltr'>vestris.</span> <span class='ocrx_word' id='word_1_203' title='bbox 1098 2371 1141 2443; x_wconf 52' lang='grc' dir='ltr'>ΙΙΙ</span> <span class='ocrx_word' id='word_1_204' title='bbox 1162 2368 1229 2442; x_wconf 62' lang='lat' dir='ltr'>hae</span> <span class='ocrx_word' id='word_1_205' title='bbox 1244 2372 1371 2442; x_wconf 66' lang='lat' dir='ltr'>mundi</span> <span class='ocrx_word' id='word_1_206' title='bbox 1391 2384 1528 2441; x_wconf 53' lang='lat' dir='ltr'><strong>senecta</strong></span> <span class='ocrx_word' id='word_1_207' title='bbox 1550 2371 1702 2440; x_wconf 56' lang='lat' dir='ltr'>maiores</span> <span class='ocrx_word' id='word_1_208' title='bbox 1724 2370 1954 2461; x_wconf 55' lang='lat' dir='ltr'>imperiorum</span> <span class='ocrx_word' id='word_1_209' title='bbox 1972 2384 2005 2440; x_wconf 56' lang='lat' dir='ltr'>et</span> <span class='ocrx_word' id='word_1_210' title='bbox 2021 2369 2091 2442; x_wconf 50' lang='lat' dir='ltr'>Ec·</span> <span class='ocrx_word' id='word_1_211' title='bbox 2165 2382 2169 2394; x_wconf 90' lang='lat'>.</span> 
     </span>
    </p>
   </div>
   <div class='ocr_carea' id='block_1_7' title="bbox 43 2470 2189 2676">
    <p class='ocr_par' dir='ltr' id='par_1_7' title="bbox 43 2470 2189 2676">
     <span class='ocr_line' id='line_1_22' title="bbox 147 2470 2189 2571; baseline -0.001 -26"><span class='ocrx_word' id='word_1_212' title='bbox 147 2476 221 2545; x_wconf 85' lang='lat' dir='ltr'>Nec</span> <span class='ocrx_word' id='word_1_213' title='bbox 245 2496 331 2541; x_wconf 88' lang='lat' dir='ltr'>vero</span> <span class='ocrx_word' id='word_1_214' title='bbox 362 2474 456 2542; x_wconf 90' lang='lat' dir='ltr'>inter</span> <span class='ocrx_word' id='word_1_215' title='bbox 479 2470 658 2545; x_wconf 83' lang='lat' dir='ltr'>Ecclesiae</span> <span class='ocrx_word' id='word_1_216' title='bbox 687 2476 800 2558; x_wconf 90' lang='lat' dir='ltr'>cives,</span> <span class='ocrx_word' id='word_1_217' title='bbox 833 2476 1043 2571; x_wconf 90' lang='lat' dir='ltr'>cuiusquam</span> <span class='ocrx_word' id='word_1_218' title='bbox 1095 2477 1221 2546; x_wconf 89' lang='lat' dir='ltr'>clesiae</span> <span class='ocrx_word' id='word_1_219' title='bbox 1238 2474 1463 2543; x_wconf 82' lang='lat' dir='ltr'>contusiones</span> <span class='ocrx_word' id='word_1_220' title='bbox 1477 2474 1613 2542; x_wconf 84' lang='lat' dir='ltr'>futuras</span> <span class='ocrx_word' id='word_1_221' title='bbox 1629 2496 1721 2557; x_wconf 87' lang='lat' dir='ltr'>esse,</span> <span class='ocrx_word' id='word_1_222' title='bbox 1743 2497 1849 2566; x_wconf 90' lang='lat' dir='ltr'>quam</span> <span class='ocrx_word' id='word_1_223' title='bbox 1866 2474 2012 2543; x_wconf 83' lang='lat' dir='ltr'>inerunt</span> <span class='ocrx_word' id='word_1_224' title='bbox 2025 2496 2091 2542; x_wconf 88' lang='lat' dir='ltr'>an·</span> <span class='ocrx_word' id='word_1_225' title='bbox 2185 2524 2189 2535; x_wconf 80' lang='grc'><strong>.</strong></span> 
     </span>
     <span class='ocr_line' id='line_1_23' title="bbox 43 2568 2091 2676; baseline -0 -27"><span class='ocrx_word' id='word_1_226' title='bbox 43 2584 127 2676; x_wconf 90' lang='lat' dir='ltr'>plus</span> <span class='ocrx_word' id='word_1_227' title='bbox 143 2576 259 2642; x_wconf 89' lang='lat' dir='ltr'>valere</span> <span class='ocrx_word' id='word_1_228' title='bbox 276 2573 390 2642; x_wconf 89' lang='lat' dir='ltr'>oratio</span> <span class='ocrx_word' id='word_1_229' title='bbox 407 2575 522 2663; x_wconf 77' lang='lat' dir='ltr'>debet,</span> <span class='ocrx_word' id='word_1_230' title='bbox 537 2600 643 2670; x_wconf 90' lang='lat' dir='ltr'>qnam</span> <span class='ocrx_word' id='word_1_231' title='bbox 659 2578 734 2647; x_wconf 92' lang='lat' dir='ltr'>eius</span> <span class='ocrx_word' id='word_1_232' title='bbox 749 2579 912 2665; x_wconf 90' lang='lat' dir='ltr'>oratoris,</span> <span class='ocrx_word' id='word_1_233' title='bbox 938 2603 1042 2672; x_wconf 90' lang='lat' dir='ltr'>quem</span> <span class='ocrx_word' id='word_1_234' title='bbox 1096 2592 1163 2652; x_wconf 92' lang='lat' dir='ltr'>tea.</span> <span class='ocrx_word' id='word_1_235' title='bbox 1196 2574 1243 2647; x_wconf 85' lang='lat' dir='ltr'>Et</span> <span class='ocrx_word' id='word_1_236' title='bbox 1258 2575 1521 2647; x_wconf 89' lang='lat' dir='ltr'>denunciantur</span> <span class='ocrx_word' id='word_1_237' title='bbox 1535 2568 1622 2644; x_wconf 88' lang='lat' dir='ltr'>haec</span> <span class='ocrx_word' id='word_1_238' title='bbox 1636 2576 1729 2644; x_wconf 90' lang='lat' dir='ltr'>mala</span> <span class='ocrx_word' id='word_1_239' title='bbox 1746 2576 1956 2645; x_wconf 89' lang='lat' dir='ltr'>coelestibus</span> <span class='ocrx_word' id='word_1_240' title='bbox 1971 2576 2091 2665; x_wconf 88' lang='lat' dir='ltr'>signis.</span> 
     </span>
    </p>
   </div>
   <div class='ocr_carea' id='block_1_8' title="bbox 45 2672 2092 2774">
    <p class='ocr_par' dir='ltr' id='par_1_8' title="bbox 45 2672 2092 2774">
     <span class='ocr_line' id='line_1_24' title="bbox 45 2672 2092 2774; baseline -0.001 -23"><span class='ocrx_word' id='word_1_241' title='bbox 45 2677 212 2751; x_wconf 92' lang='lat' dir='ltr'>conditor</span> <span class='ocrx_word' id='word_1_242' title='bbox 227 2676 412 2745; x_wconf 88' lang='lat' dir='ltr'>universae</span> <span class='ocrx_word' id='word_1_243' title='bbox 429 2690 574 2747; x_wconf 89' lang='lat' dir='ltr'>naturae</span> <span class='ocrx_word' id='word_1_244' title='bbox 590 2680 634 2747; x_wconf 89' lang='lat' dir='ltr'>ad</span> <span class='ocrx_word' id='word_1_245' title='bbox 651 2702 717 2748; x_wconf 89' lang='lat' dir='ltr'>nos</span> <span class='ocrx_word' id='word_1_246' title='bbox 731 2680 838 2764; x_wconf 91' lang='lat' dir='ltr'>misit,</span> <span class='ocrx_word' id='word_1_247' title='bbox 861 2681 1043 2774; x_wconf 88' lang='lat' dir='ltr'>inquiens:</span> <span class='ocrx_word' id='word_1_248' title='bbox 1097 2677 1247 2749; x_wconf 84' lang='lat' dir='ltr'>Vidistis</span> <span class='ocrx_word' id='word_1_249' title='bbox 1268 2703 1391 2748; x_wconf 89' lang='lat' dir='ltr'>recens</span> <span class='ocrx_word' id='word_1_250' title='bbox 1415 2672 1631 2747; x_wconf 89' lang='lat' dir='ltr'>horrendam</span> <span class='ocrx_word' id='word_1_251' title='bbox 1653 2676 1748 2748; x_wconf 90' lang='lat' dir='ltr'>Solis</span> <span class='ocrx_word' id='word_1_252' title='bbox 1769 2677 1935 2769; x_wconf 84' lang='lat' dir='ltr'>eclipsin,</span> <span class='ocrx_word' id='word_1_253' title='bbox 1965 2679 2092 2771; x_wconf 90' lang='lat' dir='ltr'>inqua</span> 
     </span>
    </p>
   </div>
   <div class='ocr_carea' id='block_1_9' title="bbox 37 839 1043 1353">
    <p class='ocr_par' dir='ltr' id='par_1_9' title="bbox 37 839 1043 1353">
     <span class='ocr_line' id='line_1_25' title="bbox 147 839 1043 942; baseline -0.002 -23"><span class='ocrx_word' id='word_1_254' title='bbox 147 847 271 919; x_wconf 87' lang='lat' dir='ltr'>Dicam</span> <span class='ocrx_word' id='word_1_255' title='bbox 289 847 416 937; x_wconf 90' lang='lat' dir='ltr'>igitur,</span> <span class='ocrx_word' id='word_1_256' title='bbox 443 871 553 942; x_wconf 90' lang='lat' dir='ltr'>quare</span> <span class='ocrx_word' id='word_1_257' title='bbox 566 871 640 918; x_wconf 92' lang='lat' dir='ltr'>non</span> <span class='ocrx_word' id='word_1_258' title='bbox 656 845 849 916; x_wconf 85' lang='lat' dir='ltr'>deserenda</span> <span class='ocrx_word' id='word_1_259' title='bbox 863 844 935 914; x_wconf 90' lang='lat' dir='ltr'>sint</span> <span class='ocrx_word' id='word_1_260' title='bbox 956 839 1043 917; x_wconf 89' lang='lat' dir='ltr'>haec</span> 
     </span>
     <span class='ocr_line' id='line_1_26' title="bbox 41 948 1043 1035; baseline -0.002 -14"><span class='ocrx_word' id='word_1_261' title='bbox 41 952 231 1021; x_wconf 88' lang='lat' dir='ltr'>literarum</span> <span class='ocrx_word' id='word_1_262' title='bbox 255 949 388 1035; x_wconf 85' lang='lat' dir='ltr'>studia,</span> <span class='ocrx_word' id='word_1_263' title='bbox 415 953 553 1021; x_wconf 88' lang='lat' dir='ltr'>etiarnsi</span> <span class='ocrx_word' id='word_1_264' title='bbox 576 974 673 1019; x_wconf 91' lang='lat' dir='ltr'>nunc</span> <span class='ocrx_word' id='word_1_265' title='bbox 694 949 732 1018; x_wconf 93' lang='lat' dir='ltr'>in</span> <span class='ocrx_word' id='word_1_266' title='bbox 750 950 816 1019; x_wconf 89' lang='lat' dir='ltr'>ista</span> <span class='ocrx_word' id='word_1_267' title='bbox 834 948 1043 1020; x_wconf 82' lang='lat' dir='ltr'>confusione</span> 
     </span>
     <span class='ocr_line' id='line_1_27' title="bbox 41 1048 1043 1137; baseline -0.006 -10"><span class='ocrx_word' id='word_1_268' title='bbox 41 1054 144 1127; x_wconf 87' lang='lat' dir='ltr'>orbis</span> <span class='ocrx_word' id='word_1_269' title='bbox 161 1067 346 1136; x_wconf 89' lang='lat' dir='ltr'>terrarum,</span> <span class='ocrx_word' id='word_1_270' title='bbox 363 1077 438 1122; x_wconf 91' lang='lat' dir='ltr'>non</span> <span class='ocrx_word' id='word_1_271' title='bbox 453 1053 568 1122; x_wconf 91' lang='lat' dir='ltr'>solum</span> <span class='ocrx_word' id='word_1_272' title='bbox 586 1048 701 1122; x_wconf 88' lang='lat' dir='ltr'>honos</span> <span class='ocrx_word' id='word_1_273' title='bbox 716 1053 837 1121; x_wconf 90' lang='lat' dir='ltr'>nullus</span> <span class='ocrx_word' id='word_1_274' title='bbox 854 1063 905 1119; x_wconf 89' lang='lat' dir='ltr'>cst</span> <span class='ocrx_word' id='word_1_275' title='bbox 919 1051 1043 1137; x_wconf 89' lang='lat' dir='ltr'>literis,</span> 
     </span>
     <span class='ocr_line' id='line_1_28' title="bbox 39 1152 1043 1248; baseline -0.001 -22"><span class='ocrx_word' id='word_1_276' title='bbox 39 1158 104 1227; x_wconf 89' lang='lat' dir='ltr'>sed</span> <span class='ocrx_word' id='word_1_277' title='bbox 139 1156 245 1224; x_wconf 91' lang='lat' dir='ltr'>etiam</span> <span class='ocrx_word' id='word_1_278' title='bbox 273 1154 354 1224; x_wconf 88' lang='lat' dir='ltr'>odia</span> <span class='ocrx_word' id='word_1_279' title='bbox 389 1168 423 1225; x_wconf 90' lang='lat' dir='ltr'>et</span> <span class='ocrx_word' id='word_1_280' title='bbox 445 1154 605 1245; x_wconf 87' lang='lat' dir='ltr'>ingentia</span> <span class='ocrx_word' id='word_1_281' title='bbox 638 1154 795 1248; x_wconf 86' lang='lat' dir='ltr'>pericula</span> <span class='ocrx_word' id='word_1_282' title='bbox 825 1152 1043 1225; x_wconf 82' lang='lat' dir='ltr'>discentibus</span> 
     </span>
     <span class='ocr_line' id='line_1_29' title="bbox 37 1258 342 1353; baseline 0.003 -25"><span class='ocrx_word' id='word_1_283' title='bbox 37 1258 228 1353; x_wconf 90' lang='lat' dir='ltr'>proposita</span> <span class='ocrx_word' id='word_1_284' title='bbox 246 1270 342 1329; x_wconf 88' lang='lat' dir='ltr'>sunt.</span> 
     </span>
    </p>
   </div>
   <div class='ocr_carea' id='block_1_10' title="bbox 1094 1856 2092 2055">
    <p class='ocr_par' dir='ltr' id='par_1_10' title="bbox 1094 1856 2092 2055">
     <span class='ocr_line' id='line_1_30' title="bbox 1197 1856 2091 1940; baseline 0.001 -11"><span class='ocrx_word' id='word_1_285' title='bbox 1197 1858 1334 1931; x_wconf 88' lang='lat' dir='ltr'>Multae</span> <span class='ocrx_word' id='word_1_286' title='bbox 1349 1874 1432 1931; x_wconf 92' lang='lat' dir='ltr'>sunt</span> <span class='ocrx_word' id='word_1_287' title='bbox 1450 1882 1585 1940; x_wconf 88' lang='lat' dir='ltr'>causae,</span> <span class='ocrx_word' id='word_1_288' title='bbox 1601 1858 1769 1931; x_wconf 88' lang='lat' dir='ltr'>curDeus</span> <span class='ocrx_word' id='word_1_289' title='bbox 1780 1856 1972 1928; x_wconf 75' lang='lat' dir='ltr'>Ecclesiam</span> <span class='ocrx_word' id='word_1_290' title='bbox 1989 1885 2091 1930; x_wconf 89' lang='lat' dir='ltr'>aern-</span> 
     </span>
     <span class='ocr_line' id='line_1_31' title="bbox 1094 1962 2092 2055; baseline -0.001 -21"><span class='ocrx_word' id='word_1_291' title='bbox 1094 1965 1189 2034; x_wconf 92' lang='lat' dir='ltr'>mnis</span> <span class='ocrx_word' id='word_1_292' title='bbox 1211 1962 1414 2053; x_wconf 83' lang='lat' dir='ltr'>ingentibus</span> <span class='ocrx_word' id='word_1_293' title='bbox 1438 1964 1611 2033; x_wconf 88' lang='lat' dir='ltr'>onerarit:</span> <span class='ocrx_word' id='word_1_294' title='bbox 1646 1986 1734 2055; x_wconf 88' lang='lat' dir='ltr'>quas</span> <span class='ocrx_word' id='word_1_295' title='bbox 1758 1985 1878 2031; x_wconf 90' lang='lat' dir='ltr'>causas</span> <span class='ocrx_word' id='word_1_296' title='bbox 1904 1987 2022 2050; x_wconf 88' lang='lat' dir='ltr'>nosse,</span> <span class='ocrx_word' id='word_1_297' title='bbox 2058 1977 2092 2033; x_wconf 93' lang='lat' dir='ltr'>et</span> 
     </span>
    </p>
   </div>
   <div class='ocr_carea' id='block_1_11' title="bbox 43 2773 2091 2976">
    <p class='ocr_par' dir='ltr' id='par_1_11' title="bbox 43 2773 2091 2976">
     <span class='ocr_line' id='line_1_32' title="bbox 43 2773 2091 2871; baseline -0.001 -21"><span class='ocrx_word' id='word_1_298' title='bbox 43 2779 117 2850; x_wconf 89' lang='lat' dir='ltr'>llic</span> <span class='ocrx_word' id='word_1_299' title='bbox 133 2791 184 2848; x_wconf 91' lang='lat' dir='ltr'>est</span> <span class='ocrx_word' id='word_1_300' title='bbox 200 2776 293 2845; x_wconf 88' lang='lat' dir='ltr'>filius</span> <span class='ocrx_word' id='word_1_301' title='bbox 306 2800 404 2846; x_wconf 90' lang='lat' dir='ltr'>meus</span> <span class='ocrx_word' id='word_1_302' title='bbox 419 2779 587 2871; x_wconf 82' lang='lat' dir='ltr'>dilectus,</span> <span class='ocrx_word' id='word_1_303' title='bbox 612 2773 710 2850; x_wconf 90' lang='lat' dir='ltr'>hunc</span> <span class='ocrx_word' id='word_1_304' title='bbox 724 2782 859 2854; x_wconf 88' lang='lat' dir='ltr'>audite.</span> <span class='ocrx_word' id='word_1_305' title='bbox 909 2780 1043 2852; x_wconf 87' lang='lat' dir='ltr'>Memi-</span> <span class='ocrx_word' id='word_1_306' title='bbox 1096 2781 1207 2852; x_wconf 89' lang='lat' dir='ltr'>iuncti</span> <span class='ocrx_word' id='word_1_307' title='bbox 1226 2781 1263 2849; x_wconf 92' lang='lat' dir='ltr'>in</span> <span class='ocrx_word' id='word_1_308' title='bbox 1285 2780 1440 2850; x_wconf 87' lang='lat' dir='ltr'>tenebris</span> <span class='ocrx_word' id='word_1_309' title='bbox 1459 2779 1545 2864; x_wconf 92' lang='lat' dir='ltr'>Sol,</span> <span class='ocrx_word' id='word_1_310' title='bbox 1570 2776 1689 2860; x_wconf 87' lang='lat' dir='ltr'>Mars,</span> <span class='ocrx_word' id='word_1_311' title='bbox 1717 2777 1861 2864; x_wconf 90' lang='lat' dir='ltr'>Venus,</span> <span class='ocrx_word' id='word_1_312' title='bbox 1887 2776 2091 2850; x_wconf 84' lang='lat' dir='ltr'>Mercurius</span> 
     </span>
     <span class='ocr_line' id='line_1_33' title="bbox 45 2871 2090 2976; baseline -0 -26"><span class='ocrx_word' id='word_1_313' title='bbox 45 2880 149 2950; x_wconf 89' lang='lat' dir='ltr'>nistis</span> <span class='ocrx_word' id='word_1_314' title='bbox 168 2893 284 2949; x_wconf 90' lang='lat' dir='ltr'>autem</span> <span class='ocrx_word' id='word_1_315' title='bbox 312 2871 404 2947; x_wconf 88' lang='lat' dir='ltr'>hanc</span> <span class='ocrx_word' id='word_1_316' title='bbox 422 2879 498 2948; x_wconf 91' lang='lat' dir='ltr'>eins</span> <span class='ocrx_word' id='word_1_317' title='bbox 514 2879 737 2950; x_wconf 90' lang='lat' dir='ltr'>concionem:</span> <span class='ocrx_word' id='word_1_318' title='bbox 772 2881 813 2954; x_wconf 92' lang='lat' dir='ltr'>Si</span> <span class='ocrx_word' id='word_1_319' title='bbox 829 2881 909 2976; x_wconf 86' lang='lat' dir='ltr'>quis</span> <span class='ocrx_word' id='word_1_320' title='bbox 926 2884 1044 2972; x_wconf 85' lang='lat' dir='ltr'>diligit</span> <span class='ocrx_word' id='word_1_321' title='bbox 1096 2896 1130 2952; x_wconf 89' lang='lat' dir='ltr'>ct</span> <span class='ocrx_word' id='word_1_322' title='bbox 1152 2881 1277 2967; x_wconf 92' lang='lat' dir='ltr'>Luna,</span> <span class='ocrx_word' id='word_1_323' title='bbox 1307 2905 1414 2974; x_wconf 91' lang='lat' dir='ltr'>quam</span> <span class='ocrx_word' id='word_1_324' title='bbox 1437 2880 1513 2950; x_wconf 88' lang='lat' dir='ltr'>dira</span> <span class='ocrx_word' id='word_1_325' title='bbox 1539 2904 1675 2950; x_wconf 88' lang='lat' dir='ltr'>venena</span> <span class='ocrx_word' id='word_1_326' title='bbox 1701 2881 1739 2948; x_wconf 93' lang='lat' dir='ltr'>in</span> <span class='ocrx_word' id='word_1_327' title='bbox 1762 2874 1855 2950; x_wconf 90' lang='lat' dir='ltr'>hanc</span> <span class='ocrx_word' id='word_1_328' title='bbox 1884 2881 2090 2951; x_wconf 82' lang='lat' dir='ltr'>inferiorem</span> 
     </span>
    </p>
   </div>
   <div class='ocr_carea' id='block_1_12' title="bbox 41 2976 2092 5215">
    <p class='ocr_par' dir='ltr' id='par_1_12' title="bbox 41 2976 2092 4810">
     <span class='ocr_line' id='line_1_34' title="bbox 41 2976 2092 3073; baseline 0 -21"><span class='ocrx_word' id='word_1_329' title='bbox 41 3007 112 3067; x_wconf 89' lang='lat' dir='ltr'>me,</span> <span class='ocrx_word' id='word_1_330' title='bbox 138 3003 335 3050; x_wconf 87' lang='lat' dir='ltr'>sermonem</span> <span class='ocrx_word' id='word_1_331' title='bbox 349 3004 469 3050; x_wconf 88' lang='lat' dir='ltr'>meum</span> <span class='ocrx_word' id='word_1_332' title='bbox 486 2983 659 3066; x_wconf 88' lang='lat' dir='ltr'>servabit,</span> <span class='ocrx_word' id='word_1_333' title='bbox 685 2997 719 3052; x_wconf 92' lang='lat' dir='ltr'>et</span> <span class='ocrx_word' id='word_1_334' title='bbox 733 2998 833 3073; x_wconf 87' lang='lat' dir='ltr'>pater</span> <span class='ocrx_word' id='word_1_335' title='bbox 847 3009 944 3055; x_wconf 89' lang='lat' dir='ltr'>meus</span> <span class='ocrx_word' id='word_1_336' title='bbox 959 2988 1044 3055; x_wconf 89' lang='lat' dir='ltr'>dili·</span> <span class='ocrx_word' id='word_1_337' title='bbox 1096 2999 1259 3053; x_wconf 90' lang='lat' dir='ltr'>naturam</span> <span class='ocrx_word' id='word_1_338' title='bbox 1283 2986 1513 3073; x_wconf 86' lang='lat' dir='ltr'>sparserunt?</span> <span class='ocrx_word' id='word_1_339' title='bbox 1567 2980 1641 3051; x_wconf 91' lang='lat' dir='ltr'>lam</span> <span class='ocrx_word' id='word_1_340' title='bbox 1667 2976 1863 3052; x_wconf 87' lang='lat' dir='ltr'>hisdiebus</span> <span class='ocrx_word' id='word_1_341' title='bbox 1885 3007 2092 3073; x_wconf 89' lang='lat' dir='ltr'>congressus</span> 
     </span>
     <span class='ocr_line' id='line_1_35' title="bbox 44 3080 2092 3178; baseline 0.001 -25"><span class='ocrx_word' id='word_1_342' title='bbox 44 3100 103 3176; x_wconf 87' lang='lat' dir='ltr'>get</span> <span class='ocrx_word' id='word_1_343' title='bbox 120 3107 215 3166; x_wconf 93' lang='lat' dir='ltr'>eum,</span> <span class='ocrx_word' id='word_1_344' title='bbox 232 3094 266 3150; x_wconf 90' lang='lat' dir='ltr'>et</span> <span class='ocrx_word' id='word_1_345' title='bbox 284 3080 468 3151; x_wconf 88' lang='lat' dir='ltr'>veniemus</span> <span class='ocrx_word' id='word_1_346' title='bbox 482 3085 527 3151; x_wconf 92' lang='lat' dir='ltr'>ad</span> <span class='ocrx_word' id='word_1_347' title='bbox 543 3108 639 3167; x_wconf 88' lang='lat' dir='ltr'>eum,</span> <span class='ocrx_word' id='word_1_348' title='bbox 662 3097 696 3153; x_wconf 91' lang='lat' dir='ltr'>et</span> <span class='ocrx_word' id='word_1_349' title='bbox 711 3085 932 3153; x_wconf 89' lang='lat' dir='ltr'>mansionem</span> <span class='ocrx_word' id='word_1_350' title='bbox 947 3089 1043 3178; x_wconf 89' lang='lat' dir='ltr'>apud</span> <span class='ocrx_word' id='word_1_351' title='bbox 1096 3086 1162 3154; x_wconf 89' lang='lat' dir='ltr'>erit</span> <span class='ocrx_word' id='word_1_352' title='bbox 1178 3084 1325 3156; x_wconf 88' lang='lat' dir='ltr'>Saturni</span> <span class='ocrx_word' id='word_1_353' title='bbox 1341 3099 1375 3154; x_wconf 91' lang='lat' dir='ltr'>et</span> <span class='ocrx_word' id='word_1_354' title='bbox 1391 3082 1519 3152; x_wconf 90' lang='lat' dir='ltr'>Martis</span> <span class='ocrx_word' id='word_1_355' title='bbox 1542 3083 1581 3151; x_wconf 91' lang='lat' dir='ltr'>in</span> <span class='ocrx_word' id='word_1_356' title='bbox 1598 3098 1821 3173; x_wconf 87' lang='lat' dir='ltr'>aegocerote,</span> <span class='ocrx_word' id='word_1_357' title='bbox 1847 3085 1885 3152; x_wconf 89' lang='lat' dir='ltr'>in</span> <span class='ocrx_word' id='word_1_358' title='bbox 1902 3111 1972 3178; x_wconf 94' lang='lat' dir='ltr'>qno</span> <span class='ocrx_word' id='word_1_359' title='bbox 1990 3111 2092 3177; x_wconf 90' lang='lat' dir='ltr'>prae-</span> 
     </span>
     <span class='ocr_line' id='line_1_36' title="bbox 45 3181 2091 3278; baseline -0 -22"><span class='ocrx_word' id='word_1_360' title='bbox 45 3186 323 3273; x_wconf 88' lang='lat' dir='ltr'>eumlaciemus.</span> <span class='ocrx_word' id='word_1_361' title='bbox 367 3181 435 3252; x_wconf 85' lang='lat' dir='ltr'>llic</span> <span class='ocrx_word' id='word_1_362' title='bbox 451 3184 621 3277; x_wconf 90' lang='lat' dir='ltr'>praecipit</span> <span class='ocrx_word' id='word_1_363' title='bbox 636 3209 834 3255; x_wconf 86' lang='lat' dir='ltr'>sermonem</span> <span class='ocrx_word' id='word_1_364' title='bbox 850 3209 954 3256; x_wconf 90' lang='lat' dir='ltr'>snum</span> <span class='ocrx_word' id='word_1_365' title='bbox 970 3213 1044 3258; x_wconf 89' lang='lat' dir='ltr'>ser·</span> <span class='ocrx_word' id='word_1_366' title='bbox 1095 3183 1198 3278; x_wconf 92' lang='lat' dir='ltr'>cipua</span> <span class='ocrx_word' id='word_1_367' title='bbox 1216 3198 1268 3254; x_wconf 89' lang='lat' dir='ltr'>est</span> <span class='ocrx_word' id='word_1_368' title='bbox 1283 3184 1428 3256; x_wconf 87' lang='lat' dir='ltr'>saevitia</span> <span class='ocrx_word' id='word_1_369' title='bbox 1445 3185 1630 3277; x_wconf 88' lang='lat' dir='ltr'>utriusque</span> <span class='ocrx_word' id='word_1_370' title='bbox 1649 3186 1779 3255; x_wconf 88' lang='lat' dir='ltr'>stellae.</span> <span class='ocrx_word' id='word_1_371' title='bbox 1829 3183 2091 3277; x_wconf 79' lang='lat' dir='ltr'>Etipseaego-</span> 
     </span>
     <span class='ocr_line' id='line_1_37' title="bbox 44 3285 2091 3380; baseline -0.001 -20"><span class='ocrx_word' id='word_1_372' title='bbox 44 3289 134 3373; x_wconf 82' lang='lat' dir='ltr'>vari,</span> <span class='ocrx_word' id='word_1_373' title='bbox 159 3288 286 3371; x_wconf 89' lang='lat' dir='ltr'>idest,</span> <span class='ocrx_word' id='word_1_374' title='bbox 313 3297 352 3355; x_wconf 90' lang='lat' dir='ltr'>ut</span> <span class='ocrx_word' id='word_1_375' title='bbox 367 3287 529 3356; x_wconf 84' lang='lat' dir='ltr'>custodes</span> <span class='ocrx_word' id='word_1_376' title='bbox 548 3287 730 3358; x_wconf 91' lang='lat' dir='ltr'>doctrinae</span> <span class='ocrx_word' id='word_1_377' title='bbox 747 3288 870 3374; x_wconf 89' lang='lat' dir='ltr'>simus,</span> <span class='ocrx_word' id='word_1_378' title='bbox 891 3301 932 3359; x_wconf 93' lang='lat' dir='ltr'>ut</span> <span class='ocrx_word' id='word_1_379' title='bbox 947 3290 1043 3379; x_wconf 88' lang='lat' dir='ltr'>lega-</span> <span class='ocrx_word' id='word_1_380' title='bbox 1095 3309 1194 3358; x_wconf 89' lang='lat' dir='ltr'>ceros</span> <span class='ocrx_word' id='word_1_381' title='bbox 1223 3311 1288 3379; x_wconf 84' lang='lat' dir='ltr'>per</span> <span class='ocrx_word' id='word_1_382' title='bbox 1321 3310 1395 3356; x_wconf 90' lang='lat' dir='ltr'>sese</span> <span class='ocrx_word' id='word_1_383' title='bbox 1423 3287 1670 3357; x_wconf 88' lang='lat' dir='ltr'>turbulentum</span> <span class='ocrx_word' id='word_1_384' title='bbox 1694 3288 1793 3355; x_wconf 86' lang='lat' dir='ltr'>sidus</span> <span class='ocrx_word' id='word_1_385' title='bbox 1813 3299 1879 3356; x_wconf 88' lang='lat' dir='ltr'>est.</span> <span class='ocrx_word' id='word_1_386' title='bbox 1941 3285 2091 3380; x_wconf 91' lang='lat' dir='ltr'>Propter</span> 
     </span>
     <span class='ocr_line' id='line_1_38' title="bbox 45 3387 2091 3484; baseline 0 -25"><span class='ocrx_word' id='word_1_387' title='bbox 45 3413 144 3473; x_wconf 89' lang='lat' dir='ltr'>mus,</span> <span class='ocrx_word' id='word_1_388' title='bbox 170 3388 377 3473; x_wconf 91' lang='lat' dir='ltr'>audiamus,</span> <span class='ocrx_word' id='word_1_389' title='bbox 402 3387 590 3474; x_wconf 89' lang='lat' dir='ltr'>discamus,</span> <span class='ocrx_word' id='word_1_390' title='bbox 615 3391 897 3461; x_wconf 83' lang='lat' dir='ltr'>transmittamus</span> <span class='ocrx_word' id='word_1_391' title='bbox 914 3394 959 3460; x_wconf 92' lang='lat' dir='ltr'>ad</span> <span class='ocrx_word' id='word_1_392' title='bbox 977 3417 1044 3484; x_wconf 88' lang='lat' dir='ltr'>po-</span> <span class='ocrx_word' id='word_1_393' title='bbox 1095 3415 1201 3484; x_wconf 92' lang='lat' dir='ltr'>quam</span> <span class='ocrx_word' id='word_1_394' title='bbox 1225 3411 1364 3457; x_wconf 90' lang='lat' dir='ltr'>causam</span> <span class='ocrx_word' id='word_1_395' title='bbox 1381 3402 1551 3471; x_wconf 87' lang='lat' dir='ltr'>vetustas,</span> <span class='ocrx_word' id='word_1_396' title='bbox 1576 3413 1666 3481; x_wconf 91' lang='lat' dir='ltr'>quae</span> <span class='ocrx_word' id='word_1_397' title='bbox 1688 3403 1833 3458; x_wconf 91' lang='lat' dir='ltr'>naturas</span> <span class='ocrx_word' id='word_1_398' title='bbox 1854 3388 2036 3458; x_wconf 87' lang='lat' dir='ltr'>stellarum</span> <span class='ocrx_word' id='word_1_399' title='bbox 2057 3405 2091 3463; x_wconf 88' lang='lat' dir='ltr'>et</span> 
     </span>
     <span class='ocr_line' id='line_1_39' title="bbox 50 3486 2089 3586; baseline -0.001 -24"><span class='ocrx_word' id='word_1_400' title='bbox 50 3507 158 3562; x_wconf 87' lang='lat' dir='ltr'>steros</span> <span class='ocrx_word' id='word_1_401' title='bbox 176 3489 323 3582; x_wconf 89' lang='lat' dir='ltr'>scripta,</span> <span class='ocrx_word' id='word_1_402' title='bbox 357 3514 446 3583; x_wconf 88' lang='lat' dir='ltr'>quae</span> <span class='ocrx_word' id='word_1_403' title='bbox 462 3486 619 3560; x_wconf 82' lang='lat' dir='ltr'>Ecclesia</span> <span class='ocrx_word' id='word_1_404' title='bbox 635 3491 796 3564; x_wconf 87' lang='lat' dir='ltr'>tradidit.</span> <span class='ocrx_word' id='word_1_405' title='bbox 847 3490 943 3563; x_wconf 87' lang='lat' dir='ltr'>Haec</span> <span class='ocrx_word' id='word_1_406' title='bbox 962 3519 1043 3565; x_wconf 90' lang='lat' dir='ltr'>cum</span> <span class='ocrx_word' id='word_1_407' title='bbox 1093 3487 1273 3586; x_wconf 68' lang='grc' dir='ltr'>μετέωρα,</span> <span class='ocrx_word' id='word_1_408' title='bbox 1301 3489 1704 3559; x_wconf 80' lang='lat' dir='ltr'>involucrissabulanrm</span> <span class='ocrx_word' id='word_1_409' title='bbox 1719 3505 1833 3579; x_wconf 83' lang='lat' dir='ltr'>tegere</span> <span class='ocrx_word' id='word_1_410' title='bbox 1848 3491 1995 3575; x_wconf 88' lang='lat' dir='ltr'>solebat,</span> <span class='ocrx_word' id='word_1_411' title='bbox 2020 3492 2089 3560; x_wconf 87' lang='lat' dir='ltr'>fin-</span> 
     </span>
     <span class='ocr_line' id='line_1_40' title="bbox 47 3585 2091 3688; baseline -0.001 -24"><span class='ocrx_word' id='word_1_412' title='bbox 47 3592 125 3665; x_wconf 90' lang='lat' dir='ltr'>sine</span> <span class='ocrx_word' id='word_1_413' title='bbox 140 3591 252 3663; x_wconf 86' lang='lat' dir='ltr'>literis</span> <span class='ocrx_word' id='word_1_414' title='bbox 266 3601 300 3661; x_wconf 93' lang='lat' dir='ltr'>et</span> <span class='ocrx_word' id='word_1_415' title='bbox 314 3592 502 3683; x_wconf 89' lang='lat' dir='ltr'>multiplici</span> <span class='ocrx_word' id='word_1_416' title='bbox 522 3593 684 3664; x_wconf 92' lang='lat' dir='ltr'>doctrina</span> <span class='ocrx_word' id='word_1_417' title='bbox 704 3594 780 3664; x_wconf 87' lang='lat' dir='ltr'>lieri</span> <span class='ocrx_word' id='word_1_418' title='bbox 796 3618 870 3665; x_wconf 93' lang='lat' dir='ltr'>non</span> <span class='ocrx_word' id='word_1_419' title='bbox 895 3597 1045 3688; x_wconf 88' lang='lat' dir='ltr'>possint,</span> <span class='ocrx_word' id='word_1_420' title='bbox 1095 3596 1146 3665; x_wconf 84' lang='lat' dir='ltr'>xit</span> <span class='ocrx_word' id='word_1_421' title='bbox 1161 3595 1199 3662; x_wconf 93' lang='lat' dir='ltr'>in</span> <span class='ocrx_word' id='word_1_422' title='bbox 1215 3585 1496 3682; x_wconf 86' lang='lat' dir='ltr'>gigantomachia</span> <span class='ocrx_word' id='word_1_423' title='bbox 1512 3589 1609 3661; x_wconf 89' lang='lat' dir='ltr'>Pana</span> <span class='ocrx_word' id='word_1_424' title='bbox 1627 3591 1792 3663; x_wconf 89' lang='lat' dir='ltr'>indutum</span> <span class='ocrx_word' id='word_1_425' title='bbox 1811 3592 1925 3683; x_wconf 90' lang='lat' dir='ltr'>spccie</span> <span class='ocrx_word' id='word_1_426' title='bbox 1946 3617 2091 3683; x_wconf 86' lang='lat' dir='ltr'>aegoce-</span> 
     </span>
     <span class='ocr_line' id='line_1_41' title="bbox 45 3687 2089 3788; baseline -0.002 -21"><span class='ocrx_word' id='word_1_427' title='bbox 45 3690 142 3768; x_wconf 81' lang='lat' dir='ltr'>hanc</span> <span class='ocrx_word' id='word_1_428' title='bbox 167 3710 324 3765; x_wconf 91' lang='lat' dir='ltr'>nostram</span> <span class='ocrx_word' id='word_1_429' title='bbox 353 3694 517 3764; x_wconf 91' lang='lat' dir='ltr'>militiam</span> <span class='ocrx_word' id='word_1_430' title='bbox 540 3695 746 3767; x_wconf 88' lang='lat' dir='ltr'>docentium</span> <span class='ocrx_word' id='word_1_431' title='bbox 775 3710 811 3768; x_wconf 90' lang='lat' dir='ltr'>et</span> <span class='ocrx_word' id='word_1_432' title='bbox 830 3697 1042 3769; x_wconf 90' lang='lat' dir='ltr'>discentium</span> <span class='ocrx_word' id='word_1_433' title='bbox 1095 3696 1204 3776; x_wconf 91' lang='lat' dir='ltr'>rotis,</span> <span class='ocrx_word' id='word_1_434' title='bbox 1229 3688 1445 3785; x_wconf 86' lang='lat' dir='ltr'>grassantem</span> <span class='ocrx_word' id='word_1_435' title='bbox 1460 3687 1638 3788; x_wconf 81' lang='lat' dir='ltr'>Typhona</span> <span class='ocrx_word' id='word_1_436' title='bbox 1654 3695 1719 3763; x_wconf 88' lang='lat' dir='ltr'>reti</span> <span class='ocrx_word' id='word_1_437' title='bbox 1737 3692 1878 3785; x_wconf 81' lang='lat' dir='ltr'>cepisse.</span> <span class='ocrx_word' id='word_1_438' title='bbox 1922 3691 2089 3786; x_wconf 88' lang='lat' dir='ltr'>Nouigi·</span> 
     </span>
     <span class='ocr_line' id='line_1_42' title="bbox 45 3789 2089 3886; baseline -0.001 -17"><span class='ocrx_word' id='word_1_439' title='bbox 45 3798 281 3868; x_wconf 88' lang='lat' dir='ltr'>necessariam</span> <span class='ocrx_word' id='word_1_440' title='bbox 297 3818 456 3865; x_wconf 88' lang='lat' dir='ltr'>essenon</span> <span class='ocrx_word' id='word_1_441' title='bbox 471 3797 621 3869; x_wconf 89' lang='lat' dir='ltr'>dubium</span> <span class='ocrx_word' id='word_1_442' title='bbox 637 3811 701 3873; x_wconf 89' lang='lat' dir='ltr'>est.</span> <span class='ocrx_word' id='word_1_443' title='bbox 737 3797 819 3869; x_wconf 87' lang='lat' dir='ltr'>Non</span> <span class='ocrx_word' id='word_1_444' title='bbox 835 3801 942 3886; x_wconf 91' lang='lat' dir='ltr'>bella,</span> <span class='ocrx_word' id='word_1_445' title='bbox 967 3825 1042 3871; x_wconf 91' lang='lat' dir='ltr'>non</span> <span class='ocrx_word' id='word_1_446' title='bbox 1095 3814 1154 3872; x_wconf 91' lang='lat' dir='ltr'>tur</span> <span class='ocrx_word' id='word_1_447' title='bbox 1168 3798 1263 3867; x_wconf 90' lang='lat' dir='ltr'>leves</span> <span class='ocrx_word' id='word_1_448' title='bbox 1277 3809 1393 3868; x_wconf 89' lang='lat' dir='ltr'>motus</span> <span class='ocrx_word' id='word_1_449' title='bbox 1412 3795 1630 3886; x_wconf 88' lang='lat' dir='ltr'>impendent,</span> <span class='ocrx_word' id='word_1_450' title='bbox 1646 3799 1705 3866; x_wconf 91' lang='lat' dir='ltr'>sed</span> <span class='ocrx_word' id='word_1_451' title='bbox 1725 3789 1910 3866; x_wconf 90' lang='lat' dir='ltr'>horribilis</span> <span class='ocrx_word' id='word_1_452' title='bbox 1927 3797 2089 3886; x_wconf 87' lang='lat' dir='ltr'>giganto-</span> 
     </span>
     <span class='ocr_line' id='line_1_43' title="bbox 44 3893 2087 3993; baseline -0.001 -22"><span class='ocrx_word' id='word_1_453' title='bbox 44 3894 236 3971; x_wconf 89' lang='lat' dir='ltr'>hominnm</span> <span class='ocrx_word' id='word_1_454' title='bbox 249 3898 406 3983; x_wconf 76' lang='lat' dir='ltr'>furores,</span> <span class='ocrx_word' id='word_1_455' title='bbox 432 3923 505 3967; x_wconf 93' lang='lat' dir='ltr'>non</span> <span class='ocrx_word' id='word_1_456' title='bbox 521 3900 769 3992; x_wconf 88' lang='lat' dir='ltr'>dissipationes</span> <span class='ocrx_word' id='word_1_457' title='bbox 789 3903 949 3991; x_wconf 87' lang='lat' dir='ltr'>gentium</span> <span class='ocrx_word' id='word_1_458' title='bbox 964 3928 1044 3973; x_wconf 90' lang='lat' dir='ltr'>mo-</span> <span class='ocrx_word' id='word_1_459' title='bbox 1095 3893 1254 3983; x_wconf 88' lang='lat' dir='ltr'>machia,</span> <span class='ocrx_word' id='word_1_460' title='bbox 1277 3922 1368 3993; x_wconf 89' lang='lat' dir='ltr'>quae</span> <span class='ocrx_word' id='word_1_461' title='bbox 1381 3922 1455 3967; x_wconf 93' lang='lat' dir='ltr'>non</span> <span class='ocrx_word' id='word_1_462' title='bbox 1472 3898 1552 3967; x_wconf 92' lang='lat' dir='ltr'>ideo</span> <span class='ocrx_word' id='word_1_463' title='bbox 1567 3898 1767 3982; x_wconf 87' lang='lat' dir='ltr'>sedabitur,</span> <span class='ocrx_word' id='word_1_464' title='bbox 1791 3897 1875 3988; x_wconf 91' lang='lat' dir='ltr'>quia</span> <span class='ocrx_word' id='word_1_465' title='bbox 1892 3899 1994 3968; x_wconf 90' lang='lat' dir='ltr'>multi</span> <span class='ocrx_word' id='word_1_466' title='bbox 2011 3897 2087 3969; x_wconf 90' lang='lat' dir='ltr'>Deo</span> 
     </span>
     <span class='ocr_line' id='line_1_44' title="bbox 45 3992 2088 4087; baseline -0.001 -15"><span class='ocrx_word' id='word_1_467' title='bbox 45 3993 154 4073; x_wconf 72' lang='lat' dir='ltr'>ieant</span> <span class='ocrx_word' id='word_1_468' title='bbox 180 4023 265 4081; x_wconf 88' lang='lat' dir='ltr'>nos,</span> <span class='ocrx_word' id='word_1_469' title='bbox 298 4012 339 4070; x_wconf 89' lang='lat' dir='ltr'>ut</span> <span class='ocrx_word' id='word_1_470' title='bbox 361 4000 476 4069; x_wconf 90' lang='lat' dir='ltr'>studia</span> <span class='ocrx_word' id='word_1_471' title='bbox 498 4001 682 4072; x_wconf 89' lang='lat' dir='ltr'>literarum</span> <span class='ocrx_word' id='word_1_472' title='bbox 701 4004 919 4079; x_wconf 87' lang='lat' dir='ltr'>abiiciamus.</span> <span class='ocrx_word' id='word_1_473' title='bbox 970 4001 1043 4075; x_wconf 88' lang='lat' dir='ltr'>Ne-</span> <span class='ocrx_word' id='word_1_474' title='bbox 1095 4005 1314 4087; x_wconf 89' lang='lat' dir='ltr'>irascuntur,</span> <span class='ocrx_word' id='word_1_475' title='bbox 1336 4014 1370 4083; x_wconf 83' lang='lat' dir='ltr'>et</span> <span class='ocrx_word' id='word_1_476' title='bbox 1385 3999 1600 4070; x_wconf 91' lang='lat' dir='ltr'>maledicunt</span> <span class='ocrx_word' id='word_1_477' title='bbox 1615 4000 1752 4068; x_wconf 88' lang='lat' dir='ltr'>miseris</span> <span class='ocrx_word' id='word_1_478' title='bbox 1767 3992 2001 4070; x_wconf 81' lang='lat' dir='ltr'>scholasticis:</span> <span class='ocrx_word' id='word_1_479' title='bbox 2026 4001 2088 4069; x_wconf 91' lang='lat' dir='ltr'>sed</span> 
     </span>
     <span class='ocr_line' id='line_1_45' title="bbox 44 4098 2088 4201; baseline -0.002 -24"><span class='ocrx_word' id='word_1_480' title='bbox 44 4128 142 4177; x_wconf 87' lang='lat' dir='ltr'>cesse</span> <span class='ocrx_word' id='word_1_481' title='bbox 162 4115 214 4174; x_wconf 91' lang='lat' dir='ltr'>est</span> <span class='ocrx_word' id='word_1_482' title='bbox 240 4099 336 4172; x_wconf 89' lang='lat' dir='ltr'>enim</span> <span class='ocrx_word' id='word_1_483' title='bbox 361 4125 482 4193; x_wconf 87' lang='lat' dir='ltr'>parere</span> <span class='ocrx_word' id='word_1_484' title='bbox 504 4106 672 4174; x_wconf 89' lang='lat' dir='ltr'>mandato</span> <span class='ocrx_word' id='word_1_485' title='bbox 693 4105 837 4192; x_wconf 89' lang='lat' dir='ltr'>divino,</span> <span class='ocrx_word' id='word_1_486' title='bbox 861 4109 956 4201; x_wconf 93' lang='lat' dir='ltr'>quod</span> <span class='ocrx_word' id='word_1_487' title='bbox 976 4109 1043 4178; x_wconf 90' lang='lat' dir='ltr'>do-</span> <span class='ocrx_word' id='word_1_488' title='bbox 1093 4109 1138 4177; x_wconf 91' lang='lat' dir='ltr'>ad</span> <span class='ocrx_word' id='word_1_489' title='bbox 1163 4105 1370 4174; x_wconf 84' lang='lat' dir='ltr'>flectendam</span> <span class='ocrx_word' id='word_1_490' title='bbox 1405 4103 1495 4171; x_wconf 93' lang='lat' dir='ltr'>iram</span> <span class='ocrx_word' id='word_1_491' title='bbox 1518 4098 1584 4170; x_wconf 89' lang='lat' dir='ltr'>Dei</span> <span class='ocrx_word' id='word_1_492' title='bbox 1608 4101 1677 4170; x_wconf 86' lang='lat' dir='ltr'>alia</span> <span class='ocrx_word' id='word_1_493' title='bbox 1703 4125 1785 4171; x_wconf 89' lang='lat' dir='ltr'>cura</span> <span class='ocrx_word' id='word_1_494' title='bbox 1810 4102 2001 4172; x_wconf 81' lang='lat' dir='ltr'>necessaris</span> <span class='ocrx_word' id='word_1_495' title='bbox 2026 4119 2088 4189; x_wconf 87' lang='lat' dir='ltr'>est,</span> 
     </span>
     <span class='ocr_line' id='line_1_46' title="bbox 43 4203 2086 4300; baseline -0.003 -21"><span class='ocrx_word' id='word_1_496' title='bbox 43 4206 197 4279; x_wconf 86' lang='lat' dir='ltr'>ctrinam</span> <span class='ocrx_word' id='word_1_497' title='bbox 213 4226 397 4288; x_wconf 88' lang='lat' dir='ltr'>arcanam,</span> <span class='ocrx_word' id='word_1_498' title='bbox 421 4230 528 4298; x_wconf 90' lang='lat' dir='ltr'>quam</span> <span class='ocrx_word' id='word_1_499' title='bbox 542 4205 637 4275; x_wconf 88' lang='lat' dir='ltr'>lilius</span> <span class='ocrx_word' id='word_1_500' title='bbox 658 4231 700 4275; x_wconf 85' lang='lat' dir='ltr'>ex</span> <span class='ocrx_word' id='word_1_501' title='bbox 720 4208 803 4276; x_wconf 88' lang='lat' dir='ltr'>sinn</span> <span class='ocrx_word' id='word_1_502' title='bbox 826 4208 958 4279; x_wconf 89' lang='lat' dir='ltr'>aeterni</span> <span class='ocrx_word' id='word_1_503' title='bbox 980 4233 1043 4300; x_wconf 89' lang='lat' dir='ltr'>pa-</span> <span class='ocrx_word' id='word_1_504' title='bbox 1094 4206 1301 4298; x_wconf 84' lang='lat' dir='ltr'>cogitandae</span> <span class='ocrx_word' id='word_1_505' title='bbox 1315 4218 1398 4276; x_wconf 90' lang='lat' dir='ltr'>sunt</span> <span class='ocrx_word' id='word_1_506' title='bbox 1418 4203 1561 4274; x_wconf 86' lang='lat' dir='ltr'>divinae</span> <span class='ocrx_word' id='word_1_507' title='bbox 1580 4203 1852 4292; x_wconf 88' lang='lat' dir='ltr'>promissiones,</span> <span class='ocrx_word' id='word_1_508' title='bbox 1878 4203 2086 4293; x_wconf 78' lang='lat' dir='ltr'>confugien-</span> 
     </span>
     <span class='ocr_line' id='line_1_47' title="bbox 44 4303 2086 4402; baseline -0.006 -19"><span class='ocrx_word' id='word_1_509' title='bbox 44 4310 112 4383; x_wconf 79' lang='lat' dir='ltr'>tris</span> <span class='ocrx_word' id='word_1_510' title='bbox 129 4306 289 4400; x_wconf 88' lang='lat' dir='ltr'>protulit,</span> <span class='ocrx_word' id='word_1_511' title='bbox 312 4304 389 4394; x_wconf 82' lang='lat' dir='ltr'>legi,</span> <span class='ocrx_word' id='word_1_512' title='bbox 412 4308 529 4376; x_wconf 90' lang='lat' dir='ltr'>audiri</span> <span class='ocrx_word' id='word_1_513' title='bbox 553 4322 585 4378; x_wconf 92' lang='lat' dir='ltr'>et</span> <span class='ocrx_word' id='word_1_514' title='bbox 601 4307 688 4377; x_wconf 90' lang='lat' dir='ltr'>disci</span> <span class='ocrx_word' id='word_1_515' title='bbox 704 4311 887 4402; x_wconf 85' lang='lat' dir='ltr'>praecipit.</span> <span class='ocrx_word' id='word_1_516' title='bbox 929 4309 1042 4382; x_wconf 88' lang='lat' dir='ltr'>Dein·</span> <span class='ocrx_word' id='word_1_517' title='bbox 1094 4312 1179 4380; x_wconf 92' lang='lat' dir='ltr'>dum</span> <span class='ocrx_word' id='word_1_518' title='bbox 1200 4310 1245 4379; x_wconf 90' lang='lat' dir='ltr'>ad</span> <span class='ocrx_word' id='word_1_519' title='bbox 1263 4303 1379 4377; x_wconf 90' lang='lat' dir='ltr'>Deum</span> <span class='ocrx_word' id='word_1_520' title='bbox 1398 4306 1524 4375; x_wconf 86' lang='lat' dir='ltr'>fidncia</span> <span class='ocrx_word' id='word_1_521' title='bbox 1542 4304 1626 4388; x_wconf 87' lang='lat' dir='ltr'>filii,</span> <span class='ocrx_word' id='word_1_522' title='bbox 1652 4318 1686 4375; x_wconf 92' lang='lat' dir='ltr'>et</span> <span class='ocrx_word' id='word_1_523' title='bbox 1708 4307 1866 4374; x_wconf 90' lang='lat' dir='ltr'>modeste</span> <span class='ocrx_word' id='word_1_524' title='bbox 1880 4305 2086 4387; x_wconf 86' lang='lat' dir='ltr'>vivendum,</span> 
     </span>
     <span class='ocr_line' id='line_1_48' title="bbox 46 4406 2086 4508; baseline -0.004 -24"><span class='ocrx_word' id='word_1_525' title='bbox 46 4413 92 4484; x_wconf 88' lang='lat' dir='ltr'>de</span> <span class='ocrx_word' id='word_1_526' title='bbox 114 4433 195 4480; x_wconf 91' lang='lat' dir='ltr'>cum</span> <span class='ocrx_word' id='word_1_527' title='bbox 220 4407 408 4500; x_wconf 86' lang='lat' dir='ltr'>promissio</span> <span class='ocrx_word' id='word_1_528' title='bbox 429 4410 548 4479; x_wconf 89' lang='lat' dir='ltr'>addita</span> <span class='ocrx_word' id='word_1_529' title='bbox 571 4409 616 4480; x_wconf 91' lang='lat' dir='ltr'>sit</span> <span class='ocrx_word' id='word_1_530' title='bbox 636 4411 872 4502; x_wconf 80' lang='lat' dir='ltr'>amplissima,</span> <span class='ocrx_word' id='word_1_531' title='bbox 897 4409 1041 4508; x_wconf 87' lang='lat' dir='ltr'>(diliget</span> <span class='ocrx_word' id='word_1_532' title='bbox 1093 4437 1134 4482; x_wconf 88' lang='lat' dir='ltr'>ac</span> <span class='ocrx_word' id='word_1_533' title='bbox 1156 4406 1268 4481; x_wconf 86' lang='lat' dir='ltr'>aDeo</span> <span class='ocrx_word' id='word_1_534' title='bbox 1289 4410 1502 4501; x_wconf 89' lang='lat' dir='ltr'>petendum,</span> <span class='ocrx_word' id='word_1_535' title='bbox 1529 4421 1568 4478; x_wconf 91' lang='lat' dir='ltr'>ut</span> <span class='ocrx_word' id='word_1_536' title='bbox 1591 4406 1629 4475; x_wconf 93' lang='lat' dir='ltr'>iu</span> <span class='ocrx_word' id='word_1_537' title='bbox 1651 4409 1704 4477; x_wconf 88' lang='lat' dir='ltr'>ira</span> <span class='ocrx_word' id='word_1_538' title='bbox 1727 4406 1987 4475; x_wconf 90' lang='lat' dir='ltr'>misericordiae</span> <span class='ocrx_word' id='word_1_539' title='bbox 2002 4430 2086 4476; x_wconf 88' lang='lat' dir='ltr'>suae</span> 
     </span>
     <span class='ocr_line' id='line_1_49' title="bbox 45 4507 2084 4609; baseline -0.005 -23"><span class='ocrx_word' id='word_1_540' title='bbox 45 4511 229 4586; x_wconf 86' lang='lat' dir='ltr'>doctrinae</span> <span class='ocrx_word' id='word_1_541' title='bbox 252 4511 415 4581; x_wconf 82' lang='lat' dir='ltr'>custodes</span> <span class='ocrx_word' id='word_1_542' title='bbox 436 4525 600 4581; x_wconf 87' lang='lat' dir='ltr'>aeternus</span> <span class='ocrx_word' id='word_1_543' title='bbox 624 4525 740 4602; x_wconf 89' lang='lat' dir='ltr'>pater,</span> <span class='ocrx_word' id='word_1_544' title='bbox 766 4528 871 4609; x_wconf 89' lang='lat' dir='ltr'>atque</span> <span class='ocrx_word' id='word_1_545' title='bbox 893 4514 940 4586; x_wconf 88' lang='lat' dir='ltr'>ita</span> <span class='ocrx_word' id='word_1_546' title='bbox 955 4515 1041 4585; x_wconf 90' lang='lat' dir='ltr'>dili·</span> <span class='ocrx_word' id='word_1_547' title='bbox 1093 4514 1315 4583; x_wconf 89' lang='lat' dir='ltr'>recordetur:</span> <span class='ocrx_word' id='word_1_548' title='bbox 1351 4511 1549 4581; x_wconf 90' lang='lat' dir='ltr'>curandum</span> <span class='ocrx_word' id='word_1_549' title='bbox 1569 4508 1695 4592; x_wconf 83' lang='lat' dir='ltr'>etiam,</span> <span class='ocrx_word' id='word_1_550' title='bbox 1726 4523 1767 4579; x_wconf 93' lang='lat' dir='ltr'>nt</span> <span class='ocrx_word' id='word_1_551' title='bbox 1791 4507 1940 4599; x_wconf 86' lang='lat' dir='ltr'>posteris</span> <span class='ocrx_word' id='word_1_552' title='bbox 1965 4531 2084 4576; x_wconf 83' lang='lat' dir='ltr'>reram</span> 
     </span>
     <span class='ocr_line' id='line_1_50' title="bbox 46 4607 2085 4708; baseline -0.003 -21"><span class='ocrx_word' id='word_1_553' title='bbox 46 4628 124 4708; x_wconf 86' lang='lat' dir='ltr'>get,</span> <span class='ocrx_word' id='word_1_554' title='bbox 155 4627 197 4685; x_wconf 91' lang='lat' dir='ltr'>ut</span> <span class='ocrx_word' id='word_1_555' title='bbox 218 4607 285 4683; x_wconf 90' lang='lat' dir='ltr'>hos</span> <span class='ocrx_word' id='word_1_556' title='bbox 308 4614 472 4684; x_wconf 91' lang='lat' dir='ltr'>nominet</span> <span class='ocrx_word' id='word_1_557' title='bbox 492 4613 711 4684; x_wconf 89' lang='lat' dir='ltr'>domicilium</span> <span class='ocrx_word' id='word_1_558' title='bbox 737 4638 859 4699; x_wconf 81' lang='lat' dir='ltr'>sunm,</span> <span class='ocrx_word' id='word_1_559' title='bbox 889 4629 923 4685; x_wconf 90' lang='lat' dir='ltr'>et</span> <span class='ocrx_word' id='word_1_560' title='bbox 947 4616 1041 4687; x_wconf 91' lang='lat' dir='ltr'>inter</span> <span class='ocrx_word' id='word_1_561' title='bbox 1092 4629 1128 4686; x_wconf 90' lang='lat' dir='ltr'>et</span> <span class='ocrx_word' id='word_1_562' title='bbox 1152 4615 1393 4703; x_wconf 86' lang='lat' dir='ltr'>incorruptam</span> <span class='ocrx_word' id='word_1_563' title='bbox 1415 4611 1626 4682; x_wconf 91' lang='lat' dir='ltr'>sententiam</span> <span class='ocrx_word' id='word_1_564' title='bbox 1649 4612 1694 4680; x_wconf 89' lang='lat' dir='ltr'>de</span> <span class='ocrx_word' id='word_1_565' title='bbox 1715 4609 1790 4681; x_wconf 90' lang='lat' dir='ltr'>Deo</span> <span class='ocrx_word' id='word_1_566' title='bbox 1814 4610 2010 4690; x_wconf 88' lang='lat' dir='ltr'>tradamus,</span> <span class='ocrx_word' id='word_1_567' title='bbox 2043 4622 2085 4680; x_wconf 92' lang='lat' dir='ltr'>ut</span> 
     </span>
     <span class='ocr_line' id='line_1_51' title="bbox 46 4708 1595 4810; baseline -0.004 -21"><span class='ocrx_word' id='word_1_568' title='bbox 46 4741 108 4789; x_wconf 93' lang='lat' dir='ltr'>eos</span> <span class='ocrx_word' id='word_1_569' title='bbox 124 4740 205 4786; x_wconf 90' lang='lat' dir='ltr'>vere</span> <span class='ocrx_word' id='word_1_570' title='bbox 221 4710 398 4810; x_wconf 86' lang='lat' dir='ltr'>versetur)</span> <span class='ocrx_word' id='word_1_571' title='bbox 416 4714 483 4808; x_wconf 90' lang='lat' dir='ltr'>ipsi</span> <span class='ocrx_word' id='word_1_572' title='bbox 494 4740 600 4785; x_wconf 90' lang='lat' dir='ltr'>curae</span> <span class='ocrx_word' id='word_1_573' title='bbox 614 4718 696 4799; x_wconf 89' lang='lat' dir='ltr'>erit,</span> <span class='ocrx_word' id='word_1_574' title='bbox 722 4740 767 4786; x_wconf 90' lang='lat' dir='ltr'>ne</span> <span class='ocrx_word' id='word_1_575' title='bbox 781 4717 897 4787; x_wconf 89' lang='lat' dir='ltr'>desint</span> <span class='ocrx_word' id='word_1_576' title='bbox 918 4718 986 4787; x_wconf 90' lang='lat' dir='ltr'>sihi</span> <span class='ocrx_word' id='word_1_577' title='bbox 1006 4732 1041 4789; x_wconf 87' lang='lat' dir='ltr'>et</span> <span class='ocrx_word' id='word_1_578' title='bbox 1092 4717 1185 4787; x_wconf 87' lang='lat' dir='ltr'>veris</span> <span class='ocrx_word' id='word_1_579' title='bbox 1199 4713 1325 4785; x_wconf 82' lang='lat' dir='ltr'>officiis</span> <span class='ocrx_word' id='word_1_580' title='bbox 1337 4708 1433 4783; x_wconf 88' lang='lat' dir='ltr'>Deus</span> <span class='ocrx_word' id='word_1_581' title='bbox 1448 4713 1595 4784; x_wconf 89' lang='lat' dir='ltr'>colatur.</span> 
     </span>
    </p>

    <p class='ocr_par' dir='ltr' id='par_1_13' title="bbox 41 4814 1039 5215">
     <span class='ocr_line' id='line_1_52' title="bbox 45 4814 1038 4908; baseline -0.001 -16"><span class='ocrx_word' id='word_1_582' title='bbox 45 4818 153 4893; x_wconf 91' lang='lat' dir='ltr'>nohis</span> <span class='ocrx_word' id='word_1_583' title='bbox 174 4814 348 4908; x_wconf 89' lang='lat' dir='ltr'>hospicia,</span> <span class='ocrx_word' id='word_1_584' title='bbox 383 4829 416 4886; x_wconf 92' lang='lat' dir='ltr'>et</span> <span class='ocrx_word' id='word_1_585' title='bbox 441 4841 486 4886; x_wconf 90' lang='lat' dir='ltr'>ne</span> <span class='ocrx_word' id='word_1_586' title='bbox 511 4818 649 4887; x_wconf 86' lang='lat' dir='ltr'>labores</span> <span class='ocrx_word' id='word_1_587' title='bbox 671 4819 742 4889; x_wconf 90' lang='lat' dir='ltr'>sint</span> <span class='ocrx_word' id='word_1_588' title='bbox 761 4819 916 4893; x_wconf 86' lang='lat' dir='ltr'>inutiles.</span> <span class='ocrx_word' id='word_1_589' title='bbox 968 4818 1038 4891; x_wconf 92' lang='lat' dir='ltr'>Sed</span> 
     </span>
     <span class='ocr_line' id='line_1_53' title="bbox 43 4920 1039 5016; baseline 0.001 -27"><span class='ocrx_word' id='word_1_590' title='bbox 43 4933 191 4997; x_wconf 75' lang='lat' dir='ltr'>receset</span> <span class='ocrx_word' id='word_1_591' title='bbox 206 4944 287 4989; x_wconf 86' lang='lat' dir='ltr'>vera</span> <span class='ocrx_word' id='word_1_592' title='bbox 304 4920 490 5002; x_wconf 88' lang='lat' dir='ltr'>discamus,</span> <span class='ocrx_word' id='word_1_593' title='bbox 516 4932 549 4989; x_wconf 89' lang='lat' dir='ltr'>et</span> <span class='ocrx_word' id='word_1_594' title='bbox 566 4921 722 4990; x_wconf 90' lang='lat' dir='ltr'>modeste</span> <span class='ocrx_word' id='word_1_595' title='bbox 736 4920 960 5016; x_wconf 87' lang='lat' dir='ltr'>inquiramus</span> <span class='ocrx_word' id='word_1_596' title='bbox 978 4948 1039 4990; x_wconf 91' lang='lat' dir='ltr'>ve-</span> 
     </span>
     <span class='ocr_line' id='line_1_54' title="bbox 43 5020 1038 5113; baseline -0.004 -15"><span class='ocrx_word' id='word_1_597' title='bbox 43 5026 207 5106; x_wconf 85' lang='lat' dir='ltr'>ritatem,</span> <span class='ocrx_word' id='word_1_598' title='bbox 234 5033 268 5091; x_wconf 90' lang='lat' dir='ltr'>et</span> <span class='ocrx_word' id='word_1_599' title='bbox 288 5032 470 5111; x_wconf 85' lang='lat' dir='ltr'>expetatur</span> <span class='ocrx_word' id='word_1_600' title='bbox 491 5020 670 5103; x_wconf 88' lang='lat' dir='ltr'>doctriua,</span> <span class='ocrx_word' id='word_1_601' title='bbox 704 5037 743 5094; x_wconf 92' lang='lat' dir='ltr'>ut</span> <span class='ocrx_word' id='word_1_602' title='bbox 759 5037 908 5095; x_wconf 91' lang='lat' dir='ltr'>ornetur</span> <span class='ocrx_word' id='word_1_603' title='bbox 925 5024 1038 5113; x_wconf 86' lang='lat' dir='ltr'>gloria</span> 
     </span>
     <span class='ocr_line' id='line_1_55' title="bbox 41 5123 1037 5215; baseline 0.001 -19"><span class='ocrx_word' id='word_1_604' title='bbox 41 5126 134 5213; x_wconf 85' lang='lat' dir='ltr'>Dei,</span> <span class='ocrx_word' id='word_1_605' title='bbox 155 5147 229 5195; x_wconf 91' lang='lat' dir='ltr'>non</span> <span class='ocrx_word' id='word_1_606' title='bbox 245 5138 284 5194; x_wconf 91' lang='lat' dir='ltr'>ut</span> <span class='ocrx_word' id='word_1_607' title='bbox 296 5123 342 5194; x_wconf 89' lang='lat' dir='ltr'>sit</span> <span class='ocrx_word' id='word_1_608' title='bbox 364 5135 561 5213; x_wconf 86' lang='lat' dir='ltr'>praetextus</span> <span class='ocrx_word' id='word_1_609' title='bbox 575 5124 807 5215; x_wconf 90' lang='lat' dir='ltr'>cupiditatum</span> <span class='ocrx_word' id='word_1_610' title='bbox 822 5140 1037 5197; x_wconf 89' lang='lat' dir='ltr'>nostrarum.</span> 
     </span>
    </p>
   </div>
   <div class='ocr_carea' id='block_1_13' title="bbox 43 4862 2082 5580">
    <p class='ocr_par' dir='ltr' id='par_1_14' title="bbox 1090 4862 2082 5261">
     <span class='ocr_line' id='line_1_56' title="bbox 1193 4862 2082 4955; baseline -0.004 -18"><span class='ocrx_word' id='word_1_611' title='bbox 1193 4865 1274 4937; x_wconf 89' lang='lat' dir='ltr'>Non</span> <span class='ocrx_word' id='word_1_612' title='bbox 1291 4865 1399 4953; x_wconf 88' lang='lat' dir='ltr'>igitur</span> <span class='ocrx_word' id='word_1_613' title='bbox 1412 4888 1507 4935; x_wconf 88' lang='lat' dir='ltr'>nnnc</span> <span class='ocrx_word' id='word_1_614' title='bbox 1524 4887 1587 4955; x_wconf 91' lang='lat' dir='ltr'>per</span> <span class='ocrx_word' id='word_1_615' title='bbox 1601 4862 1821 4932; x_wconf 92' lang='lat' dir='ltr'>iracundiam</span> <span class='ocrx_word' id='word_1_616' title='bbox 1837 4875 1899 4933; x_wconf 90' lang='lat' dir='ltr'>aut</span> <span class='ocrx_word' id='word_1_617' title='bbox 1917 4863 2082 4955; x_wconf 89' lang='lat' dir='ltr'>despera-</span> 
     </span>
     <span class='ocr_line' id='line_1_57' title="bbox 1091 4964 2082 5060; baseline -0.005 -20"><span class='ocrx_word' id='word_1_618' title='bbox 1091 4971 1224 5040; x_wconf 91' lang='lat' dir='ltr'>tionem</span> <span class='ocrx_word' id='word_1_619' title='bbox 1248 4967 1450 5038; x_wconf 86' lang='lat' dir='ltr'>abiicienda</span> <span class='ocrx_word' id='word_1_620' title='bbox 1468 4978 1552 5035; x_wconf 83' lang='lat' dir='ltr'>strnt</span> <span class='ocrx_word' id='word_1_621' title='bbox 1574 4966 1757 5035; x_wconf 89' lang='lat' dir='ltr'>doctrinae</span> <span class='ocrx_word' id='word_1_622' title='bbox 1780 4964 1914 5050; x_wconf 89' lang='lat' dir='ltr'>studia,</span> <span class='ocrx_word' id='word_1_623' title='bbox 1938 4969 1998 5035; x_wconf 87' lang='lat' dir='ltr'>sed</span> <span class='ocrx_word' id='word_1_624' title='bbox 2016 4992 2082 5060; x_wconf 93' lang='lat' dir='ltr'>po-</span> 
     </span>
     <span class='ocr_line' id='line_1_58' title="bbox 1090 5064 2080 5157; baseline -0.004 -16"><span class='ocrx_word' id='word_1_625' title='bbox 1090 5073 1162 5141; x_wconf 90' lang='lat' dir='ltr'>tius</span> <span class='ocrx_word' id='word_1_626' title='bbox 1178 5071 1261 5139; x_wconf 90' lang='lat' dir='ltr'>inde</span> <span class='ocrx_word' id='word_1_627' title='bbox 1276 5068 1347 5137; x_wconf 85' lang='lat' dir='ltr'>iam</span> <span class='ocrx_word' id='word_1_628' title='bbox 1360 5068 1515 5137; x_wconf 89' lang='lat' dir='ltr'>remedia</span> <span class='ocrx_word' id='word_1_629' title='bbox 1532 5067 1708 5136; x_wconf 90' lang='lat' dir='ltr'>malornm</span> <span class='ocrx_word' id='word_1_630' title='bbox 1723 5068 1874 5157; x_wconf 89' lang='lat' dir='ltr'>petenda</span> <span class='ocrx_word' id='word_1_631' title='bbox 1888 5082 1985 5138; x_wconf 86' lang='lat' dir='ltr'>sunt.</span> <span class='ocrx_word' id='word_1_632' title='bbox 2037 5064 2080 5137; x_wconf 94' lang='lat' dir='ltr'>ln</span> 
     </span>
     <span class='ocr_line' id='line_1_59' title="bbox 1090 5167 2080 5261; baseline -0.003 -19"><span class='ocrx_word' id='word_1_633' title='bbox 1090 5169 1147 5242; x_wconf 91' lang='lat' dir='ltr'>his</span> <span class='ocrx_word' id='word_1_634' title='bbox 1168 5171 1351 5241; x_wconf 87' lang='lat' dir='ltr'>verissime</span> <span class='ocrx_word' id='word_1_635' title='bbox 1371 5168 1470 5243; x_wconf 87' lang='lat' dir='ltr'>Deus</span> <span class='ocrx_word' id='word_1_636' title='bbox 1496 5182 1613 5240; x_wconf 90' lang='lat' dir='ltr'>tecum</span> <span class='ocrx_word' id='word_1_637' title='bbox 1636 5167 1871 5261; x_wconf 90' lang='lat' dir='ltr'>colloquitur,</span> <span class='ocrx_word' id='word_1_638' title='bbox 1904 5170 2080 5260; x_wconf 90' lang='lat' dir='ltr'>promittit</span> 
     </span>
    </p>

    <p class='ocr_par' dir='ltr' id='par_1_15' title="bbox 43 5265 2080 5580">
     <span class='ocr_line' id='line_1_60' title="bbox 150 5265 2080 5362; baseline -0.003 -17"><span class='ocrx_word' id='word_1_639' title='bbox 150 5272 260 5345; x_wconf 90' lang='lat' dir='ltr'>Multi</span> <span class='ocrx_word' id='word_1_640' title='bbox 276 5272 314 5341; x_wconf 92' lang='lat' dir='ltr'>in</span> <span class='ocrx_word' id='word_1_641' title='bbox 336 5267 392 5341; x_wconf 89' lang='lat' dir='ltr'>his</span> <span class='ocrx_word' id='word_1_642' title='bbox 405 5274 654 5343; x_wconf 87' lang='lat' dir='ltr'>communibus</span> <span class='ocrx_word' id='word_1_643' title='bbox 668 5275 820 5343; x_wconf 90' lang='lat' dir='ltr'>miseriis</span> <span class='ocrx_word' id='word_1_644' title='bbox 835 5275 1037 5347; x_wconf 86' lang='lat' dir='ltr'>irascuntur</span> <span class='ocrx_word' id='word_1_645' title='bbox 1088 5275 1279 5357; x_wconf 82' lang='lat' dir='ltr'>auxilium,</span> <span class='ocrx_word' id='word_1_646' title='bbox 1311 5286 1373 5343; x_wconf 86' lang='lat' dir='ltr'>ant</span> <span class='ocrx_word' id='word_1_647' title='bbox 1387 5272 1647 5341; x_wconf 87' lang='lat' dir='ltr'>invocationem</span> <span class='ocrx_word' id='word_1_648' title='bbox 1661 5269 1839 5341; x_wconf 81' lang='lat' dir='ltr'>exuscitet.</span> <span class='ocrx_word' id='word_1_649' title='bbox 1878 5265 1925 5343; x_wconf 78' lang='lat' dir='ltr'>Et</span> <span class='ocrx_word' id='word_1_650' title='bbox 1943 5271 2080 5362; x_wconf 84' lang='lat' dir='ltr'>experi-</span> 
     </span>
     <span class='ocr_line' id='line_1_61' title="bbox 43 5362 2078 5468; baseline -0.005 -14"><span class='ocrx_word' id='word_1_651' title='bbox 43 5376 248 5461; x_wconf 84' lang='lat' dir='ltr'>doctrinae,</span> <span class='ocrx_word' id='word_1_652' title='bbox 274 5367 367 5443; x_wconf 89' lang='lat' dir='ltr'>hanc</span> <span class='ocrx_word' id='word_1_653' title='bbox 382 5396 456 5443; x_wconf 89' lang='lat' dir='ltr'>esse</span> <span class='ocrx_word' id='word_1_654' title='bbox 469 5375 580 5444; x_wconf 90' lang='lat' dir='ltr'>facem</span> <span class='ocrx_word' id='word_1_655' title='bbox 597 5362 703 5446; x_wconf 84' lang='lat' dir='ltr'>huius</span> <span class='ocrx_word' id='word_1_656' title='bbox 723 5377 878 5446; x_wconf 88' lang='lat' dir='ltr'>incendii</span> <span class='ocrx_word' id='word_1_657' title='bbox 894 5378 1033 5447; x_wconf 91' lang='lat' dir='ltr'>dicunt:</span> <span class='ocrx_word' id='word_1_658' title='bbox 1086 5400 1169 5446; x_wconf 89' lang='lat' dir='ltr'>mur</span> <span class='ocrx_word' id='word_1_659' title='bbox 1192 5373 1361 5468; x_wconf 84' lang='lat' dir='ltr'>exemplis</span> <span class='ocrx_word' id='word_1_660' title='bbox 1382 5370 1676 5443; x_wconf 76' lang='lat' dir='ltr'>manifestissimis</span> <span class='ocrx_word' id='word_1_661' title='bbox 1699 5395 1773 5441; x_wconf 90' lang='lat' dir='ltr'>non</span> <span class='ocrx_word' id='word_1_662' title='bbox 1799 5395 1873 5442; x_wconf 90' lang='lat' dir='ltr'>esse</span> <span class='ocrx_word' id='word_1_663' title='bbox 1897 5370 1996 5443; x_wconf 90' lang='lat' dir='ltr'>irrita</span> <span class='ocrx_word' id='word_1_664' title='bbox 2012 5397 2078 5443; x_wconf 89' lang='lat' dir='ltr'>no·</span> 
     </span>
     <span class='ocr_line' id='line_1_62' title="bbox 43 5472 1271 5580; baseline 0 -28"><span class='ocrx_word' id='word_1_665' title='bbox 43 5484 107 5580; x_wconf 90' lang='lat' dir='ltr'>qui</span> <span class='ocrx_word' id='word_1_666' title='bbox 123 5478 267 5576; x_wconf 91' lang='lat' dir='ltr'>quidem</span> <span class='ocrx_word' id='word_1_667' title='bbox 282 5499 364 5547; x_wconf 90' lang='lat' dir='ltr'>cum</span> <span class='ocrx_word' id='word_1_668' title='bbox 377 5472 456 5547; x_wconf 87' lang='lat' dir='ltr'>Deo</span> <span class='ocrx_word' id='word_1_669' title='bbox 480 5477 699 5564; x_wconf 87' lang='lat' dir='ltr'>irascuntur,</span> <span class='ocrx_word' id='word_1_670' title='bbox 724 5473 781 5548; x_wconf 91' lang='lat' dir='ltr'>his</span> <span class='ocrx_word' id='word_1_671' title='bbox 801 5480 953 5572; x_wconf 89' lang='lat' dir='ltr'>querelis</span> <span class='ocrx_word' id='word_1_672' title='bbox 969 5504 1033 5550; x_wconf 90' lang='lat' dir='ltr'>au·</span> <span class='ocrx_word' id='word_1_673' title='bbox 1085 5493 1158 5552; x_wconf 83' lang='lat' dir='ltr'>stra</span> <span class='ocrx_word' id='word_1_674' title='bbox 1178 5492 1271 5552; x_wconf 87' lang='lat' dir='ltr'>vota.</span> 
     </span>
    </p>
   </div>
   <div class='ocr_carea' id='block_1_14' title="bbox 0 0 2340 6020">
    <p class='ocr_par' dir='ltr' id='par_1_16' title="bbox 0 0 2340 6020">
     <span class='ocr_line' id='line_1_63' title="bbox 0 0 2340 6020; baseline 0 0"><span class='ocrx_word' id='word_1_675' title='bbox 0 0 2340 6020; x_wconf 95' lang='lat' dir='ltr'> </span> 
     </span>
    </p>
   </div>
  </div>
 </body>
</html>
