4664 6022
126 297 202 372 ors
606 281 765 364 orer.
799 283 876 360 nn
909 283 1190 364 narrum
1220 284 1390 403 arua
1419 284 1685 366 noscare
2093 289 2174 363 seo

130 499 209 547 cum
239 496 294 543 res
324 469 475 540 maiores
504 477 538 535 et
566 459 734 554 Europae
767 461 929 533 utiliores
957 463 1125 533 adversus
1282 460 1482 534 Productus
1503 477 1555 535 est
1576 462 1764 536 Ladislaus
1792 464 1831 533 in
1859 476 1955 535 veste
1987 486 2175 557 purpurea,

133 576 270 649 Turcas
285 574 403 666 gessit.
1179 565 1237 636 cui
1250 565 1425 637 intextum
1440 579 1515 637 erat
1529 590 1676 655 aurum,
1704 569 1836 638 donata
1860 591 1880 636 a
1904 589 2005 658 rege,
2036 581 2072 639 et
2089 568 2177 657 liga·

236 676 309 748 Nec
334 675 447 745 deluit
467 684 586 742 tantae
611 668 733 740 virtuti
758 682 792 740 et
816 669 951 759 gloriae
979 667 1126 751 invidia,
1179 682 1236 739 tae
1252 668 1335 738 sunt
1350 669 1391 737 in
1405 681 1542 758 tergum
1560 692 1706 755 manus,
1731 684 1766 740 et
1788 670 1883 739 inter
1899 684 1981 740 vota
1996 671 2043 739 ad
2060 665 2175 739 Deum

135 781 219 877 quia
235 779 330 848 enim
346 778 385 845 in
401 770 467 845 hac
482 787 630 843 naturae
647 767 825 842 humanae
842 772 1047 842 infirmitate
1061 773 1128 842 ob·
1180 771 1419 865 procumbens
1442 769 1482 840 in
1505 793 1639 862 genua,
1663 773 1749 843 forti
1765 772 1886 843 animo
1908 785 2022 843 erecta
2042 772 2177 842 cervice

136 882 272 954 scurari
292 904 328 950 se
350 876 460 949 unius
475 873 626 946 alicuius
644 876 857 964 praestantia
874 875 980 947 multi
994 875 1130 959 dolent,
1182 885 1337 965 expectat
1358 885 1522 947 mortem.
1573 870 1629 944 lbi
1653 898 1733 945 cum
1755 889 1812 945 ter
1832 900 1851 946 a
1874 876 2002 947 lictore
2027 875 2121 947 ictus
2146 887 2178 943 et

137 983 378 1056 excellentiam
395 980 547 1049 al²enam
567 998 728 1068 premere
750 991 936 1052 conantur.
987 977 1130 1067 Singuli
1181 976 1390 1046 vulneratus
1407 989 1515 1063 esset,
1540 989 1575 1047 et
1588 999 1724 1069 pronus
1739 977 1779 1046 in
1794 991 1925 1048 terram
1942 979 2066 1072 lapsus
2082 991 2179 1061 esset,

139 1089 235 1159 enim
260 1108 334 1157 sese
353 1094 493 1166 amant,
518 1103 592 1149 sese
615 1102 761 1168 magnos
785 1104 859 1151 esse
885 1079 1044 1170 conspici
1066 1104 1131 1149 vo-
1182 1099 1305 1150 rursus
1320 1090 1533 1170 tamensese
1553 1102 1757 1174 quanquam
1774 1081 1903 1172 ligatus
1920 1095 1955 1151 et
1972 1081 2179 1151 vulneratus

139 1192 231 1261 lunt.
283 1186 405 1279 ltaque
421 1182 526 1253 multi
545 1194 579 1252 et
593 1181 759 1270 dignitati
779 1196 812 1254 et
834 1183 926 1253 vitae
942 1180 1132 1252 Huniadae
1184 1181 1311 1265 erexit,
1335 1191 1372 1252 'et
1385 1181 1478 1251 clara
1494 1204 1579 1252 voce
1595 1180 1710 1252 Deum
1726 1183 1885 1269 invocat,
1909 1197 1944 1254 et
1960 1207 2045 1259 enm
2059 1195 2180 1253 testem

140 1289 300 1364 insidiati
322 1301 417 1360 sunt.
472 1283 542 1356 Sed
563 1280 661 1355 Deus
674 1308 754 1354 eum
771 1284 857 1357 texit
870 1310 945 1356 non
962 1284 1078 1355 solum
1092 1284 1133 1355 in
1185 1304 1267 1352 suae
1283 1282 1509 1354 innocentiae
1522 1306 1595 1354 esse
1616 1284 1746 1377 inquit.
1792 1284 1931 1375 Quarto
1945 1287 2096 1357 tandem
2112 1284 2180 1353 ictu

140 1398 233 1479 acie,
259 1393 320 1462 sed
338 1391 443 1460 ctiam
459 1389 628 1459 adversus
643 1411 829 1478 procerum
846 1401 881 1458 et
897 1388 1133 1458 calumniato-
1186 1400 1291 1475 caput
1306 1385 1339 1454 ei
1356 1385 1582 1477 praeciditur.
1633 1384 1751 1458 Multa
1772 1401 1857 1459 sunt
1877 1389 1916 1457 in
1933 1384 2003 1458 hoc
2021 1386 2180 1476 exemplo

141 1524 220 1571 rum
245 1494 410 1579 insidias,
444 1506 480 1562 et
502 1489 571 1582 ipsi
590 1503 669 1580 post
686 1491 867 1581 repulsum
884 1485 1134 1560 Mahometnm
1187 1488 1294 1576 digna
1313 1503 1347 1558 et
1368 1486 1651 1561 consideratione
1674 1504 1710 1559 et
1726 1492 1993 1582 deploratione,
2021 1490 2181 1558 videmus

142 1627 162 1672 a
196 1597 372 1688 Belgrado
407 1592 588 1664 continuis
622 1591 767 1684 praeliis
801 1593 954 1664 duorum
985 1593 1136 1677 dierum,
1187 1584 1246 1658 hic
1265 1591 1416 1659 deletam
1440 1607 1514 1660 esse
1536 1592 1745 1661 memoriam
1768 1594 2026 1664 beneficiorum
2045 1590 2178 1660 Hunia-

140 1702 270 1773 uictori
285 1697 475 1788 defatigato
492 1691 734 1784 magnitudine
752 1695 928 1776 laborum,
955 1719 1136 1764 commen·
1188 1694 1254 1761 dae
1269 1692 1397 1784 patris,
1424 1716 1506 1763 cum
1526 1706 1626 1765 tanta
1647 1696 1835 1765 crudelitas
1851 1696 1890 1764 in
1908 1696 2025 1765 filium
2040 1699 2176 1790 {exerce-

122 1812 124 1817 ’
142 1806 243 1889 danti
258 1825 332 1872 sese
347 1813 383 1871 et
399 1797 549 1892 patriam
564 1796 634 1889 piis
648 1796 905 1868 votisDomino
923 1813 1045 1868 nostro
1059 1797 1136 1868 lesu
1189 1809 1258 1865 tur.
1321 1793 1496 1866 Fortassis
1518 1807 1554 1866 et
1574 1797 1777 1868 adolescens
1798 1812 1944 1889 propter
1967 1798 2080 1890 patris
2110 1796 2178 1887 glo·

144 1904 305 1989 Christo,
331 1916 367 1975 et
381 1896 586 1972 adhortanti
605 1898 698 1972 lilios
713 1899 774 1993 qui
790 1901 939 1972 aderant
951 1900 1138 1986 morituro,
1189 1899 1279 1967 riam
1295 1898 1364 1968 suit
1380 1897 1602 1968 insolentior.
1652 1896 1777 1993 ltaque
1794 1901 2020 1992 propositum
2042 1914 2096 1970 est
2110 1922 2182 1968 cae-

144 2013 189 2082 ad
206 2009 393 2089 virtutem,
418 2003 518 2073 dedit
531 2001 664 2072 exitum
679 2001 858 2092 placidum
877 2016 911 2075 et
931 2004 1138 2092 gloriosum,
1189 2000 1274 2072 teris
1305 2001 1520 2093 exemplum,
1555 2015 1595 2071 ut
1617 2002 1782 2072 fortunae
1807 2002 2089 2074 inconstantiam
2104 1999 2182 2070 me-

146 2110 254 2184 Anno
274 2107 382 2182 1466.
409 2104 546 2195 Quarto
566 2100 651 2174 ldus
666 2102 896 2195 Septembris.
1191 2116 1328 2173 tuentes
1343 2103 1454 2173 simus
1471 2103 1714 2179 modestiores.

248 2210 291 2282 ln
307 2234 348 2282 eo
363 2207 497 2302 praelio
512 2200 741 2277 Mahometus
756 2220 897 2299 accepto
913 2208 1061 2279 vulnere
1083 2231 1139 2278 se·
1292 2201 1419 2276 Postea
1432 2229 1514 2276 curn
1528 2230 1590 2276 rex
1599 2203 1747 2298 Pragam
1763 2209 2062 2300 proficisceretur,
2084 2206 2183 2277 simul

16 2342 22 2349 ·
147 2314 328 2389 mianimis
350 2337 391 2382 ex
415 2310 489 2382 acie
512 2332 532 2379 a
556 2307 630 2378 suis
652 2321 824 2399 gestatus,
860 2333 941 2380 cum
966 2311 1141 2381 amisisset
1192 2331 1234 2376 eo
1252 2302 1443 2378 Matthiam
1459 2308 1625 2395 abducit,
1651 2334 1697 2379 ne
1712 2309 1893 2380 Pannonii
1914 2311 1990 2380 eius
2009 2307 2183 2381 liberandi

147 2419 289 2492 circiter
313 2410 547 2510 quadraginta
569 2410 683 2482 millia
705 2411 861 2485 militum
889 2427 924 2482 et
946 2408 1140 2498 machinas,
1193 2431 1317 2492 causa,
1342 2410 1372 2479 si
1387 2412 1482 2502 apud
1500 2411 1595 2502 ipsos
1611 2413 1893 2506 relinqueretur,
1918 2414 2099 2484 tumultus
2113 2436 2183 2482 mo·

148 2522 288 2614 lugiens
303 2518 412 2589 vitam
431 2512 593 2585 retinuit.
643 2511 716 2584 Nec
733 2527 849 2584 tamen
867 2513 1033 2587 odiorum
1057 2540 1141 2586 cru·
1193 2525 1328 2585 verant.
1366 2510 1437 2581 lam
1455 2535 1578 2584 rursus
1592 2516 1757 2585 fortunae
1773 2516 1867 2587 vices
1879 2517 2084 2591 considera.
2113 2513 2181 2587 Rex

148 2625 274 2697 delitas
298 2620 337 2689 iu
361 2615 508 2690 aemulis
534 2614 671 2706 placato
692 2629 762 2701 est,
788 2617 844 2688 vel
865 2618 973 2688 tantis
996 2618 1142 2705 meritis,
1194 2613 1456 2700 nobilissimus,
1496 2616 1597 2687 cuius
1625 2630 1660 2688 et
1683 2618 1822 2688 indoles
1846 2622 1891 2689 ad
1915 2619 2091 2690 virtutem
2118 2631 2181 2688 erat

150 2730 206 2799 vel
222 2723 370 2795 interitu
385 2718 584 2791 Huniadae.
637 2716 709 2791 Sed
724 2720 842 2810 erupit
860 2720 1045 2815 aliquanto
1064 2736 1143 2813 post
1195 2717 1385 2802 excellens,
1418 2730 1451 2787 et
1471 2741 1589 2789 mores
1610 2713 1767 2806 honesti,
1801 2745 1980 2816 quemque
2004 2723 2178 2814 sperabant

150 2829 306 2901 infilius.
1194 2819 1326 2889 multae
1339 2833 1462 2908 gentes
1476 2822 1653 2910 praesidio
1671 2824 1747 2893 lore
1762 2826 1828 2896 toti
1844 2821 2039 2917 Europae,
2060 2826 2171 2912 inipso

252 2926 380 3000 Comes
395 2919 508 2993 Ciliae
524 2935 564 2993 ut
578 2923 672 3014 patri
687 2920 878 2993 Huniadae
893 2936 1068 2994 struxerat
1085 2924 1152 2993 in-'
1194 2922 1283 2990 flore
1299 2921 1555 2995 adolescentiae
1570 2925 1608 2993 in
1623 2927 1713 2996 urbe
1723 2924 1834 3016 Praga
1849 2928 2031 2998 extinctus
2042 2940 2094 3000 cst.
2120 2923 2165 2992 lbi

152 3033 280 3114 sidias,
306 3029 354 3096 ita
368 3024 459 3094 lilios
476 3024 581 3094 etiam
596 3022 804 3095 Ladislaum
827 3041 863 3097 et
876 3020 1069 3097 Matthiam
1086 3051 1145 3096 ca-
1196 3046 1276 3092 cum
1294 3017 1448 3093 Bohemi
1468 3048 1552 3096 suae
1574 3028 1689 3114 gentis
1707 3029 1823 3098 vinam
1843 3028 2046 3121 Georgium
2069 3029 2172 3116 elegis-

151 3131 301 3206 lumniis
329 3148 515 3220 oppressos
546 3127 671 3197 tollere
701 3142 858 3199 conatur.
923 3123 1145 3200 Criminatur
1197 3138 1275 3195 sent
1304 3149 1443 3216 regem,
1478 3124 1669 3201 Matthiam
1694 3132 1724 3202 is
1748 3133 1876 3204 retinet
1896 3146 2073 3227 tanquam
2097 3131 2178 3200 obsi·

150 3235 374 3315 Ladislaum,
399 3228 591 3321 quodcum
614 3251 732 3319 regem
757 3244 791 3300 et
813 3244 947 3319 partem
972 3231 1144 3302 exercitus
1196 3230 1296 3312 dem,
1322 3242 1362 3298 ut
1377 3241 1516 3299 ostensa
1533 3254 1595 3322 spe
1607 3232 1785 3303 liberandi
1799 3236 2065 3314 adolescentis,
2089 3232 2180 3303 Hon-

151 3343 190 3411 in
215 3358 331 3407 arcem
356 3326 468 3401 Albae
491 3329 707 3414 admisisset,
746 3345 900 3402 caeteros
929 3332 1143 3424 exclusisset,
1196 3353 1362 3420 garorum
1402 3331 1470 3400 sibi
1511 3334 1713 3407 voluntates
1753 3339 1975 3428 adiungeret.
2054 3336 2179 3407 Interea

152 3441 341 3536 pollicetur
366 3431 580 3527 quibusdam
602 3457 666 3522 per
696 3432 816 3505 literas
848 3433 958 3526 capita
990 3439 1142 3506 duorum
1196 3433 1394 3503 avunculus
1420 3430 1595 3506 Matthiae
1629 3437 1668 3506 in
1703 3438 1919 3510 Pannonicis
1953 3441 2183 3511 conventibus

151 3545 308 3614 filiorum
322 3534 524 3607 Huniadae.
573 3530 642 3603 His
660 3535 773 3604 literis
795 3536 941 3627 prolatis
956 3534 1144 3608 Ladislaus
1195 3559 1271 3603 non
1302 3530 1368 3604 hoc
1400 3534 1514 3606 solum
1547 3539 1638 3629 agit,
1677 3554 1718 3612 ut
1749 3556 1953 3634 reposcatur
1987 3545 2183 3613 adolescens

152 3643 287 3719 accedit
308 3636 510 3720 Cilianum‚
550 3649 590 3707 ut
612 3659 732 3707 coram
764 3661 845 3707 cum
870 3663 910 3707 co
937 3641 1143 3732 expostulet.
1196 3639 1374 3728 captivus,
1415 3639 1474 3707 sed
1506 3641 1611 3710 etiarn
1645 3661 1683 3716 ut
1715 3669 1774 3715 rex
1798 3643 2006 3738 Hungariac
2032 3648 2184 3736 eligatur.

152 3746 267 3821 Aiunt
284 3739 465 3815 Cilianum
486 3738 640 3830 priorem
659 3741 816 3830 rapuisse
833 3739 991 3830 gladium
1011 3766 1052 3813 ex
1066 3767 1141 3813 ma·
1197 3737 1322 3832 ltaque,
1343 3740 1517 3812 divinitus
1540 3768 1668 3833 magno
1689 3771 1864 3819 consensu
1887 3773 2081 3841 procerum
2097 3748 2186 3818 Mat·

153 3852 261 3921 nibus
283 3843 429 3918 astantis
449 3840 629 3925 satellitis,
654 3865 693 3911 ac
716 3841 787 3910 iam
808 3842 1011 3930 ferientem,
1035 3870 1053 3914 a
1073 3844 1144 3915 La·
1196 3837 1289 3911 thias
1312 3865 1372 3911 rex
1389 3840 1593 3933 Hungariae
1614 3849 1745 3919 electus
1767 3865 1838 3938 est,
1872 3865 1907 3922 ct
1922 3852 2025 3922 missi
2041 3868 2126 3923 sunt
2139 3852 2186 3920 le-

155 3954 287 4030 dislao,
326 3947 390 4041 qui
413 3966 534 4025 causa,
575 3942 820 4033 magnitudine
842 3946 972 4032 animi,
1006 3947 1144 4033 robore,
1196 3943 1266 4034 gui
1284 3945 1328 4013 ad
1347 3968 1462 4034 regem
1479 3943 1712 4021 Bohemieum
1724 3952 1943 4044 Georgium,
1975 3956 2039 4049 qui
2056 3953 2188 4025 dimitti

153 4079 221 4128 usu
237 4049 386 4122 militiae
399 4047 505 4136 longe
519 4046 761 4130 antecellebat,
779 4047 963 4138 repulsum
975 4063 1010 4120 ct
1025 4065 1143 4139 postea
1196 4059 1467 4138 competerent.
1520 4047 1715 4124 Laudanda
1735 4057 1948 4126 estomnino
1966 4055 2118 4151 Georgii
2136 4061 2189 4127 iu-

153 4156 355 4228 confossum
371 4172 456 4221 esse.
508 4145 595 4218 Mox
613 4149 656 4217 ad
671 4170 786 4238 regem
805 4149 938 4220 accedit
959 4150 1144 4221 Ladislaus
1196 4149 1294 4219 stiria
1321 4164 1356 4219 et
1378 4153 1588 4240 prudentia,
1625 4170 1659 4225 et
1686 4161 1782 4249 qnod
1803 4159 2065 4231 adolescentem
2087 4186 2189 4257 quem

150 4283 230 4331 cum
247 4254 326 4326 aliis
341 4251 464 4322 multis
478 4250 691 4342 proceribus,
710 4263 744 4320 et
756 4251 839 4320 sacti
852 4276 973 4322 causas
987 4255 1142 4345 exponit.
1196 4251 1337 4321 ridebat
1359 4255 1401 4320 ad
1429 4276 1575 4343 regnum
1599 4260 1745 4344 vocari,
1761 4263 1858 4353 quod
1879 4262 2096 4353 adpetebant
2118 4266 2189 4350 alii,

149 4358 359 4434 Dissimulat
386 4376 446 4424 rex
471 4353 630 4422 dolorem
653 4367 688 4423 et
702 4353 808 4437 iram,
834 4354 924 4423 etin
947 4357 1140 4446 praesentia
1195 4377 1269 4422 non
1293 4355 1452 4439 sustulit,
1478 4369 1511 4425 et
1526 4361 1621 4451 quod
1638 4362 1794 4433 suturam
1811 4364 1886 4432 eius
1903 4367 2188 4456 magnitudinem

149 4461 283 4556 petenti
299 4455 477 4551 promittit
491 4454 594 4523 fidem
612 4454 804 4544 publicam.
842 4453 968 4527 Postea
982 4472 1017 4527 ct
1033 4473 1143 4530 mater
1193 4457 1431 4547 prospiciens,
1470 4458 1517 4528 ita
1539 4485 1620 4529 eum
1643 4463 1797 4552 dimisit,
1831 4481 1870 4538 ut
1893 4467 2020 4538 foedus
2044 4495 2126 4541 cum
2150 4494 2187 4540 eo

150 4569 190 4639 tit
224 4562 298 4652 regi
336 4558 502 4652 supplex,
545 4560 638 4646 apud
672 4583 778 4650 quam
807 4558 971 4643 adfirmat
1002 4559 1076 4631 lilio
1105 4585 1142 4631 se
1196 4571 1404 4650 perpetuum
1421 4560 1570 4647 laceret,
1596 4578 1630 4635 et
1646 4565 1755 4636 filiam
1772 4570 1804 4638 ei
1822 4593 1967 4639 uxorem
1982 4572 2097 4648 daret.
2139 4571 2188 4642 lta

147 4671 338 4759 ignoscere,
363 4676 398 4733 et
411 4658 628 4730 oblivionem
646 4659 728 4729 facti
744 4673 778 4729 et
793 4655 1006 4755 ἀμνηστίαν
1018 4664 1142 4750 sancit,
1194 4685 1236 4730 ex
1248 4685 1397 4747 carcere
1422 4665 1465 4732 ad
1486 4687 1636 4754 regnum
1653 4666 1826 4742 Matthias
1847 4674 1995 4744 eductus
2014 4692 2089 4757 est,
2115 4700 2187 4745 non

146 4761 542 4840 donatetiarnbadislao
560 4777 926 4852 purpureamvestem,
941 4765 998 4833 cui
1014 4789 1139 4835 aurum
1193 4788 1256 4855 per
1277 4764 1489 4834 seditionem
1512 4781 1546 4838 et
1563 4768 1702 4840 civilem
1722 4797 1905 4858 cruorem,
1931 4778 1992 4845 sed
2015 4779 2187 4868 singulari

147 4885 221 4942 erat
250 4871 436 4938 intextum.
496 4859 565 4934 Sed
591 4863 682 4931 male
709 4879 801 4934 sarta
827 4867 941 4954 gratia
965 4891 1038 4936 non
1071 4869 1140 4939 fuit
1192 4865 1342 4936 consilio
1357 4863 1445 4947 Dei,
1472 4892 1601 4960 magno
1618 4874 1780 4946 omnium
1803 4877 2007 4970 principum
2032 4893 2068 4952 et
2089 4882 2186 4953 ordi-

144 4975 333 5054 diuturna,
371 4978 405 5037 et
428 4965 532 5035 novis
555 4965 743 5034 calumniis
768 4980 884 5037 vetera
912 4969 1058 5039 vulnera
1082 4995 1138 5039 re·
1191 4992 1277 5039 num
1295 4991 1480 5039 consensu.

143 5071 410 5148 scindebantur.
476 5067 559 5138 ldeo
583 5067 766 5160 aliquanto
790 5085 869 5158 post
894 5068 1081 5141 Ladislaus
1104 5089 1136 5144 et
1292 5066 1476 5141 Exercitus
1491 5095 1570 5141 eum
1584 5072 1809 5166 Hungaricus
1823 5081 2019 5154 adductum
2039 5084 2186 5178 Georgii

142 5172 313 5251 Matthias
343 5197 422 5242 eum
453 5169 576 5240 amicis
608 5170 746 5262 aliquot
773 5171 1011 5245 familiaribus
1040 5176 1134 5268 capti
1188 5173 1359 5242 comitatu
1384 5177 1428 5242 ad
1452 5187 1642 5245 extremam
1667 5180 1766 5268 regni
1782 5176 1969 5255 Bohemici
1993 5212 2094 5260 oram
2143 5195 2184 5263 ad

139 5296 232 5366 sunt,
249 5293 283 5351 et
293 5272 509 5348 chadislao
524 5273 714 5341 crudeliter
724 5273 937 5363 supplicium
951 5290 1132 5369 sumptum
1186 5276 1321 5345 flumen
1338 5273 1526 5345 Moravam
1550 5280 1702 5371 excepit,
1728 5297 1764 5354 et
1783 5281 1922 5354 Budam
1946 5290 2043 5361 inter
2065 5246 2184 5384 grhtu.

137 5399 206 5469 ast,
251 5382 289 5453 in
324 5402 394 5474 quo
427 5374 653 5446 innocentiae
688 5377 932 5447 testimonium
966 5381 1131 5450 mirando
1186 5357 1337 5448 lationes
1360 5378 1493 5472 ubique
1517 5383 1779 5454 occursantium
1804 5382 1995 5461 hominum
2015 5410 2049 5466 et
2073 5399 2184 5468 fausta

136 5487 297 5579 exemplo
313 5478 410 5553 Deus
425 5479 563 5552 tribuit.
712 5554 715 5561 ,
1184 5481 1384 5573 optantium
1402 5481 1503 5554 dixit.
1556 5481 1613 5555 lbi
1629 5486 1668 5556 in
1691 5490 1826 5583 templo
1850 5493 1995 5583 publice
2012 5494 2090 5571 Deo
2107 5525 2183 5593 gra·
