4672 6016
131 306 226 385 m
787 303 950 388 onon
986 301 1064 385 na
1096 305 1542 411 retrusorum.-
1867 305 1886 353 t
2105 318 2198 401 ers.

130 498 235 560 vetas
261 482 432 571 iniurias,
464 495 610 577 propter
634 482 816 580 publicam
837 507 979 578 pacem,
1011 497 1134 558 nostra
1183 497 1225 557 ut
1239 484 1367 558 sentiat
1381 480 1557 571 Ecclesia,
1582 498 1880 583 nostrae·quoque
1894 489 2095 567 dilectionis
2110 497 2179 571 ali·

130 590 388 666 commoditate
420 588 599 678 placemus
626 588 779 660 aliorum
807 587 945 659 animos
967 585 1132 675 offensos,
1184 611 1253 682 qua
1278 587 1404 660 officia.
1463 587 1636 660 Moveant
1653 613 1718 660 nos
1736 615 1808 660 non
1833 607 1967 664 tantum
1987 603 2179 688 praesentis

130 693 247 769 amice
262 716 302 761 ae
315 690 454 784 placide
472 691 696 762 conferamus
720 714 801 763 cum
827 690 907 761 aliis
924 691 968 759 de
984 689 1151 781 dogma·¹
1182 691 1354 785 temporis
1364 689 1539 783 pericula,
1561 696 1619 761 sed
1638 693 1743 763 etiam
1757 695 1989 786 posteritatis,
2011 701 2067 771 cni
2082 717 2176 775 certe

131 797 234 871 tibus
258 793 441 885 religionis
467 805 502 864 et
526 793 751 882 gravioribus
765 792 1036 875 controversiis,
1062 792 1130 887 ipsi
1182 794 1370 874 debemus,
1392 807 1565 887 quantum
1582 819 1644 885 per
1659 818 1724 865 nos
1740 810 1873 886 potest,
1895 799 2096 895 relinquere
2104 800 2176 877 Ec.

130 893 231 972 nihil
243 908 376 969 temere
392 896 688 998 pronunciemus,
710 895 781 966 nisi
791 896 836 966 de
849 894 1033 967 communi
1048 918 1130 966 sen-
1181 895 1323 966 clesiam
1346 909 1468 967 nostra
1492 897 1682 967 concordia
1711 913 1965 975 conservatam.
2030 902 2173 996 Cogite.

131 999 247 1076 tentia
270 1023 350 1070 cum
372 997 591 1070 doctioribus
615 998 805 1088 diligenter
824 997 969 1083 collata,
992 997 1023 1067 si
1041 997 1128 1091 quid
1180 996 1416 1093 mnsnnllum
1432 1020 1497 1068 nos
1512 994 1656 1069 Christo
1672 1000 1805 1090 gratius
1821 1001 1997 1088 officium,
2031 1009 2172 1081 nullum

131 1101 278 1177 abaliis
302 1101 536 1202 tolerabiliter
559 1101 695 1172 dictum
721 1112 792 1183 est,
827 1123 902 1173 non
926 1099 1044 1169 statim
1069 1123 1129 1170 ca·
1165 1095 1256 1179 ¹Deo
1270 1098 1495 1170 sacratiorem
1519 1096 1670 1172 hostiam
1697 1127 1737 1171 ac
1754 1104 2020 1194 acceptatiorem
2035 1109 2170 1182 cultum

129 1204 312 1279 lumniose
333 1203 566 1293 exagitemus,
596 1202 627 1273 si
651 1202 739 1297 quid
761 1215 936 1287 erratum,
973 1201 1129 1275 fraterne
1179 1215 1356 1293 praestare
1371 1224 1486 1293 posse.
1526 1202 1783 1275 suavissimum
1800 1219 1852 1274 est
1867 1202 2015 1278 Davidis
2029 1233 2170 1284 carmen

129 1307 360 1383 admonendo
389 1305 618 1396 corrigamus.
680 1303 846 1399 Denique
870 1304 1127 1397 coniungamus
1179 1307 1224 1374 de
1253 1304 1442 1375 concordia
1473 1301 1671 1376 Ecclesiae:
1710 1302 1802 1376 Ecce
1828 1332 1934 1399 quam
1969 1313 2102 1382 bonurn
2134 1331 2169 1387 et

129 1411 250 1485 studia
269 1422 303 1479 et
319 1430 444 1500 operas
464 1421 626 1500 mutuas,
651 1421 692 1479 ut
707 1421 800 1481 extet
814 1407 907 1478 clare
921 1420 954 1478 et
976 1429 1126 1476 consen·
1178 1429 1283 1500 quam
1308 1409 1505 1477 iucundum
1524 1421 1608 1493 etc,
1633 1409 1671 1477 in
1695 1433 1766 1502 qno
1788 1410 1951 1480 meminit
1968 1411 2169 1488 Sacerdotis
2283 1434 2289 1444 ·

128 1513 224 1589 deos
239 1510 428 1603 explicatio
443 1510 553 1583 totins
566 1510 767 1594 doctrinae,
793 1509 832 1579 in
848 1532 919 1603 qua
935 1503 1026 1578 nihil
1041 1503 1126 1579 hae-
1176 1518 1300 1595 Arnn,
1326 1524 1365 1580 nt
1379 1509 1547 1600 significet
1567 1533 1605 1579 se
1628 1514 1672 1580 de
1686 1511 1875 1581 concordia
1892 1515 2094 1585 docentium
2113 1518 2168 1589 lo·

127 1629 204 1691 reat
226 1613 403 1706 perplexi,
435 1608 530 1683 nihil
552 1612 726 1704 ambigui:
761 1612 800 1681 in
816 1634 972 1697 summa,
999 1636 1126 1705 quem-
1177 1611 1256 1704 qui,
1289 1625 1324 1684 et
1346 1635 1420 1681 esse
1443 1611 1627 1703 proprium
1655 1611 1920 1700 Sacerdotium,
1955 1628 1989 1685 et
2009 1617 2167 1708 gratissi.

126 1717 325 1793 admodum
352 1715 441 1786 alios
463 1715 625 1786 videmus
639 1740 705 1808 pro
722 1714 795 1785 suis
812 1712 1125 1785 commoditatibus
1175 1737 1275 1784 mum
1287 1712 1364 1786 Deo
1382 1714 1534 1799 cultum,
1559 1714 1796 1786 concordibus
1811 1716 1940 1786 animis
1956 1718 2083 1790 docere
2099 1745 2165 1814 pu-

126 1819 318 1897 ombitiose
339 1831 374 1888 et
395 1819 615 1891 contentiose
639 1817 708 1888 niti
729 1841 769 1888 ac
790 1839 967 1909 pugnare,
992 1815 1040 1887 ita
1058 1837 1124 1885 nos
1175 1839 1255 1886 rum
1289 1819 1437 1886 verbum
1463 1813 1543 1890 Dei.
1608 1815 1721 1887 Addit
1746 1818 1791 1888 de
1821 1818 1980 1889 balsamo
2008 1832 2042 1890 et
2074 1846 2166 1908 rore,

125 1915 453 2023 φιλοτιμουμένοι,
487 1935 528 1992 nt
545 1918 698 1991 Paulino
720 1920 829 1990 verbo
848 1931 951 2003 utar,
974 1917 1124 2012 etquasi
1176 1920 1261 2012 qnia
1285 1932 1318 1989 et
1341 1915 1498 1989 Ecclesia
1521 1911 1587 1988 hac
1610 1920 1797 1989 concordia
1814 1921 1960 1990 mirifice
1977 1938 2166 2013 recreatur,

124 2026 293 2100 affectato
328 2023 447 2094 studio
469 2017 537 2093 hcc
563 2045 725 2113 agamus,
766 2034 807 2093 ut
833 2021 878 2091 sit
903 2020 943 2088 in
963 2015 1123 2090 Ecclesia
1175 2033 1210 2091 et
1235 2021 1273 2090 in
1296 2021 1501 2095 universum
1524 2020 1589 2092 toti
1612 2021 1704 2091 vitae
1719 2016 1906 2091 hominum
1929 2018 2166 2098 nihileanti-

125 2140 270 2213 unda,
292 2137 402 2211 tecta,
428 2127 522 2196 etad
540 2140 697 2217 posteros
718 2123 824 2194 etiam
841 2121 1015 2192 durabilis
1036 2146 1124 2193 con·
1175 2122 1265 2208 lius,
1301 2118 1395 2193 nihil
1416 2121 1603 2193 salubrius.
1668 2121 1738 2193 Sed
1763 2123 1885 2194 desino
1917 2119 2003 2197 haec
2025 2127 2166 2219 longius

124 2228 263 2309 cordia.
314 2224 382 2299 Est
396 2227 493 2298 enim
512 2241 547 2300 et
564 2221 632 2297 hoc
648 2227 742 2297 inter
763 2225 875 2296 multa
889 2219 996 2294 huius
1017 2246 1123 2315 gene·
1174 2225 1357 2320 persequi,
1389 2223 1492 2303 vobis
1514 2247 1598 2294 vero
1624 2225 1685 2317 qni
1708 2226 1750 2294 ad
1774 2228 1974 2295 docendum
1992 2233 2164 2302 accessuri

124 2335 176 2409 ris
203 2329 427 2405 sanctissima
459 2341 644 2423 praecepta
669 2327 775 2399 Pauli
805 2327 849 2397 ad
875 2321 1008 2417 Ephes.
1041 2349 1121 2396 cum
1174 2328 1275 2413 estis,
1301 2328 1510 2397 commendo
1532 2339 1567 2396 et
1584 2326 1700 2419 ipsum
1725 2326 1981 2414 ministerium,
2005 2343 2047 2400 ut
2064 2331 2104 2400 in
2121 2357 2163 2405 eo

125 2434 229 2513 omni
269 2429 490 2517 humilitate,
538 2431 674 2525 inquit,
716 2454 797 2502 cum
832 2429 1123 2513 mansuetudine,

130 2562 209 2613 cnm
222 2535 395 2631 patientia
411 2535 558 2645 toleratp
572 2533 724 2604 invicem
748 2532 787 2602 in
808 2526 998 2616 charitate,
1023 2530 1122 2600 solli-

134 2639 195 2714 citi
221 2662 365 2710 servare
395 2637 567 2708 unitatem
602 2636 748 2727 spiritns
781 2634 820 2703 in
846 2633 991 2703 vinculo
1014 2633 1121 2725 pacis.

134 2740 308 2817 Unitatcm
331 2740 476 2831 spiritus
505 2739 696 2832 praecipit,
724 2731 796 2807 vhoc
822 2750 875 2807 est
891 2760 1010 2805 veram
1035 2759 1121 2804 con·

125 2845 327 2917 tensionem
343 2842 543 2928 doctrinae,
566 2854 601 2912 et
617 2865 694 2911 eam
712 2839 829 2933 inquit
844 2838 1020 2908 contineri
1036 2861 1121 2930 pace

124 2960 159 3021 et
178 2945 391 3032 concordia,
426 2957 595 3039 tanquam
624 2943 782 3016 vinculo.
844 2937 984 3011 Deinde
1014 2935 1121 3010 huius

124 3049 319 3123 sollicitum
334 3047 490 3117 studium
506 3046 677 3137 requirit,
699 3059 735 3115 et
747 3043 921 3133 significat
935 3065 1009 3110 non
1020 3066 1121 3133 posse

124 3150 330 3225 conservari
348 3143 527 3216 Ecclesiae
553 3146 799 3231 concordiam,
832 3145 903 3213 nisi
920 3143 1039 3215 adsint
1055 3138 1121 3212 hae

1174 2452 1311 2500 summa
1336 2428 1508 2519 religione
1537 2429 1745 2512 versemini,
1776 2442 1810 2501 et
1838 2432 1882 2497 ad
1905 2430 1996 2500 illud
2010 2431 2164 2507 afferatis

1172 2532 1383 2603 acerrimum
1407 2531 1618 2600 concordiae
1641 2529 1809 2599 studium.
1869 2526 2025 2602 Oremus
2047 2548 2164 2606 autem
2215 2521 2217 2527 ¹

1174 2624 1308 2718 Deum,
1343 2647 1382 2702 nt
1405 2633 1510 2702 nobis
1528 2634 1662 2700 donum
1682 2629 1889 2720 Evangelii,
1921 2658 1993 2726 quo
2022 2638 2162 2708 nullum

1174 2736 1212 2805 in
1246 2737 1350 2807 terris
1375 2735 1490 2805 maius
1516 2728 1705 2819 habemus,
1744 2759 1806 2825 pru
1835 2759 1896 2805 sua
1923 2735 2177 2811 misericordia

1173 2853 1366 2909 conservet.
1417 2834 1514 2907 Dixi.

124 3255 298 3335 uirtutes,
323 3243 525 3331 humilitas,
547 3248 801 3326 mansuetudo,
823 3244 1012 3338 patientia,
1041 3244 1123 3337 qui·
1233 3292 1244 3315 .
1316 3287 1324 3310 .

124 3355 196 3427 hus
223 3355 318 3422 inter
348 3369 416 3418 nos
441 3362 569 3419 mutuo
601 3347 804 3418 toleremus.
862 3343 1026 3417 Christus
1049 3347 1123 3436 ipse

124 3457 201 3528 iam
228 3453 443 3523 discessurus
464 3473 485 3519 a
506 3450 597 3534 suis,
630 3444 698 3520 hoc
717 3471 833 3537 unum
850 3447 1056 3517 mandatum
1074 3446 1123 3519 ait

124 3580 164 3628 se
192 3555 412 3649 relinquere,
452 3567 492 3623 ut
524 3552 678 3621 invicem
719 3550 887 3639 diligant,
932 3572 996 3618 nec
1030 3549 1124 3640 piget

124 3659 245 3750 ipsum
268 3651 335 3726 hoc
359 3668 582 3748 praeceptum
607 3653 737 3725 iterum
753 3667 859 3745 atque
876 3652 1003 3721 iterum
1021 3675 1122 3742 repe-

126 3773 201 3832 tete
235 3772 267 3830 et
307 3756 503 3843 inculcare,
536 3772 575 3829 ul
603 3755 795 3846 significet,
828 3766 981 3844 quantae
1018 3776 1122 3822 cetrae

130 3863 215 3932 velit
238 3885 311 3929 esse
336 3858 397 3942 iis,
431 3857 494 3952 qui
516 3872 682 3949 praesunt
703 3853 881 3929 Ecclesiis.
942 3846 1062 3944 Quare
1089 3870 1123 3927 et

133 3959 316 4034 nobishoc
340 3961 575 4044 inculcemus,
604 3975 644 4030 ut
660 3983 797 4050 semper
814 3958 861 4028 oh
879 3958 1000 4028 oculos
1016 3971 1050 4027 et
1065 3959 1122 4026 in·

134 4064 237 4136 lixum
260 4064 390 4135 animis
410 4058 614 4135 habeamus.
670 4061 828 4130 Maxima
852 4061 1005 4152 pericula
1027 4073 1122 4144 sum,

136 4191 219 4261 quae
242 4181 425 4261 expectare
449 4180 587 4257 oportet
611 4164 688 4255 pios
705 4165 865 4234 doctores
888 4178 1031 4254 propter
1052 4157 1122 4232 Ec·

138 4269 291 4355 cloiam,
315 4293 333 4338 a
350 4267 480 4338 Satana
496 4280 528 4336 et
546 4267 700 4348 mundo,
725 4264 856 4333 multae
873 4278 955 4334 sunt
970 4263 1123 4334 difficul-

130 4364 236 4451 tates,
270 4385 305 4441 et
329 4371 576 4455 incommoda,
612 4367 761 4462 quaein
786 4362 1123 4458 ipsocoetchcle·

141 4473 202 4544 siae
218 4475 392 4546 incidunt.
444 4470 515 4542 Hic
540 4485 681 4562 oportet
706 4493 778 4537 esse
797 4493 958 4558 magnam
978 4469 1050 4536 vim
1066 4469 1122 4537 di-

143 4573 311 4648 lectionis.
346 4600 435 4671 quae
457 4589 684 4644 contemnere
708 4571 818 4661 possit
841 4571 1016 4663 pericula,
1044 4595 1123 4662 per·

1467 3421 1543 3506 De
1570 3420 1876 3534 philosophia.

1245 3585 1325 3658 Apud
1346 3584 1420 3640 Crat.
1440 3581 1513 3655 Myl.
1531 3601 1557 3653 p.
1570 3582 1628 3640 28„
1652 3581 1679 3635 io
1697 3581 1850 3638 Declamat.
1868 3581 1902 3636 Τ.
1916 3580 1937 3637 Ι.
1955 3599 1983 3654 p.
1996 3579 2076 3653 dib„
2099 3581 2165 3641 Ser.
2291 3564 2295 3574 ¹

1275 3662 1340 3712 rest.
1356 3657 1379 3708 1.
1399 3673 1426 3726 p.
1442 3653 1502 3707 296.
1521 3663 1547 3706 et
1565 3650 1693 3707 Richard.
1707 3653 1729 3706 1.
1749 3670 1777 3726 p.
1791 3651 1834 3708 80.

1173 3817 1234 3888 De
1248 3809 1485 3908 philosophia
1498 3817 1620 3887 oratio
1633 3817 1907 3906 moranciaco,
1932 3834 2018 3886 crem
2035 3811 2166 3886 decer·

1173 3928 1330 3992 necetur
1349 3915 1497 4014 gradus
1519 3919 1734 4012 Magisterii
1757 3914 1979 4008 quibasdam
1993 3914 2114 3991 doctis
2129 3925 2169 3990 et

1199 4020 1366 4103 honestis
1380 4017 1584 4092 iuvenibus.
1609 4017 1706 4091 Phil.
1716 4019 1803 4092 Mel.
1842 4021 1894 4092 M.
1903 4020 1953 4091 D.
1962 4022 2140 4092 XXXVI.
2163 4122 2166 4135 Ι

1175 4157 1297 4262 Spero
1313 4193 1428 4240 mores
1451 4194 1548 4240 meos
1569 4169 1617 4240 ita
1634 4168 1736 4239 vobis
1760 4169 1927 4240 omnibus
1941 4170 2117 4263 inspectos
2133 4185 2167 4244 et

1174 4287 1281 4344 notos
1302 4296 1395 4357 esse,
1426 4285 1468 4343 ut
1488 4272 1590 4342 facile
1612 4272 1823 4363 persuadere
1843 4270 1996 4364 possim,
2021 4296 2166 4344 menon
2193 4311 2196 4319 ·

1175 4374 1417 4469 impudentia,
1450 4387 1512 4446 aut
1535 4374 1663 4444 fiducia
1683 4373 1838 4463 ingenii,
1871 4387 1932 4443 aut
1951 4378 2168 4474 πολυπραγ-

1174 4468 1321 4570 μοσύνῃ
1341 4476 1460 4570 aliqua
1497 4470 1562 4544 has
1593 4470 1682 4545 mihi
1715 4476 1858 4546 dicendi
1891 4491 2005 4566 partes
2036 4477 2164 4546 iterum

1175 4581 1375 4669 sumpsisse,
1426 4576 1515 4647 Nam
1533 4596 1613 4648 cnm
1628 4579 1810 4650 mandaret
1825 4602 1881 4648 eas
1899 4571 1985 4644 milri
2000 4577 2056 4647 vir
2071 4578 2166 4668 opti-

143 4676 221 4748 letre
250 4701 372 4748 omnes
407 4678 634 4758 acerbitates,
677 4674 827 4745 tolerare
855 4687 888 4744 el
921 4675 1123 4743 condonare
1176 4705 1256 4751 mus
1276 4675 1437 4750 Iacobus
1457 4673 1664 4749 Milichius
1687 4677 1851 4750 Decanus
1869 4677 2020 4768 Collegii
2040 4680 2165 4761 nostri,

145 4776 297 4866 iniurias,
323 4780 457 4850 mederi
479 4777 725 4848 incommodis.
776 4774 1124 4857 llaecnonlacinnt,
1176 4783 1236 4878 qui
1263 4797 1407 4875 propter
1429 4783 1602 4872 egregiam
1626 4782 1810 4866 virtutem,
1846 4806 1885 4851 ac
1908 4780 2107 4852 studiorum
2133 4796 2167 4853 et

145 4884 194 4972 qui
208 4909 280 4953 non
295 4907 335 4952 ex
349 4884 470 4951 animo
486 4880 690 4951 afficiunlul'
702 4875 879 4948 Ecclesiae
894 4877 1064 4957 miseriis,
1090 4891 1125 4946 el
1177 4886 1412 4979 plurimorum
1430 4884 1864 4963 officiorumsoeietatem‚
1896 4876 2169 4954 mihicharisgi.

145 4982 207 5055 eins
236 4986 471 5075 integritatem
504 5008 545 5054 ac
571 4983 738 5066 salutem,
780 5004 841 5050 sua
870 4980 1029 5070 ipsorum
1052 4980 1123 5048 vita
1176 5011 1255 5058 mus
1268 5001 1340 5073 est,
1368 4989 1538 5056 movebar
1552 4990 1704 5079 quadam
1723 4985 1830 5055 officii
1849 4984 2004 5069 ratione,
2029 4999 2070 5056 ut
2089 5011 2169 5056 mo·

147 5077 327 5159 chariorem
364 5084 508 5157 habent.
583 5083 706 5178 ltaque
747 5083 974 5153 subiiciamus
1011 5083 1125 5167 nobis,
1177 5113 1250 5159 rem
1272 5090 1467 5180 gerendum
1495 5112 1569 5159 esse
1592 5088 1697 5159 amici
1718 5087 1894 5158 voluntati
1921 5086 2168 5158 existimarem.

148 5206 203 5275 qua
229 5187 399 5261 charitate
431 5213 496 5259 nos
527 5189 728 5279 complexus
753 5186 798 5256 sit
822 5180 1004 5268 Christus,
1043 5209 1125 5256 cum
1175 5190 1299 5287 Neque
1315 5214 1379 5282 ego
1403 5213 1482 5261 sum
1506 5192 1594 5261 adeo
1615 5190 1802 5273 Suffenus,
1827 5201 1888 5259 aut
1910 5188 2061 5260 ridicule
2076 5183 2166 5257 mihi

148 5305 200 5370 lm
225 5294 326 5364 nobis
357 5291 551 5362 liberandis
575 5314 616 5360 ex
641 5289 776 5358 diaboli
804 5311 934 5377 regno,
972 5301 1125 5377 peccalo,
1177 5296 1315 5387 placeo,
1347 5308 1388 5364 nt
1409 5293 1568 5384 ignorem
1593 5294 1780 5387 plerosque
1803 5291 1891 5361 alios
1905 5290 1945 5360 in
1966 5285 2031 5361 hac
2045 5285 2166 5360 schola

149 5405 245 5464 morte
266 5412 300 5465 et
321 5396 463 5477 inieris,
497 5393 704 5482 sanguinem
726 5415 829 5461 sunm
844 5390 1023 5482 proludit,
1047 5389 1124 5461 etsi
1176 5419 1267 5480 esse,
1294 5409 1328 5467 et
1344 5410 1470 5467 natura
1486 5397 1597 5485 magis
1615 5397 1783 5477 idoneos,
1809 5406 1843 5464 et
1859 5393 2020 5464 doctrina
2037 5391 2166 5460 melius

150 5491 276 5577 quidem
296 5499 371 5568 eins
398 5495 564 5588 discipuli
588 5489 712 5566 haberi
740 5492 922 5571 volumus,
955 5490 1124 5565 iaciamus
1176 5499 1368 5571 instructos
1391 5500 1435 5569 ad
1460 5497 1668 5585 dicendum,
1701 5520 1807 5590 quam
1823 5517 1886 5588 ego
1906 5518 2003 5577 sum,
2037 5493 2168 5587 quibus

1561 5598 1636 5670 18*
