4672 6016
146 312 223 390 807
617 296 778 380 DECL.
829 298 904 377 DE
933 296 1277 377 FRlDERlCO
1308 298 1725 385 nauntuosst.
2118 308 2192 387 808

150 488 327 561 studiosos
355 482 506 575 optarim
534 479 571 549 in
596 474 819 549 Germanicis
840 476 946 546 rebus
970 475 1144 546 ornandis
1167 492 1171 513 ¹
1192 475 1352 558 maniae,
1384 477 1483 547 daret
1507 477 1674 566 auspiciis
1699 468 1756 549 sui
1776 478 1930 573 imperii.
1981 476 2032 553 Et
2046 493 2088 552 ut
2107 476 2194 557 hant

151 590 352 671 elaborare,
377 584 460 678 quia
482 585 586 651 viden
605 578 789 670 Principes
811 593 951 649 nostros
974 580 1144 649 laudatis-
1194 579 1365 649 iacturam
1400 580 1539 649 facilius
1566 580 1692 666 ferret,
1728 582 1827 655 ausit
1852 577 1991 653 honore
2021 585 2193 657 familiam

152 692 251 765 simis
281 686 442 779 Regibus
469 700 573 777 atque
602 681 896 773 lmpcratoribus,
930 676 1077 751 Graecis
1109 692 1145 750 et
1194 677 1429 753 Austriacam.
1478 677 1570 751 Cum
1586 682 1682 752 enim
1698 697 1802 754 antea
1820 681 2056 757 Marchiones
2070 702 2195 775 essent,

152 791 339 870 Romanis,
361 788 460 859 omni
477 786 647 857 virtutum
665 808 792 871 genere
809 807 909 874 pares
925 807 1007 857 esse.
1042 781 1144 872 Qua·
1193 795 1280 854 tunc
1297 783 1343 852 ab
1360 780 1576 876 imperatore
1592 786 1711 855 ducali
1735 787 1841 856 titulo
1858 787 1978 858 ornati
1992 802 2092 863 sunt.
2149 788 2193 863 lta

154 921 193 968 re
220 893 357 964 institui
390 888 587 961 orationem
615 888 663 975 de
695 886 880 957 Friderico
907 885 1143 969 Aenobarbo,
1195 897 1230 955 et
1251 882 1391 955 Bavaro
1412 886 1588 979 acquitate
1616 885 1844 979 Imperatoris
1874 891 2084 980 amplificati
2117 910 2192 966 sunt

155 997 256 1070 cuius
287 994 350 1064 etsi
382 1017 437 1062 res
467 1007 579 1080 gestas
609 1013 885 1059 commemorare
919 1011 1042 1057 omnes
1071 1010 1146 1055 non
1195 986 1282 1056 lines
1296 1003 1331 1057 ct
1344 1012 1447 1057 causa
1466 989 1619 1077 ingentis
1638 989 1723 1059 belli
1738 993 1876 1062 sublata
1894 1008 1960 1065 est.
2010 991 2190 1084 Quantum

155 1122 317 1194 possum,
339 1110 456 1165 tamen
470 1095 642 1187 quaedam
660 1090 840 1179 eligemus,
866 1114 906 1160 cs
922 1091 1054 1183 quibus
1070 1089 1146 1158 eius
1195 1104 1314 1160 autem
1330 1089 1445 1159 laudis
1461 1085 1547 1160 boec
1561 1093 1761 1163 moderatio
1781 1094 1819 1162 in
1834 1092 2005 1186 Principe
2022 1110 2190 1169 mereatu

157 1199 364 1291 magnitudo
380 1197 491 1265 animi
506 1209 612 1286 atque
627 1192 786 1273 consilii,
812 1192 914 1277 tides,
937 1190 1147 1275 constantia,
1198 1216 1270 1261 nou
1296 1204 1347 1261 est
1362 1194 1565 1267 obscurum.
1615 1192 1723 1265 Nulla
1741 1195 1838 1264 enim
1853 1196 1967 1267 virtus
1989 1199 2129 1287 gratior
2147 1216 2189 1271 est

156 1305 268 1397 pietas
293 1299 486 1370 existimari
513 1308 679 1389 poterunt
688 1294 705 1380 ,'
724 1309 764 1365 ut
786 1294 992 1384 intelligatis
1010 1294 1147 1363 nullam
1198 1293 1236 1363 in
1254 1292 1482 1385 Principibus
1497 1310 1531 1366 et
1546 1292 1701 1388 Reipub.
1718 1297 1831 1388 magis
1851 1300 2072 1386 necessaria,
2092 1326 2187 1395 quan

156 1406 188 1477 ei
207 1404 375 1474 virtutem
397 1400 541 1490 dignam
565 1398 642 1467 viro
665 1418 792 1485 magno
811 1411 846 1469 et
864 1398 960 1467 bono
979 1394 1145 1486 Principe
1198 1396 1344 1489 privatis
1366 1396 1548 1467 affectibus
1569 1410 1603 1468 ct
1625 1401 1825 1469 commodis
1848 1401 2029 1490 publicam
2048 1404 2186 1475 salutern

157 1506 320 1579 defuisse.
370 1500 457 1574 Peto
484 1515 601 1573 autem
634 1523 653 1569 a
682 1497 784 1569 vobis
818 1512 859 1569 ut
881 1522 995 1593 aequo
1027 1498 1147 1567 animo
1197 1521 1281 1568 suae
1299 1498 1436 1590 patriae
1458 1500 1644 1569 anteferre..
1697 1500 1805 1573 Nulla
1823 1517 1874 1574 est
1891 1502 2043 1576 victoria
2065 1505 2187 1595 glotin-

156 1605 250 1681 hanc
264 1630 378 1676 meam
395 1603 683 1673 declamationem
700 1599 864 1687 audiatis,
890 1626 959 1695 qua
976 1601 1069 1670 inre
1086 1623 1148 1668 vos
1199 1601 1289 1685 sior,
1322 1625 1428 1693 quam
1453 1596 1618 1671 cohibere
1640 1602 1801 1675 animum
1826 1618 1859 1674 et
1881 1606 1927 1674 de
1950 1607 2103 1699 proprio
2123 1608 2187 1679 inre

159 1734 302 1806 quoque
322 1706 461 1799 pietatis
485 1707 627 1775 laudem
651 1702 838 1787 auferetis,
870 1702 900 1772 si
927 1726 1049 1773 eorum
1071 1714 1147 1772 stu·
1199 1700 1334 1796 aliquid
1358 1716 1502 1792 propter
1516 1728 1742 1775 communem
1760 1708 2061 1800 tranquillitatem
2077 1710 2187 1782 remit·

158 1812 271 1896 diurn,
294 1810 355 1904 qui
369 1822 516 1878 sumunt
531 1830 676 1899 operam
692 1805 730 1873 in
748 1804 860 1898 patria
875 1806 1048 1888 ornanda,
1065 1826 1150 1896 pro-
1200 1820 1284 1876 tere.
1338 1804 1456 1891 Quam
1473 1807 1604 1876 multas
1622 1808 1772 1897 legimus
1789 1809 1949 1880 civitates
1966 1834 2186 1883 eversasesse

159 1916 246 1986 bare
270 1937 333 1982 vos
358 1910 612 2001 significabitis.
670 1904 749 1977 Etsi
777 1923 895 1978 autem
923 1907 1015 1977 solet
1044 1906 1148 1975 initio
1200 1904 1406 1997 Principum
1424 1908 1621 1979 ambitione
1636 1922 1669 1977 et
1686 1911 1889 2001 pertinacia,
1912 1910 1979 2005 qui
1995 1914 2187 1987 maluentnt

158 2015 283 2088 multis
307 2012 478 2085 encomiis
502 2015 547 2082 de
570 2009 710 2102 generis
734 2009 920 2081 nobilitate
939 2007 1032 2093 dici,
1064 2006 1149 2102 quia
1200 2008 1320 2078 ornuia
1346 2008 1461 2097 potius
1478 2011 1623 2080 miseere
1638 2034 1677 2079 ac
1699 2012 1737 2080 in
1752 2037 1870 2084 casum
1886 2016 1993 2096 dare,
2019 2040 2128 2109 qssam
2142 2016 2184 2087 ci·

159 2118 293 2191 semina
316 2115 458 2186 virtutis
489 2112 677 2206 propagari
697 2136 717 2181 a
745 2111 850 2182 bonis
879 2110 1088 2204 parentibus
1110 2109 1148 2178 in
1199 2112 1277 2181 deri
1291 2112 1345 2180 vel
1363 2111 1542 2182 tantillum
1560 2113 1639 2184 aliis
1655 2113 1791 2187 civibus
1807 2116 1963 2191 cessisse.
2014 2114 2183 2191 flaecm

158 2234 317 2313 posteros
336 2217 600 2302 existimantur,
625 2228 742 2284 tamen
758 2238 822 2304 ego
838 2209 897 2283 hie
916 2214 1060 2283 brevior
1077 2237 1150 2291 cro,
1200 2212 1268 2283 fuit
1283 2235 1386 2282 cansa
1402 2213 1561 2283 civilium
1578 2216 1796 2289 tumultuum
1811 2215 1949 2291 Romae
1967 2216 2093 2307 Marii,
2114 2218 2183 2317 syt

158 2323 242 2418 quia
265 2342 339 2390 non
361 2336 473 2411 potest
496 2342 570 2389 ssse
596 2317 746 2386 obscura
775 2316 944 2386 nobilitas
969 2315 1046 2386 eius
1072 2313 1151 2398 viri,
1201 2316 1275 2395 lac,
1302 2313 1460 2406 Pompei.
1511 2314 1585 2387 Sed
1607 2312 1698 2386 nibil
1716 2342 1806 2410 opus
1830 2333 1882 2390 est
1897 2334 2021 2393 vetera
2036 2323 2181 2395 recitem:

159 2425 223 2520 qui
250 2425 289 2494 in
316 2422 451 2491 familia
472 2417 703 2511 imperatoria
734 2432 929 2489 natusest:
962 2414 1151 2489 Conradus
1202 2430 1273 2489 tota
1307 2416 1380 2485 vita
1412 2418 1655 2511 exemplorum
1690 2414 1797 2493 huius
1822 2422 1964 2513 generis
1998 2424 2097 2516 plena
2124 2437 2179 2495 est·

158 2526 255 2597 enim
277 2520 609 2615 patruusPriderici
632 2520 701 2592 suit
720 2515 929 2613 Imperator.
978 2520 1046 2591 llla
1065 2544 1150 2589 vero
1204 2520 1285 2589 lure
1300 2518 1409 2608 igitur
1423 2517 1596 2590 Friderici
1612 2522 1802 2594 consilium
1819 2525 2181 2623 laudandummqni

158 2628 274 2698 maior
295 2627 372 2696 laus
393 2637 462 2709 cst,
487 2626 584 2718 quod
610 2646 684 2692 saon
700 2622 816 2693 solum
833 2646 908 2692 non
923 2620 1151 2713 degeneravit
1201 2645 1281 2691 cum
1304 2621 1379 2713 ipse
1397 2622 1640 2721 moderatione
1659 2649 1797 2695 summa
1817 2649 1902 2697 usus
1918 2642 1996 2715 cst,
2021 2642 2099 2701 tum
2112 2652 2180 2699 seru

157 2728 398 2812 amaioribus,
417 2727 478 2796 sed
494 2726 601 2796 etiam
616 2724 760 2814 ingenio
774 2738 809 2796 et
823 2724 955 2795 virtute
970 2747 1032 2794 eos
1045 2723 1150 2813 longe
1201 2737 1350 2813 cognato
1382 2721 1541 2817 Principi
1576 2741 1682 2797 autor
1714 2727 1800 2814 fuit,
1834 2742 1875 2799 ut
1906 2731 2009 2822 pacis
2037 2732 2179 2825 publius

159 2832 349 2925 superavit.
399 2824 466 2899 Est
482 2842 517 2899 et
532 2828 623 2899 illud
639 2826 813 2896 indicium
829 2829 1028 2918 praeclarae
1042 2840 1077 2896 et
1089 2848 1151 2915 ge·
1201 2848 1305 2895 causa
1328 2820 1497 2895 nonnihil
1520 2830 1566 2897 de
1594 2829 1673 2900 iure
1700 2855 1765 2900 suo
1794 2833 2022 2909 concederet.
2078 2830 2175 2907 taut

158 2956 305 3005 nerosae
319 2930 465 3015 indolis,
490 2933 586 3024 quod
603 2953 685 3000 cum
697 2926 888 3021 imperium
904 2928 1010 2999 multi
1025 2942 1152 3020 poten·
1202 2922 1366 2997 homines
1382 2951 1423 2997 ac
1441 2926 1592 2999 nimium
1609 2927 1785 3027 φίλαυτοι
1802 2946 1943 3004 nostros
1964 2932 2168 3029 lmperm
2220 2976 2224 3015 :

158 3034 286 3109 tissimi
303 3034 487 3122 Principes
502 3031 701 3116 ambirent,
727 3045 845 3102 tamen
858 3026 1039 3101 Electores
1054 3024 1151 3100 hssnc
1200 3030 1382 3121 appellant
1404 3029 1573 3101 barbaros
1598 3049 1632 3105 et
1655 3035 1791 3125 impetu
1818 3036 1928 3125 magis
1953 3038 2074 3109 animi
2092 3058 2173 3133 qu
2217 3078 2224 3093 -

158 3138 323 3210 iuvenem
338 3134 507 3206 omnibus
520 3133 776 3227 praetulerunt,
801 3134 898 3227 quod
915 3156 989 3204 nou
1001 3130 1151 3203 acddis-
1200 3132 1337 3201 ratione
1350 3132 1494 3222 gessisse
1506 3135 1628 3205 omnia
1645 3136 1814 3207 iudicant.
1863 3136 1938 3209 saa
1955 3164 2044 3211 cum
2059 3138 2174 3211 alisia·

157 3254 231 3326 set,
255 3240 325 3309 nisi
347 3235 515 3308 eluxisset
534 3235 574 3307 in
598 3260 640 3307 eo
666 3234 859 3327 singularis
878 3234 1034 3319 indoles,
1058 3256 1151 3327 quae
1201 3232 1300 3304 linita
1315 3248 1518 3305 nostrorum
1533 3233 1739 3331 Principum
1754 3238 1932 3330 sapienter
1945 3246 2174 3335 annuentem

156 3366 254 3435 spem
270 3342 421 3413 iaciebat
440 3338 601 3411 futurum
623 3361 744 3430 parem
767 3336 930 3407 maximis
954 3338 1060 3409 rebus
1073 3360 1150 3427 gu·
1200 3338 1307 3421 lacta,
1332 3348 1506 3408 testantur
1521 3336 1572 3409 eis
1589 3339 1721 3411 iniuste
1743 3342 1946 3412 barbariem
1961 3346 2097 3433 obiici,
2116 3358 2172 3415 tnu

157 3444 354 3518 bernandis
376 3456 411 3514 et
431 3442 608 3530 gerendis.
659 3438 784 3533 Neque
806 3464 891 3510 vero
910 3439 1034 3511 fefellit
1057 3434 1150 3509 hanc
1200 3463 1286 3509 vero
1301 3433 1388 3509 baec
1403 3436 1578 3511 Friderici
1593 3442 1789 3534 pacificatio
1805 3445 1964 3518 declarat
1980 3446 2018 3518 ei
2033 3472 2097 3519 nec
2109 3468 2173 3541 prs·

156 3569 254 3639 spem
271 3542 498 3624 Electorum,
523 3542 641 3616 statim
665 3542 762 3610 enim
786 3540 890 3612 initio
906 3538 1051 3632 Imperii
1071 3566 1150 3611 mo-
1199 3540 1356 3611 dentiam
1387 3542 1426 3610 in
1450 3544 1682 3614 conciliandis
1705 3546 1951 3619 voluntatibus
1973 3520 2191 3643 Principumi

157 3647 342 3718 des-atione
362 3670 404 3715 ac
419 3644 550 3718 virtute
572 3643 735 3736 perfecit,
758 3667 804 3712 ne
819 3666 1021 3735 quenquam
1042 3638 1150 3713 buius
1200 3666 1265 3712 nec
1278 3642 1486 3733 gravitatem
1500 3646 1664 3732 defuisse,
1690 3648 1775 3717 dum
1791 3648 1974 3740 publicam
1991 3646 2171 3747 tranquilis-

157 3748 282 3822 iudicii
298 3747 506 3841 poeniteret.
544 3744 637 3817 Nam
651 3769 733 3816 cum
746 3744 934 3836 accepisset
948 3744 1149 3835 imperium,
1200 3757 1307 3815 tatem
1323 3744 1471 3836 privatis
1487 3747 1670 3819 affectibus
1688 3750 1866 3839 praetulit.
1918 3748 2023 3825 Haec
2043 3748 2172 3845 anspidt

155 3846 250 3922 nihil
267 3851 365 3943 prius
380 3843 524 3933 habuit,
550 3870 658 3940 quam
676 3858 716 3917 ut
734 3847 831 3916 domi
853 3869 973 3939 pacem
988 3847 1066 3917 sine
1082 3870 1149 3937 pu·
1199 3846 1340 3938 imperii
1365 3847 1475 3937 ipsius
1499 3863 1533 3918 ct
1558 3850 1624 3940 ipsi
1647 3852 1872 3924 autorltatem
1886 3854 2173 3928 benevolentius-

156 3954 254 4025 blico
274 3968 373 4024 motu
394 3964 430 4022 et
449 3950 603 4021 consilio
625 3949 744 4041 potius
764 3970 873 4043 quam
890 3948 1000 4019 armis
1015 3949 1149 4019 consti·
1198 3973 1267 4040 que
1281 3949 1536 4036 conciliarunt,
1556 3966 1590 4022 et
1612 3975 1709 4043 spem
1727 3956 1897 4026 omnibus
1914 3960 2088 4047 gentibus
2108 3950 2172 4027 Μ’

157 4067 288 4127 tueret:
327 4052 584 4126 dissentiebant
610 4054 708 4123 enim
738 4049 898 4121 interae
926 4046 1085 4121 Bavarus
1113 4062 1148 4122 et
1198 4064 1233 4120 et
1247 4052 1421 4122 moderati
1437 4053 1578 4143 imperii
1595 4055 1847 4145 praebuerunt,
1872 4081 1947 4152 qno
1961 4070 2173 4159 nequeopb·

154 4152 381 4237 Austrisens,
416 4154 669 4245 potentissimi,
692 4165 732 4223 ut
750 4175 846 4225 nunc
862 4175 1024 4245 quoque,
1053 4150 1145 4223 Ger·
1198 4153 1307 4222 bilius
1321 4154 1518 4249 quidquam
1533 4157 1690 4226 accidere
1706 4159 1954 4249 prudentibus,
1979 4186 2099 4259 neque
2111 4156 2174 4255 pul·

155 4259 296 4328 maniae
308 4255 502 4347 Principes.
554 4253 644 4327 Erat
663 4269 780 4325 autem
800 4254 982 4325 contentio
997 4256 1042 4324 de
1064 4254 1146 4325 liui-
1197 4249 1318 4325 clarior
1350 4278 1405 4325 res
1437 4268 1472 4325 et
1504 4257 1751 4331 admirabilior
1776 4262 1922 4332 existere
1954 4264 2034 4336 ulla
2068 4276 2173 4359 potest.

154 4360 236 4445 bus,
252 4374 288 4431 et
302 4360 436 4431 bellum
452 4358 598 4449 parabat
609 4372 772 4451 uterque.
796 4355 906 4447 Quod
923 4356 1041 4425 sinon
1057 4370 1147 4428 esset
1196 4353 1275 4427 Etsi
1296 4372 1416 4427 autem
1435 4360 1648 4451 aequitatem
1672 4362 1785 4431 animi
1806 4386 1852 4433 ne
1866 4379 2030 4437 armatus
2048 4366 2174 4461 quiden

153 4484 360 4555 oppressum
385 4459 570 4553 diligentis
593 4457 766 4531 Friderici
789 4456 1038 4551 imperaturis,
1071 4460 1145 4529 esi·
1195 4460 1377 4551 deposuit,
1402 4475 1521 4531 tamen
1543 4463 1654 4552 magis
1679 4464 1771 4535 lucet
1787 4466 1862 4536 cius
1877 4465 1996 4537 virtus
2011 4463 2176 4540 inbiass-

152 4565 236 4635 tiale
267 4564 392 4637 luisset
424 4561 609 4634 universae
632 4558 859 4633 Germaniae.
915 4554 993 4631 Etsi
1024 4574 1143 4631 autem
1195 4560 1263 4631 bus
1276 4584 1365 4655 quas
1378 4562 1474 4632 bello
1488 4565 1612 4652 gessit,
1637 4590 1744 4659 quam
1758 4567 1798 4635 in
1813 4580 1903 4658 toga.
1945 4566 2112 4667 Cumque
2124 4590 2175 4639 sa·

150 4660 355 4743 Fridericus
374 4665 517 4758 utrique
531 4677 701 4755 cognatus
721 4674 817 4749 erat,
841 4674 961 4733 umen
977 4662 1144 4733 Austria-
1195 4664 1268 4733 riae
1284 4663 1356 4736 sint
1370 4664 1594 4753 ingeniorum
1613 4666 1651 4736 in
1668 4666 1948 4759 lmperatoribus
1969 4676 2124 4765 speeies,
2143 4670 2174 4739 is

150 4788 233 4839 cnm
263 4766 430 4863 proprius
456 4764 662 4856 attingebat.
721 4763 845 4859 ltaque
873 4758 932 4835 hic
962 4764 1142 4857 specimen
1192 4764 1273 4835 aliis
1296 4767 1476 4837 cunctatio
1500 4768 1684 4852 laudatur,
1714 4770 1754 4840 in
1778 4768 2007 4861 Alexandro,
2033 4776 2073 4847 in
2095 4772 2173 4847 tutio

148 4870 327 4961 egregium
340 4868 594 4941 moderationis
608 4881 715 4962 atque
727 4866 914 4961 aequitatis
930 4887 1015 4937 suae
1035 4890 1142 4959 prac-
1192 4866 1372 4949 celeritas,
1412 4863 1472 4937 bic
1500 4884 1623 4941 noster
1645 4869 1860 4962 lmperator‚
1894 4872 2097 4949 Alexandri
2120 4874 2174 4947 sli-

147 4970 238 5043 buit.
271 4968 354 5043 Non
370 4972 466 5043 enim
480 4962 578 5041 hunc
595 4967 762 5062 praetulit
775 4964 925 5053 Basaro,
942 4993 1015 5038 non
1029 4971 1141 5059 magis
1191 4982 1325 5062 quanto
1340 4970 1492 5042 similior
1513 4972 1582 5043 suit
1597 4972 1792 5043 dimicandi
1813 4976 1991 5067 cupidus,
2014 4998 2173 5075 nuquam

146 5072 287 5163 cognati
302 5088 417 5165 partes
431 5074 581 5144 tuendas
593 5072 662 5143 sibi
682 5069 837 5161 putavit,
861 5095 968 5164 quam
986 5072 1024 5140 in
1041 5094 1139 5140 com·
1190 5072 1397 5144 detrectavit
1412 5096 1566 5163 pugnam
1585 5074 1691 5144 etiarn
1707 5076 1795 5146 locis
1811 5076 1959 5171 iniquis,
1981 5082 2174 5153 obsidiones

145 5198 253 5246 mune
268 5174 347 5267 paci
361 5176 632 5250 consulendum.
665 5172 743 5242 lmo
754 5196 835 5243 cusu
850 5187 996 5264 pmpter
1009 5195 1139 5263 rogna·
1190 5174 1250 5243 vix
1263 5199 1422 5268 unquam
1438 5177 1557 5257 solvit,
1583 5200 1699 5271 neque
1713 5193 1831 5250 tamen
1845 5180 1984 5253 otiosus
2001 5184 2128 5255 assedit
2142 5180 2171 5247 in

144 5276 278 5348 tionem
301 5276 384 5369 plus
411 5278 542 5349 valent
567 5275 664 5367 apud
686 5273 933 5359 Austriacum,
966 5276 1138 5369 persuasit
1188 5277 1331 5361 castris,
1356 5282 1417 5346 sed
1442 5279 1613 5349 continuo
1641 5304 1852 5371 oppugnans
1876 5284 2008 5371 urbes,
2034 5284 2169 5357 instabat

142 5377 196 5465 ei,
228 5394 267 5451 ut
294 5382 340 5450 de
363 5400 430 5450 suo
456 5378 534 5449 iure
563 5379 683 5471 potius
709 5378 901 5447 concedere
923 5400 964 5447 ac
985 5378 1137 5467 regredi,
1187 5371 1368 5460 hostibus,
1392 5391 1432 5450 ut
1455 5404 1536 5449 cum
1556 5380 1743 5452 intervalla
1766 5384 2088 5478 adquiescendum
2106 5404 2164 5455 non

141 5502 246 5575 quam
262 5480 429 5574 progredi
442 5480 559 5564 vellet,
573 5484 675 5555 daret
687 5472 757 5551 hoe
768 5477 933 5572 publicae
948 5480 1024 5571 paci
1039 5478 1135 5551 Ger·
1186 5480 1271 5554 satis
1290 5484 1477 5552 commoda
1490 5476 1683 5566 haberent,
1709 5486 1862 5558 tolerare
1876 5488 2100 5563 obsidionem
2113 5486 2161 5559 dis
