4664 6022
123 282 186 359 lii
791 279 955 361 DECL.
985 278 1062 359 ΒΕ
1092 277 1458 363 suasuram
1779 368 1786 379 ,
2090 297 2163 375 tta

123 482 183 555 pua
202 458 326 545 iubet,
350 470 386 529 st
408 479 493 528 arcu
514 468 680 549 accepto,
706 457 869 547 sagittam
884 456 925 527 in
943 478 1026 528 eum
1043 454 1113 525 eia·
1166 477 1328 551 quaeque
1350 453 1449 527 natio
1480 455 1633 528 maxime
1657 459 1843 533 barbarica
1870 477 1907 537 et
1933 468 1980 537 ab
2000 463 2160 545 humano

123 561 276 648 alatur,
301 560 570 654 collapsumque
585 583 625 628 ex
641 558 791 631 vnlnere
814 559 978 631 accarim
1003 557 1116 628 ictum
1165 557 1258 628 vitae
1279 557 1379 628 cultu
1401 558 1518 629 aliena
1540 572 1610 642 est,
1635 560 1685 632 ita
1716 565 1761 633 ad
1783 559 2004 640 heluandum
2023 596 2064 644 ac
2078 599 2161 667 per-

123 663 244 759 nspici
259 662 372 737 iubet.
419 658 583 756 Cumque
597 662 736 732 arundo
750 661 789 732 iu
804 661 884 753 ipso
897 662 1005 734 corde
1012 661 1115 752 pueri
1164 660 1363 751 potandum
1374 660 1616 753 profusissima
1633 678 1706 751 est,
1731 668 1906 763 quasique
1917 671 2161 770 foederequo-

123 768 179 841 ira
203 768 475 850 ostenderetur,
509 758 743 836 cachinnans:
779 763 891 835 Vides
911 787 1028 849 nunc,
1057 758 1125 831 in-'
1163 765 1245 833 dam
1269 762 1365 835 inter
1397 763 1599 835 seiunctae
1626 780 1712 837 sunt
1742 768 1924 843 barbaries
1948 788 1982 846 et
2005 780 2160 870 crapula,

123 870 188 967 'nir
225 869 341 961 patri,
373 867 479 939 etiam
506 867 647 938 ebrium
678 890 755 953 rue,
787 880 906 938 tamen
935 864 1114 957 egregium
1162 859 1331 958 pulchra,
1367 860 1563 949 mehercle,
1604 869 1769 956 societas,
1805 886 1840 944 et
1871 875 2019 967 dignum
2053 875 2160 953 habet

123 995 184 1045 sse
199 970 388 1042 iaculandi
401 969 583 1040 artificem.
633 968 828 1063 Preraspes
843 972 1031 1040 advertens
1046 962 1113 1039 ho·
1162 968 1290 1060 patella
1305 968 1524 1059 operculum.

123 1075 249 1147 niuem
269 1096 395 1144 revera
416 1095 588 1143 vesanum
609 1096 649 1142 ac
672 1071 847 1144 furiosum
872 1095 963 1153 esse,
996 1069 1113 1142 couti·
1263 1067 1352 1140 Fera
1377 1070 1482 1141 etiarn
1505 1073 1679 1165 quaedam
1702 1074 1741 1142 in
1765 1075 1838 1148 illis
1861 1076 2159 1172 septentrionali·

123 1177 188 1253 snit
209 1200 308 1261 sese,
341 1175 503 1246 dolorem
525 1174 764 1250 dissimulans.
829 1171 1006 1245 Postridie
1027 1196 1112 1242 vero
1161 1171 1228 1242 bus
1248 1196 1287 1240 ac
1311 1171 1517 1243 Sarmaticis
1540 1176 1614 1245 oris
1636 1176 1794 1248 inveniri
1818 1181 1969 1270 dicitur,
2008 1187 2158 1260 immani

123 1280 275 1353 sindiei
291 1293 328 1351 et
341 1277 531 1349 duodecim
545 1275 731 1369 Principes
747 1274 951 1362 Persarum,
976 1276 1110 1346 obrem
1161 1272 1369 1345 voracitate:
1405 1272 1507 1364 Quae
1525 1301 1605 1347 cum
1635 1279 1674 1348 in
1695 1279 1850 1374 aliquam
1874 1289 2041 1376 praedam
2065 1289 2159 1362 inci»

123 1377 219 1455 rihili
244 1407 287 1452 ac
316 1380 453 1452 nullius
480 1379 652 1451 momenti
672 1403 832 1460 eausam,
867 1378 1111 1449 crudelissimo
1161 1375 1235 1459 dit,
1276 1401 1318 1446 eo
1348 1399 1460 1472 usque
1486 1377 1567 1448 cibo
1597 1379 1787 1453 immodice
1820 1385 1959 1475 ingesto
1986 1391 2158 1466 distendit

123 1485 288 1579 npplicio
309 1484 445 1564 affecit,
468 1482 508 1552 in
523 1494 628 1572 caput
647 1482 747 1552 vivos
763 1482 966 1566 defodiens,
992 1505 1033 1550 ac
1047 1504 1112 1573 per
1160 1492 1340 1559 ventrem,
1371 1491 1413 1549 ut
1436 1503 1562 1573 parum
1585 1482 1696 1569 absit,
1728 1486 1816 1579 quin
1837 1505 1965 1581 crepet.
2016 1489 2158 1567 Deinde

123 1589 266 1663 undem
301 1584 530 1657 temulentiae
563 1585 721 1654 furorem
756 1585 825 1654 alia
859 1584 970 1655 multa
1004 1582 1109 1653 etiarn
1159 1580 1254 1650 iuter
1284 1596 1433 1671 angusto
1463 1584 1584 1674 spacio
1611 1584 1783 1660 distantes
1814 1591 1959 1663 arbores
1982 1599 2158 1668 transiens

123 1690 208 1764 lictu
243 1689 392 1759 infanda
433 1699 468 1758 et
510 1681 700 1757 horribilia
738 1687 866 1759 auditu
903 1685 1112 1775 designavit,
1160 1682 1316 1753 violenta
1329 1684 1462 1754 ibidem
1479 1688 1740 1779 compressione
1754 1694 1904 1763 crudum
1919 1696 2021 1767 illurn
2037 1700 2156 1771 cibum

123 1795 225 1865 hinec
238 1792 338 1865 Deus
352 1814 434 1863 eum
449 1789 598 1881 proprio
613 1789 731 1880 gladio
749 1790 860 1860 ictum
875 1789 950 1860 vita
966 1786 1110 1881 expulit.
1159 1785 1290 1855 iterum
1314 1809 1377 1877 per
1398 1810 1507 1858 anum
1532 1791 1717 1879 exprimit,
1751 1793 1872 1888 itaque
1890 1820 1964 1867 sese
1979 1818 2158 1888 exonerat,

123 1894 220 1969 l'sles
248 1890 433 1977 homines,
466 1893 539 1962 imo
569 1896 660 1962 vero'
684 1905 756 1961 tam
779 1892 953 1961 immanes
979 1888 1110 1960 bestias
1160 1888 1256 1980 quod
1271 1887 1500 1974 nisiiaceret‚
1525 1892 1724 1982 periculum
1741 1896 1835 1967 vitae
1850 1913 1936 1970 erat.
1989 1897 2055 1975 Est
2069 1900 2158 1977 haec

123 2000 217 2071 tobis
238 1998 354 2090 gignit
374 1995 545 2079 ebrietas,
572 2018 725 2088 quarum
740 1994 848 2065 vitam
866 2006 902 2065 ct
923 1997 1110 2063 saetacum
1160 1990 1309 2060 omnino
1323 1991 1525 2063 foedissima
1543 1995 1676 2066 ventris
1691 1995 1867 2086 ingluvies
1887 1996 1994 2073 huius
2015 2005 2158 2078 bestiae.

123 2116 189 2175 ,ωε
213 2114 270 2172 201
297 2123 410 2171 ,nnus
433 2097 605 2187 legimns,
647 2091 862 2169 horremus..
909 2094 1111 2184 sicigitur
1160 2090 1229 2164 Sed
1256 2115 1296 2161 ea
1320 2087 1550 2164 hauddubie
1574 2096 2159 2201 imagoquaedamestintempe·

123 2204 291 2289 seruatis,
322 2199 593 2284 Adulescentes,
626 2199 770 2291 crapula
791 2198 934 2268 nullum
951 2192 1112 2267 horribi·
1159 2194 1296 2265 tantiae
1311 2214 1504 2265 aemorum
1521 2222 1641 2269 earum
1658 2203 1836 2290 gentium,
1861 2209 2070 2300 dequarum
2087 2213 2159 2282 im·

123 2307 200 2392 ius,
232 2306 377 2377 nullum
400 2302 546 2386 tetrius,
573 2314 634 2371 aut
664 2301 853 2390 nocentius
872 2301 1025 2385 malum,
1057 2298 1110 2368 ira
1159 2297 1326 2367 manibus
1348 2298 1523 2368 conviviis
1545 2295 1752 2385 horribilia,
1787 2307 1847 2375 sed
1871 2320 1989 2379 tamen
2020 2336 2040 2382 a
2072 2338 2157 2385 vero

123 2410 275 2485 beorum
299 2420 424 2477 natum
450 2419 554 2475 aute
580 2403 755 2474 furiarum
778 2404 923 2479 sedibus
946 2401 1112 2486 ercitum,
1160 2393 1479 2471 nonabhorrentia
1496 2416 1704 2475 narrantur:
1739 2403 1838 2478 llaro
1852 2412 1998 2501 transigi
2014 2438 2159 2509 sympo-

123 2536 149 2585 u
171 2508 275 2583 hunc
293 2510 470 2580 mundum
489 2531 530 2577 ac
552 2507 687 2593 lucem,
717 2508 763 2576 ad
779 2507 976 2577 multorum
992 2499 1111 2575 homi·
1160 2501 1253 2570 sium
1281 2501 1358 2570 sine
1386 2503 1510 2574 multis
1541 2506 1724 2593 caedibus,
1759 2508 1897 2603 siquis
1927 2517 2157 2606 propinatum

123 2638 200 2689 rum
226 2613 377 2685 exitium
399 2611 599 2681 immissum
623 2632 708 2682 esse.
764 2605 861 2678 llaec
889 2608 986 2679 enim
1014 2619 1110 2677 atro·
1160 2603 1298 2674 dolium
1312 2599 1457 2676 haurire
1471 2621 1598 2691 cesset,
1624 2609 1713 2678 illia
1730 2613 1893 2707 proximo
1903 2640 2047 2711 quoque
2060 2644 2158 2690 eom·

123 2718 206 2789 50oe
229 2715 364 2787 furoris
385 2736 530 2804 genere,
563 2735 671 2804 quam
694 2710 788 2781 ullae
811 2704 976 2809 lrinupes
993 2704 1110 2779 humi·
1158 2718 1285 2798 potore
1301 2707 1466 2799 protinus
1488 2732 1611 2779 necem
1628 2710 1836 2801 imminere3
1867 2716 1898 2784 si
1921 2743 2027 2812 quem
2044 2722 2158 2794 inter-

123 2842 174 2893 res
195 2819 368 2891 concitat:
403 2811 490 2885 haec
516 2817 641 2884 domos
662 2826 779 2883 vastas
797 2813 917 2884 reddit
937 2825 973 2883 et
986 2813 1108 2897 urbes;
1159 2808 1328 2894 fecerint,
1368 2833 1443 2880 nou
1479 2825 1663 2903 propterea
1699 2817 1906 2887 convivium
1938 2821 2157 2906 dissolvitur,

123 2946 196 2997 uae
219 2921 276 2993 rei
295 2921 453 3013 privatae
476 2931 509 2988 et
532 2917 696 3008 publicae
714 2915 914 2986 communis
936 2915 1053 2985 clades
1070 2938 1109 2983 ac
1158 2912 1219 2980 sed
1239 2912 1428 3002 provoluto
1451 2912 1490 2981 in
1507 2915 1664 2985 medium
1686 2930 1813 2989 trunco
1834 2923 2012 3013 corporis,
2039 2927 2157 2996 etim-

123 3026 214 3099 ruina
230 3037 303 3109 est;
329 3017 415 3092 haec
431 3020 590 3090 infandis
604 3018 820 3091 libidinibus
832 3014 987 3089 humana
1004 3035 1109 3110 atquc
1159 3013 1284 3106 positis
1297 3015 1434 3108 aliquot
1454 3017 1630 3100 nummis,
1657 3016 1705 3111 (5⁸
1722 3022 1816 3112 apud
1832 3046 1891 3093 ⁸⁰⁸
1907 3048 1985 3096 ¹³0³
2005 3027 2073 3124 ²⁸1)
2093 3024 2158 3099 11⁰·

123 3128 233 3199 livina
255 3127 334 3197 iura
361 3124 509 3217 polluit3
552 3117 639 3192 haec
671 3120 838 3192 caedibus
869 3133 904 3190 et
938 3119 1109 3208 sanguine
1159 3116 1252 3187 lueri
1267 3130 1430 3207 pergunt.
1472 3116 1591 3189 Malos
1606 3119 1712 3189 etiam
1727 3125 2050 3214 geniusintereos,
2075 3156 2156 3201 cum

123 3222 336 3303 torrendum
353 3228 393 3297 in
414 3227 563 3296 modurn
578 3224 702 3295 miscet
717 3246 758 3294 ac
775 3223 961 3316 perturbat
977 3222 1108 3291 omnia.
1158 3219 1293 3305 agitant
1309 3220 1492 3304 convivia,
1517 3222 1701 3313 propalam
1720 3224 1992 3300 obambulantes
2000 3234 2159 3326 conspici

123 3330 293 3405 helmet
308 3327 367 3402 hic
380 3327 525 3421 aliquis:
895 3380 906 3393 .
1159 3321 1304 3404 dicunt,
1335 3322 1470 3391 maiore
1495 3346 1601 3414 quarn
1628 3319 1777 3394 humani
1807 3331 1968 3418 corporis
1990 3332 2156 3424 imagine,

323 3482 326 3487 .
404 3436 460 3502 Dii
477 3440 569 3499 talem
582 3438 667 3496 tani,
683 3438 808 3495 avertite
820 3431 953 3515 perram!
1160 3445 1250 3514 quos
1271 3422 1325 3489 illi
1348 3417 1443 3490 nihil
1465 3418 1711 3512 exhorrentes,
1733 3451 1798 3517 pro
1812 3431 1916 3500 sociis
1937 3456 1978 3502 ac
1995 3437 2156 3506 convivis

123 3534 296 3631 ςψῑωω
326 3536 472 3631 quidem
493 3530 696 3623 Principes,
744 3529 933 3623 legumque
965 3525 1108 3610 latores,
1160 3523 1314 3593 salutare
1329 3524 1460 3607 solent,
1485 3538 1519 3594 et
1535 3539 1698 3617 coeptum
1725 3530 1928 3602 convivium
1946 3538 2156 3625 permultos

123 3665 148 3711 n
179 3640 351 3711 omnibus
383 3641 473 3708 bene
508 3632 709 3705 constitutis
744 3628 956 3724 Rebuspub.
985 3627 1108 3717 singu·
1160 3649 1201 3695 er
1224 3625 1351 3696 ordine
1374 3627 1449 3696 dies
1471 3642 1663 3722 noctesque
1692 3654 1765 3702 uno
1786 3645 1909 3704 tenore
1931 3637 2155 3713 continuare.

123 3742 177 3815 ari
203 3766 289 3814 curs
316 3765 357 3811 ac
388 3738 574 3828 diligentia
606 3736 810 3807 ebrietatem
834 3728 1109 3826 prohibuerunt,
1159 3726 1256 3799 llaec
1279 3728 1410 3821 siquis
1432 3732 1525 3818 apud
1557 3753 1662 3823 sanos
1693 3747 1729 3805 et
1764 3737 1903 3807 sobrius
1931 3731 2095 3812 homines
2122 3757 2157 3814 et

123 3870 176 3919 ase
197 3845 321 3915 minus
351 3843 512 3914 civitates
543 3852 665 3910 contra
695 3839 818 3908 luxum
851 3861 892 3907 ac
916 3835 1108 3926 crapulam,
1160 3832 1308 3901 istarum
1330 3825 1579 3902 heluationum
1603 3834 1910 3923 ignaros-reserat,
1935 3841 2093 3912 tabulam
2109 3847 2155 3914 ad

123 3972 216 4047 pram
239 3959 364 4017 contra
385 3946 503 4017 ullum
519 3944 630 4013 alium
645 3939 937 4012 nocentissimum
959 3932 1108 4021 bostem,
1160 3934 1313 4004 aliorum
1331 3947 1500 4003 terrorem
1518 3936 1700 4013 confictam
1717 3961 1862 4035 narrare
1877 3942 2056 4013 videatur:
2079 3970 2154 4016 non

123 4051 325 4125 puniendas
344 4061 573 4120 censuerunt:
608 4043 853 4131 intelligebant
870 4041 966 4110 enim
984 4040 1023 4107 in
1041 4040 1108 4108 ista
1160 4036 1255 4105 enim
1275 4036 1378 4104 facile
1400 4037 1497 4106 credi
1516 4050 1651 4128 potest,
1676 4051 1812 4110 tantam
1835 4043 2010 4114 feritatem
2033 4062 2067 4117 et
2084 4049 2154 4118 im-

123 4154 295 4228 irrbarica
328 4164 363 4222 et
393 4149 544 4220 immani
577 4147 669 4232 vita,
709 4146 848 4215 nubam
880 4142 1107 4234 disciplinam
1159 4138 1364 4208 manitatem
1397 4141 1521 4207 cadere
1551 4139 1591 4207 in
1621 4134 1816 4213 humanam
1845 4158 2021 4222 naturam.
2080 4149 2153 4222 Sed

123 4257 290 4350 publicam
305 4276 423 4348 neque
439 4253 613 4344 privatam
628 4272 731 4340 posse
747 4246 961 4318 conservari.
1159 4241 1222 4334 qui
1246 4242 1433 4323 viderunt,
1465 4263 1505 4309 ac
1524 4241 1657 4312 talibus
1682 4246 1857 4316 conviviis
1881 4250 2021 4339 saepius
2038 4251 2153 4323 inter·

212 4358 317 4430 Tulit
335 4356 491 4427 Pittacus
507 4351 744 4447 Mitylenaeus
764 4351 898 4439 legem,
923 4360 964 4417 ut
981 4347 1012 4416 si
1027 4345 1107 4438 quis
1158 4343 1305 4414 fuerunt
1321 4342 1410 4433 ipsi,
1436 4336 1524 4412 hiet
1541 4337 1724 4416 haecvera
1743 4371 1836 4434 esse,
1861 4365 1896 4422 et
1917 4346 1975 4422 his
1995 4349 2153 4425 horribi·

125 4485 175 4553 per
210 4460 457 4533 temulentiam
502 4455 642 4524 sceleris
681 4453 818 4548 aliquid
857 4448 1107 4532 commisisset,
1159 4445 1248 4515 liora
1265 4445 1369 4515 ellam
1385 4444 1462 4512 fieri
1479 4445 1668 4516 ttffil'fflffll·

127 4564 221 4659 mpla
231 4564 395 4655 graviore
409 4583 523 4653 poena
538 4559 768 4649 plecteretur,
790 4555 887 4649 quod
901 4574 1005 4623 causa
1019 4551 1106 4640 ipsa,
1257 4543 1380 4618 Redeo
1407 4545 1517 4634 igitur
1542 4571 1603 4633 eo,
1645 4552 1743 4620 unde
1768 4553 1923 4644 digressa
1949 4569 2001 4625 est
2025 4556 2152 4642 oratio,

128 4688 200 4759 me
214 4692 296 4739 mm
311 4665 357 4736 ad
371 4663 588 4757 peccandum
603 4659 821 4751 impulisset,
843 4655 986 4746 gravius
1000 4652 1105 4723 etiam
1158 4672 1285 4740 nempe
1312 4650 1415 4721 istam
1446 4649 1605 4735 foedam,
1649 4651 1841 4725 immanem
1866 4672 1972 4750 atquc
2006 4652 2152 4730 homine

130 4786 290 4857 peccatum
315 4780 416 4838 esset
476 4761 548 4834 Atii
574 4761 653 4831 aliis
674 4759 800 4851 poenis
822 4772 929 4852 atque
949 4755 1106 4846 ignomi.
1158 4751 1341 4841 indignam
1365 4750 1498 4823 ventris
1521 4752 1739 4843 proluviem,
1770 4760 1864 4849 apud
1879 4758 2048 4828 barbaras
2071 4760 2151 4832 illas

130 4872 236 4945 siisin
252 4871 412 4942 ebriosos
429 4867 769 4938 animadverterunt.
820 4858 869 4932 Et
885 4860 999 4952 siqua
1019 4880 1106 4947 gens
1158 4867 1298 4942 gentes,
1331 4866 1366 4923 et
1387 4876 1475 4947 quas
1495 4867 1617 4924 utrum
1640 4855 1737 4926 inter
1758 4853 1922 4930 homines
1951 4883 1997 4929 an
2028 4863 2151 4935 beluas

129 4988 236 5047 murra
250 4972 470 5045 moderatior
484 4964 747 5059 humaniorque
759 4963 846 5048 tuit,
859 4987 899 5033 ea
909 4985 972 5031 sua
980 4972 1105 5051 sponte
1158 4979 1340 5036 numeres,
1361 4955 1525 5025 dubitare
1538 4957 1669 5047 possis,
1690 4960 1878 5052 praecipue
1891 4964 2067 5054 conspici,
2083 4960 2152 5035 ho-

129 5071 313 5151 losditatem
338 5072 520 5145 ebrietatis
540 5093 662 5155 exosa,
695 5066 889 5157 frugalitati
905 5088 946 5134 ac
968 5062 1105 5132 sobrie-
1157 5058 1271 5127 mines
1295 5058 1497 5128 moderatos
1523 5072 1558 5130 et
1587 5060 1632 5128 ad
1655 5059 1812 5155 aliquam
1828 5059 2019 5135 humanam
2043 5067 2150 5136 disci·

129 5179 179 5251 tati
196 5180 336 5253 dedidit
356 5201 446 5262 sese,
469 5198 536 5244 nec
551 5172 690 5263 legibus
709 5191 800 5262 opus
818 5168 887 5238 fuit
903 5160 1106 5258 prohibere,
1157 5160 1292 5252 plinam
1309 5161 1529 5231 adsuefactos
1540 5182 1681 5254 semper
1694 5177 1822 5235 natura
1844 5163 2086 5254 exhorruisse,
2111 5191 2151 5238 ac

128 5287 205 5372 qood
220 5282 365 5377 publica
380 5281 475 5350 inter
489 5273 653 5346 homines
668 5271 879 5342 verecundia
895 5267 1105 5339 sustulisset.
1156 5264 1346 5333 detestatos
1360 5284 1445 5333 esse.
1812 5297 1816 5306 ·

208 5385 282 5459 sad
295 5396 419 5474 regnat
434 5377 502 5450 hoc
518 5378 645 5447 vitium
663 5376 757 5445 inter
770 5373 937 5449 barbaras
951 5393 991 5440 ac
1014 5371 1105 5438 teras
1260 5364 1379 5436 Tanto
1394 5364 1505 5454 magis
1522 5363 1631 5455 igitur
1645 5378 1679 5435 et
1694 5389 1778 5451 nos,
1798 5362 2066 5458 Adulescentes,
2087 5374 2152 5467 qni

127 5479 188 5561 itta
209 5502 331 5581 gentes
355 5484 562 5577 praecipue,
603 5492 638 5549 et
664 5500 810 5550 cernere
837 5490 912 5560 est,
943 5474 1040 5567 quod
1065 5484 1106 5541 ut
1156 5490 1236 5538 cum
1246 5464 1381 5553 Musis,
1400 5460 1548 5548 horest,
1568 5490 1649 5539 cum
1664 5463 1886 5543 humanitate
1900 5475 2149 5548 commercium

160 5573 335 5664 Mactaris.
354 5593 458 5658 om.
486 5589 569 5652 voc.
585 5585 651 5655 xl.
1452 5568 1499 5640 12
