4664 6022
145 319 220 393 807
280 370 289 399 .
571 304 732 388 utet.
772 304 850 384 DE
881 307 1224 385 DlGNlTATE
1257 306 1438 385 ansts
1471 305 1753 385 Murteae„
2112 310 2179 386 808

145 503 242 564 tanta
258 490 315 572 sit,
340 500 381 559 ut
398 484 534 557 nullius
548 483 709 555 oratione
723 481 807 553 satis
823 483 997 554 declarari
1013 483 1138 575 possit:
1189 483 1312 557 divina
1337 507 1457 554 rerum
1483 484 1657 555 delectum
1682 485 1894 555 ostendunt:
1933 481 2038 553 acin
2061 496 2184 558 natura

146 599 207 665 scd
230 605 367 664 tantum
390 588 607 678 obiurgabo,
637 610 713 655 non
742 585 901 656 iuniores
920 587 1048 671 modo,
1077 586 1138 655 sed
1191 599 1225 658 et
1252 587 1290 656 in
1317 588 1478 657 moribus
1507 586 1639 658 iudicia
1663 598 1886 656 nostrarum
1914 598 2038 656 mente
2069 587 2186 659 divina

146 719 215 766 nos
243 715 366 765 omnes
393 703 539 783 propter
565 687 861 778 ingratitudinem
889 703 924 758 et
948 688 1140 778 ignaviam,
1191 713 1384 779 congruere
1407 690 1548 761 debere.
1602 687 1741 772 Vitam,
1776 689 1908 759 bonam
1933 689 2187 777 valetudinem,

147 821 300 893 quarum
335 809 485 886 utraque
521 791 715 885 plurimum
755 785 863 861 habet
896 791 1141 885 turpitudinis,
1192 806 1225 863 et
1242 793 1336 861 vitae
1349 792 1535 882 praesidia,
1558 789 1656 861 Deus
1670 792 1832 860 adfirmat
1847 812 1902 861 res
1919 789 2047 872 bonas,
2074 805 2188 864 etase

147 911 293 994 propter
309 897 437 967 multas
453 916 584 964 causas.
1192 895 1353 965 conditas
1380 916 1470 980 esse,
1501 907 1537 964 et
1570 893 1670 966 iubet
1695 918 1761 964 nos
1793 891 1867 963 frui
1895 887 1952 962 his
1978 895 2187 967 muneribus

252 990 370 1071 Tanta
384 1010 435 1068 est
450 996 603 1066 duricies
618 990 859 1066 humanorum
875 1011 1075 1088 pectorum,
1100 1007 1141 1065 ut
1192 996 1338 1067 divinis.

149 1128 223 1175 non
243 1101 446 1171 mirandum
473 1097 539 1184 sit,
565 1112 700 1168 veteres
722 1098 880 1184 linxisse,
915 1092 1078 1168 homines
1099 1121 1139 1167 ex
1295 1093 1539 1188 Agnoscamus
1554 1098 1664 1188 igitur
1678 1092 1762 1167 haec
1777 1100 1889 1178 dona,
1917 1108 1953 1169 et
1967 1119 2009 1167 ea
2025 1120 2188 1187 amemus,

148 1204 329 1299 lapidibus
356 1215 454 1272 ortos
480 1222 565 1275 esse.
622 1195 761 1270 Omnes
787 1200 871 1270 inde
895 1224 1007 1294 usque
1029 1201 1076 1269 ab
1101 1220 1140 1270 ea
1192 1213 1228 1272 et
1249 1201 1428 1271 conditori
1450 1201 1579 1290 gratias
1601 1223 1756 1289 agamus.
1811 1198 1860 1271 lta
1883 1198 2064 1292 scriptum
2087 1215 2138 1271 est
2155 1201 2187 1273 iu

148 1301 257 1388 hora,
286 1329 356 1400 qua
379 1303 535 1396 primum
555 1327 621 1373 nos
643 1326 686 1371 er
708 1303 788 1371 alvo
814 1303 938 1372 matris
961 1301 1143 1393 excipiunt
1192 1304 1376 1374 sententiis
1398 1298 1543 1376 Sirach:
1576 1301 1725 1372 Honora
1749 1303 1948 1384 medicum,
1973 1299 2080 1374 Deus
2103 1304 2187 1374 enin

149 1432 278 1481 manus
300 1405 549 1488 obstetricum,
582 1427 646 1495 per
668 1427 791 1473 omrres
817 1416 969 1475 aetatum
999 1406 1142 1493 gradus,
1192 1406 1325 1476 creavit
1343 1430 1423 1477 eum
1440 1418 1586 1497 propter
1601 1406 1851 1476 necessitatem.

148 1513 286 1584 utimur
309 1509 396 1580 artis
422 1505 578 1575 medicae
600 1505 779 1577 beneficiis
809 1505 1142 1576 innumerabilibus.
1293 1506 1389 1579 Haec
1410 1507 1583 1578 sententia
1609 1507 1845 1577 necessarium
1865 1529 1940 1576 esse
1964 1528 2078 1576 usum
2095 1520 2185 1578 etre-

150 1613 258 1702 Quod
275 1636 354 1681 cum
373 1610 420 1680 ita
435 1607 498 1694 sit,
524 1608 625 1678 multi
644 1619 763 1677 tamen
781 1632 845 1677 nec
860 1609 1017 1697 cogitant
1030 1623 1140 1679 artem
1193 1609 1392 1681 mediorum
1419 1624 1454 1680 et
1479 1610 1566 1680 artis
1588 1612 1769 1696 adfirmat,
1791 1612 1886 1705 quod
1905 1609 2059 1703 quidem
2083 1623 2180 1680 osten·

149 1715 217 1788 Dei
239 1717 374 1784 donum
397 1733 488 1795 esse,
513 1733 577 1781 nec
592 1708 669 1780 Deo
691 1709 869 1780 conditori
892 1711 1142 1796 remediorum,
1194 1716 1286 1784 dunt
1302 1713 1459 1802 exempla
1477 1712 1649 1806 quotidie.

150 1834 183 1888 et
197 1814 427 1887 monstratori
448 1812 554 1898 artis,
581 1812 709 1902 gratias
731 1825 860 1900 agunt,
888 1835 953 1881 nec
977 1837 1141 1882 reveren-
1296 1814 1350 1885 Ac
1372 1815 1501 1883 diserte
1525 1813 1626 1884 addit
1650 1808 1792 1882 Siracb:
1828 1805 2044 1907 ditissimus
2066 1812 2188 1885 creavit

43 1920 46 1926 ’
149 1934 203 1991 ter
224 1920 268 1989 de
292 1932 366 1988 arte
390 1915 550 1986 sentiunt
572 1940 612 1984 ac
631 1914 839 2006 loquuntur.
890 1911 990 2003 ipsae
1012 1928 1142 1984 matres
1194 1911 1349 1986 remedia
1371 1939 1414 1985 ex
1437 1929 1553 2000 terra,
1588 1928 1621 1986 et
1640 1939 1660 1985 a
1682 1912 1760 1984 Deo
1784 1926 1836 1985 est
1864 1915 2081 2002 medicatio;
2113 1916 2187 2011 quia

149 2022 245 2091 edito
262 2022 376 2104 foetu,
403 2016 553 2086 infinitis
575 2015 710 2084 morbis
728 2014 902 2085 obnoxiae
925 2029 1026 2100 sunt,
1052 2039 1142 2109 quae
1194 2042 1267 2088 non
1283 2018 1390 2087 modo
1411 2018 1566 2087 remedia
1583 2017 1631 2087 ita
1645 2016 1811 2088 distincta
1834 2030 1917 2087 suut
1933 2017 2094 2088 consilio
2109 2042 2188 2089 con·

150 2124 227 2192 sine
241 2145 307 2212 ope
323 2120 458 2189 medica
476 2118 610 2187 servari
624 2140 697 2186 non
713 2132 865 2208 possent.
899 2114 948 2187 Et
966 2118 1004 2186 in
1020 2141 1141 2188 aarum
1194 2120 1342 2204 ditoris,
1367 2134 1406 2192 ut
1429 2120 1497 2189 alia
1520 2120 1609 2190 alios
1631 2121 1775 2190 morbos
1796 2119 1999 2211 depellant,
2026 2121 2096 2191 alia
2115 2121 2185 2192 aliis

150 2224 317 2316 periculis
333 2220 490 2292 remedia
503 2243 577 2289 non
600 2231 736 2290 tantum
754 2215 919 2289 adhiberi
935 2220 1141 2291 ostentatio-
1193 2222 1364 2291 membris
1386 2223 1606 2307 conducant,
1631 2220 1820 2291 sedetiam
1845 2221 2044 2293 consilium
2069 2222 2183 2294 medici

148 2328 205 2396 nis
222 2348 344 2406 causa,
370 2325 530 2392 sedvere
545 2321 696 2392 efficacia
715 2336 750 2393 et
765 2321 932 2392 salutaria
948 2346 1039 2408 esse,
1064 2322 1141 2415 ple·
1195 2323 1369 2394 divinitus
1394 2324 1545 2414 regitur,
1579 2335 1613 2393 et
1645 2322 1798 2392 efficacia
1830 2348 1850 2392 a
1883 2322 1964 2394 Deo
1993 2325 2177 2400 adiuvatur.

147 2452 288 2522 cunque
312 2440 459 2499 testatur
476 2420 703 2515 experientia.
763 2422 875 2516 Saepe
898 2427 1007 2497 ubera
1027 2425 1143 2494 medi·
1193 2424 1290 2496 Haec
1310 2448 1391 2496 cum
1416 2427 1464 2496 ita
1487 2426 1579 2511 sint,
1602 2448 1811 2495 moveamur
1833 2437 1867 2494 et
1882 2426 2044 2500 utilitate
2061 2441 2182 2513 nostra,

148 2532 261 2601 canda
276 2543 376 2614 sunt,
402 2550 504 2616 saepe
520 2548 665 2596 somnus
680 2538 753 2596 arte
777 2530 1008 2600 revocandus.
1059 2525 1142 2597 Ma·
1193 2543 1228 2599 et
1244 2529 1440 2598 conditoris
1454 2529 1631 2613 bonitate,
1656 2541 1697 2599 ut
1717 2539 1752 2598 et
1770 2527 1927 2598 remedia
1953 2544 1992 2602 et
2017 2525 2107 2601 hanc
2126 2533 2183 2603 do·
2214 2574 2220 2585 -

147 2633 245 2704 tricis
268 2656 352 2702 vero
380 2628 535 2720 pericula
567 2650 657 2720 pene
683 2628 821 2698 infinita
849 2642 943 2703 sunt.
1002 2626 1142 2699 Deinde
1194 2631 1345 2703 ctrinam
1367 2630 1669 2720 magnifaciamus.

146 2736 264 2806 ulcera
289 2733 456 2804 omnibus
478 2730 674 2800 infantibus
697 2731 899 2800 communia
919 2742 1019 2815 sunt,
1051 2755 1142 2824 quae
1293 2729 1463 2802 Arbitror
1496 2746 1614 2803 autem
1648 2733 1760 2802 bonas
1795 2744 1929 2801 mentes
1966 2756 2049 2804 non
2084 2737 2178 2807 solun

149 2861 223 2905 non
239 2847 514 2906 maturescerent
537 2843 573 2902 et
588 2831 678 2900 alios
692 2833 836 2901 morbos
851 2832 1048 2917 adferrent,
1071 2831 1142 2903 nisi
1194 2849 1339 2925 propter
1363 2834 1552 2903 utilitatem
1582 2833 1749 2905 delectari
1776 2835 2072 2908 consideratione
2095 2853 2171 2910 nstt·

146 2959 205 3008 ars
219 2961 323 3027 opem
341 2939 459 3007 ferret.
1194 2960 1272 3021 rae,
1305 2932 1371 3005 sed'
1388 2936 1500 3025 magis
1522 2936 1626 3006 etiam
1655 2951 1859 3028 propterea,
1892 2937 1979 3030 quia
2008 2953 2086 3014 tota
2110 2939 2178 3012 baec

249 3035 320 3109 Sed
349 3036 476 3105 omitto
509 3028 602 3103 hanc
628 3031 949 3112 enumerationem,
983 3058 1142 3126 quaene
1193 3051 1341 3108 naturae
1355 3037 1504 3108 varietas
1519 3040 1617 3108 velut
1637 3033 1816 3111 theatrum
1838 3051 1907 3123 est,
1934 3039 1975 3111 in
2004 3068 2082 3138 qno
2097 3044 2174 3115 testi-

147 3141 292 3236 quidem
308 3138 445 3230 magnis
460 3134 705 3207 voluminibus
726 3134 861 3222 integra
887 3131 1141 3227 comprehendi
1192 3141 1313 3211 monia
1330 3142 1375 3210 de
1390 3136 1465 3209 Deo
1484 3140 1608 3232 opifice
1623 3141 1776 3212 illustria
1791 3141 2086 3232 conspiciuntur.
2118 3144 2178 3217 lni-

144 3254 274 3335 posset.
326 3239 411 3312 ideo
432 3253 551 3310 autem
566 3240 609 3308 ad
632 3236 693 3306 illa
716 3236 829 3328 prima
852 3236 953 3306 initia
971 3238 1062 3308 vitae
1084 3240 1141 3309 iu·
1193 3242 1243 3312 tio
1261 3241 1435 3314 domicilii
1456 3243 1624 3332 liguram,
1649 3258 1684 3314 et
1700 3243 1799 3313 iliam
1820 3239 2183 3334 pulcherrimamms·

145 3345 264 3415 niores
279 3346 434 3426 deduco,
445 3340 449 3344 ’
460 3354 500 3412 ut
515 3340 545 3411 si
561 3338 785 3430 cogitabunt,
809 3339 983 3408 matribus
1001 3363 1037 3408 se
1061 3362 1141 3430 gra-
1193 3341 1353 3430 chinam,
1377 3345 1415 3414 in
1431 3368 1500 3439 qua
1517 3346 1633 3416 sidera
1649 3340 1848 3426 vehuntur,
1875 3359 1914 3414 ut
1929 3347 2023 3435 dies,
2050 3374 2184 3436 menses,

144 3447 336 3519 titudinem
361 3445 503 3515 debere:
531 3441 639 3512 simul
658 3441 905 3527 considerent,
931 3442 1084 3513 muitum
1105 3467 1141 3512 se
1193 3470 1324 3533 annos,
1352 3461 1518 3532 aestates,
1545 3443 1688 3543 hyemes
1704 3448 1946 3537 distinguant,
1975 3465 2019 3523 ut
2037 3454 2184 3524 dissimi-

146 3552 276 3620 debere
293 3548 360 3618 arti
376 3545 551 3624 medicae,
578 3566 647 3636 qua
668 3540 850 3633 puerperis
872 3555 905 3614 et
922 3542 1033 3613 foetui
1051 3569 1141 3635 opus
1193 3548 1237 3617 lis
1252 3551 1299 3620 sit
1322 3562 1448 3618 natura
1472 3563 1689 3640 temporum,
1715 3564 1755 3620 ut
1772 3551 1966 3645 quotannis
1984 3570 2089 3628 certo
2108 3570 2184 3627 tem·

146 3666 208 3725 est.
261 3647 315 3721 Ac
331 3651 369 3719 in
386 3673 425 3718 ea
442 3645 654 3737 cogitatione
670 3668 746 3713 non
762 3655 900 3715 tantum
916 3644 1139 3735 diligentiam
1193 3674 1278 3742 pore
1300 3651 1421 3741 gignat
1438 3665 1531 3721 terra
1554 3653 1690 3740 fruges,
1715 3666 1791 3725 arte
1811 3653 1939 3723 factam
1954 3678 2054 3752 esse,
2081 3658 2183 3731 mani·

144 3747 333 3823 hominum
349 3762 411 3821 aut
430 3748 587 3819 remedia
606 3746 833 3830 intueantur,
858 3749 918 3816 sed
944 3746 1138 3819 bonitatem
1191 3755 1320 3822 festum
1341 3766 1403 3822 est.

144 3853 212 3925 Dei
230 3866 440 3944 agnoscant,
466 3849 578 3943 quiet
594 3846 748 3919 remedia
773 3848 950 3930 condidit,
977 3864 1013 3922 et
1035 3874 1138 3921 usum
1292 3850 1432 3923 Deinde
1442 3864 1572 3946 quanta
1587 3874 1644 3921 ars
1660 3866 1710 3924 est
1726 3853 1764 3922 in
1777 3866 1850 3925 tota
1867 3850 2028 3932 hominis
2044 3858 2184 3930 natura?
2206 3852 2209 3858 ⁵

144 3957 369 4042 monstravit,
392 3972 431 4027 ut
447 3954 566 4048 aliqua
581 3976 623 4021 ex
637 3963 737 4042 parte
751 3945 857 4022 huius
875 3951 967 4024 vitae
981 3952 1140 4023 miserias
1190 3952 1392 4026 Discrimen
1409 3953 1497 4024 lucis
1513 3964 1547 4022 et
1561 3956 1800 4043 tenebrarum,
1824 3956 2020 4034 discrimen
2040 3961 2183 4032 noticiae

144 4060 283 4129 leniret.
319 4056 383 4126 Illa
400 4054 565 4150 Cyclopis
581 4079 648 4123 vox
665 4053 810 4143 indigna
831 4067 883 4124 est
895 4050 1052 4136 homine,
1077 4055 1139 4150 qui
1191 4072 1226 4128 et
1248 4055 1486 4146 ignorantiae,
1518 4056 1696 4146 fastigium
1726 4057 1764 4126 in
1789 4060 1933 4131 cerebro
1962 4064 2182 4135 simillimum

145 4161 196 4231 ait
213 4184 249 4229 se
266 4183 331 4229 nec
347 4157 441 4229 lovis
454 4158 620 4246 fulmina,
641 4179 706 4225 nec
727 4154 858 4225 imbres
874 4171 1048 4243 metuere,
1073 4183 1140 4227 nec
1191 4160 1298 4244 coeii,
1324 4158 1451 4252 inquo
1469 4169 1504 4226 et
1522 4157 1642 4228 lucent
1658 4159 1832 4244 noticiae,
1858 4176 1893 4232 et
1915 4170 2097 4258 repositae
2119 4190 2182 4237 ser·

145 4276 259 4332 terrae
277 4261 517 4342 sterilitatem,
540 4258 624 4352 quia
645 4271 680 4328 et
695 4282 800 4346 rupes
820 4258 1014 4330 defendant
1034 4282 1137 4330 snum
1192 4277 1332 4334 vantur.
1383 4258 1434 4331 Et
1448 4258 1554 4331 insita
1570 4272 1622 4330 est
1636 4265 1808 4354 quaedam
1824 4261 1869 4332 de
1883 4265 1963 4337 Deo
1979 4268 2055 4354 lux,
2076 4270 2182 4340 etad·

145 4388 305 4456 specum,
328 4377 361 4432 et
384 4363 421 4431 in
445 4383 549 4452 specu
571 4383 711 4450 gregem
733 4356 860 4430 habeat
877 4360 1018 4444 ovium,
1042 4363 1139 4432 unde
1190 4364 1283 4434 ditae
1299 4363 1432 4435 multae
1448 4361 1598 4432 noticiae
1612 4362 1713 4443 aliae,
1736 4388 1825 4457 qnae
1839 4380 1923 4438 sunt
1938 4371 2038 4442 vitae
2053 4393 2182 4456 nmis,

145 4467 304 4536 victitare
326 4465 445 4557 possit.
497 4461 634 4534 Similis
656 4478 707 4534 est
729 4462 844 4533 oratio
868 4463 1061 4534 multorum
1081 4461 1138 4532 in·
1190 4465 1454 4537 distinctionem
1471 4477 1504 4534 et
1519 4464 1682 4534 ordinem
1698 4480 1952 4555 monstrantes,
1978 4487 2021 4546 ut
2035 4472 2182 4558 numeri,

146 4569 332 4638 doctorum
345 4591 384 4636 ac
400 4567 652 4648 barbarorum,
677 4562 740 4658 qui
755 4578 789 4634 et
804 4562 987 4634 intuenda
1002 4564 1138 4635 valetu·
1191 4569 1392 4639 intellectus
1421 4566 1561 4637 ordinis
1593 4579 1629 4637 et
1661 4570 1953 4663 consequentiae,
1993 4576 2179 4648 discrimen

146 4671 231 4739 dine
246 4669 535 4761 temperantiam,
559 4678 594 4736 et
608 4667 646 4735 in
663 4666 830 4755 periculis
847 4666 965 4733 omnia
982 4667 1136 4736 remedia
1190 4665 1423 4740 honestorum
1446 4683 1480 4739 et
1496 4668 1670 4758 turpium,
1697 4684 1839 4740 aeterno
1862 4685 1897 4744 et
1915 4673 2070 4750 immoto
2088 4690 2191 4772 septo¹

146 4784 390 4845 contemnunt.
441 4769 495 4841 Ac
519 4791 564 4837 ne
587 4767 742 4856 cogitant
768 4768 931 4861 quidem,
953 4766 1018 4838 Dei
1043 4770 1137 4839 dona
1189 4773 1411 4861 distinguens
1426 4771 1586 4841 facienda
1602 4782 1638 4840 et
1651 4771 1830 4861 fugienda.

146 4897 220 4943 esse
242 4873 396 4942 remedia
416 4886 450 4942 et
471 4886 603 4950 artem,
625 4870 685 4938 sed
708 4862 747 4936 hi
761 4867 933 4962 Cyclopes
956 4897 1035 4942 cum
1059 4870 1136 4942 Deo
1289 4872 1386 4943 Haec
1411 4873 1565 4944 extitisse
1591 4896 1691 4959 casu,
1722 4887 1784 4945 aut
1806 4898 1847 4945 ex
1872 4879 2021 4954 materia
2046 4894 2179 4955 uratum

145 4988 180 5045 et
197 4991 322 5047 natura
339 4975 472 5043 bellum
492 4983 630 5063 gerunt.
1188 4975 1405 5067 impossibile
1420 4992 1482 5049 est.
2190 5002 2194 5007 ·

247 5077 296 5147 At
321 5078 435 5146 bonae
465 5087 601 5142 mentes
626 5071 739 5140 sciant
765 5069 919 5161 primum
950 5073 1135 5144 universae
1290 5075 1428 5148 Clamat
1462 5077 1569 5167 igitur
1602 5077 1677 5168 ipsa
1708 5102 1827 5149 rerum
1861 5093 2009 5165 natura,
2042 5100 2079 5158 et
2112 5106 2180 5158 esse

143 5194 289 5253 naturae
304 5202 424 5249 vocem
441 5172 631 5258 testificari,
658 5169 755 5243 hunc
775 5173 950 5242 mondum
966 5199 1039 5244 non
1054 5200 1136 5248 casu
1185 5175 1322 5264 Deum,
1355 5193 1388 5249 et
1413 5202 1487 5249 esse
1510 5179 1723 5269 sapientem,
1753 5181 1886 5251 bonum
1908 5208 1949 5252 ac
1974 5187 2178 5268 beneficum,

143 5281 315 5364 extitisse,
339 5283 433 5350 seda
457 5289 576 5346 mente
595 5290 737 5347 aeterna
755 5270 1033 5347 architectatrice
1048 5302 1134 5346 con·
1185 5281 1355 5353 scelerum
1372 5281 1559 5365 vindicem,
1585 5283 1766 5351 custodem
1783 5277 1960 5356 humanae
1975 5291 2162 5364 societatis.

140 5383 256 5457 ditum
281 5389 314 5454 ct
337 5384 529 5452 formatum
552 5403 641 5450 esse:
667 5378 798 5447 deinde
822 5391 857 5449 et
878 5374 1016 5448 bomini
1039 5380 1133 5449 noti·
1286 5382 1368 5454 Non
1393 5384 1508 5454 dicam
1535 5407 1632 5453 nunc
1660 5385 1705 5452 de
1738 5398 1810 5456 tota
1842 5381 1992 5460 humani
2022 5392 2177 5487 corporis

140 5485 218 5556 cias·
238 5485 362 5554 insitas
389 5506 480 5568 csse,
514 5506 604 5576 quae
633 5495 867 5573 congruentes
900 5505 980 5552 cum
1014 5497 1133 5555 mente
1183 5488 1465 5576 constructione,
1490 5488 1534 5556 de
1549 5483 1720 5579 stirpibus
1735 5503 1769 5558 et
1786 5487 1934 5581 plantis:
1959 5505 2102 5569 tantum
2117 5497 2176 5568 ad·
