4664 6022
72 295 142 369 16⁹

67 491 136 539 nae
153 467 285 537 mentis
299 467 413 537 inesse
430 482 465 539 et
480 491 597 538 mores
618 492 658 538 ac
680 472 878 541 sententiae
895 497 977 542 cum
991 485 1067 542 stu·

67 571 139 641 diis
160 593 358 660 congruere
382 572 514 640 debent
538 587 659 643 contra
680 574 904 659 ebrietatem,
939 574 1067 668 quain

67 669 135 744 hac
154 674 302 767 quidem
326 674 397 741 vita
419 669 512 742 nihil
535 674 673 743 foedius
691 699 764 744 esse
780 691 912 768 potest,
945 679 1068 747 dicen-

67 779 155 847 dum
182 775 247 860 sit,
277 770 372 844 nihil
393 777 537 859 dubito,
570 777 659 869 quin
681 778 766 849 satis
788 802 920 872 aequus
944 794 979 850 et
1005 781 1070 849 be-

69 881 201 969 nignos
214 877 395 948 auditores
412 878 478 946 sim
497 871 694 949 habiturus.
746 876 794 950 Et
810 906 867 950 me
883 897 1068 953 contume-

68 984 115 1052 lia
140 1003 208 1050 vos
236 979 375 1048 allicere
405 980 616 1065 iudicarem,
648 983 677 1051 si
705 983 805 1052 velut
831 985 998 1055 dubitans
1024 987 1069 1054 de

70 1096 185 1153 restra
203 1082 245 1150 in
260 1077 327 1151 hac
341 1105 442 1153 causa
459 1083 724 1168 benevolentia,
750 1086 854 1174 longa
879 1087 1061 1178 praelatio·

73 1208 208 1256 neeam
225 1179 318 1253 mihi
338 1185 596 1254 conciliandam
617 1199 790 1276 putarem.
842 1186 1069 1281 Quapropter

77 1284 137 1359 hac
149 1286 301 1380 quidem
318 1303 415 1378 parte
430 1289 576 1371 omissa,
605 1313 718 1357 unum
736 1313 798 1373 vos
814 1294 1003 1380 precabor,
1029 1304 1069 1361 ut

73 1392 100 1460 si
121 1389 246 1460 minus
268 1411 375 1482 quam
398 1413 463 1479 pro
486 1391 668 1460 atrocitate
696 1415 737 1460 ac
763 1385 931 1464 foeditate
962 1390 1069 1464 huius

70 1490 196 1583 flagitii
220 1491 336 1561 dicam
358 1504 389 1560 et
412 1506 557 1583 propter
578 1492 856 1564 imbecillitatem
874 1498 974 1564 oneri
990 1520 1065 1565 suc·

70 1594 259 1673 cumbam,
301 1594 337 1662 id
371 1618 436 1684 pro
469 1608 584 1664 vestra
618 1596 796 1689 aequitate
830 1601 935 1667 aetati
962 1622 1070 1683 meae,

70 1720 179 1792 quam
204 1695 373 1785 gravibus
395 1697 612 1783 argumentis
639 1699 832 1767 tractandis
863 1695 979 1770 adhuc
1002 1702 1063 1767 im-

71 1812 250 1871 maturam
266 1821 338 1866 esse
353 1800 499 1878 vidctis,
527 1813 561 1869 ct
585 1800 752 1869 tenuitati
775 1802 910 1891 ingenii
935 1806 1071 1872 condo-

71 1903 176 1974 netis.
230 1900 338 1989 Quod
363 1925 419 1968 me
435 1901 577 1993 quidem
596 1927 615 1969 a
630 1903 732 1971 vobis
749 1927 822 1972 non
845 1905 989 1973 dillicile
1002 1907 1071 1973 im-

72 2018 297 2098 petraturum
315 2007 466 2095 spondet
481 2026 616 2072 summa
634 1999 836 2075 humanitas
851 2022 964 2076 vestra
982 2003 1070 2077 mihi

72 2132 147 2178 nou
159 2107 300 2195 ignota.

177 2204 322 2278 Omissa
344 2206 454 2297 igitur
476 2207 638 2295 longiore
661 2210 895 2300 praefatione,
929 2213 973 2281 ad
996 2235 1070 2279 rem

75 2312 194 2405 potius
216 2310 329 2402 ipsam
351 2312 568 2380 accedamus.
628 2307 682 2380 De
706 2313 913 2384 temulentia
933 2309 1022 2382 mihi
1040 2327 1071 2383 et

75 2416 247 2487 ebrietate
267 2413 307 2481 in
329 2412 525 2503 praesentia
552 2413 664 2482 oratio
689 2416 772 2499 erit,
810 2417 1072 2498 Adulescentes,

75 2523 115 2590 de
131 2541 204 2612 qua
220 2538 303 2606 ego,
329 2516 388 2583 sed
403 2515 473 2582 alio
493 2518 646 2606 quodam
662 2519 769 2585 modo
785 2518 902 2586 dicere
919 2541 1073 2610 possum,

75 2622 174 2716 quod
205 2619 251 2688 de
281 2617 413 2686 virtute
446 2615 546 2686 Plato
582 2619 689 2701 dixit,
732 2620 960 2689 incredibiles
995 2644 1071 2689 eam

75 2744 216 2795 amores
235 2719 418 2790 inanimis
433 2712 637 2804 hominum,
662 2720 690 2789 si
708 2722 820 2792 oculis
838 2723 971 2813 percipi
991 2746 1073 2814 pos-

74 2839 143 2911 set,
176 2823 417 2895 excitaturam.
475 2821 529 2892 Ita
554 2823 779 2907 ebrietatem,
812 2826 842 2894 si
866 2826 942 2894 eius
960 2825 1075 2916 turpi-

77 2930 183 3013 tudo,
210 2937 345 3019 quanta
366 2935 436 3004 est,
467 2947 486 2992 a
511 2924 617 2994 nobis
638 2940 858 3011 cerneretur,
887 2953 926 2998 ac
949 2929 1074 2997 sinon

79 3030 172 3103 oculi
184 3028 301 3097 nostri
314 3050 388 3095 rem
403 3039 474 3095 tam
488 3026 629 3095 foedam
642 3030 897 3099 consuetudine
913 3032 1075 3123 quadam,

74 3157 145 3229 qua
158 3125 256 3201 nihil
274 3129 314 3198 in
337 3129 444 3198 rebus
459 3129 562 3197 malis
576 3131 763 3201 nocentius
786 3145 853 3214 est,
878 3157 988 3224 prope
1004 3133 1074 3200 iam

74 3238 171 3307 serre
187 3231 413 3315 didicissent,
439 3224 662 3301 hauddubie
682 3233 928 3321 gravissimum
951 3237 1074 3304 odium

76 3338 136 3409 sni
157 3336 251 3427 apud
275 3357 398 3405 omnes
418 3333 625 3425 parituram.
677 3332 791 3403 Nemo
805 3336 900 3403 enim
919 3350 988 3419 est,
1013 3335 1075 3429 qui

79 3462 160 3510 nou
182 3450 255 3508 toto
275 3459 424 3527 corpore
446 3450 553 3528 atque
576 3435 697 3504 animo
724 3432 1002 3519 cohorresceret,
1035 3461 1075 3506 ac

76 3540 237 3613 velutad
251 3539 454 3609 ominosum
469 3552 502 3608 et
517 3538 711 3608 infaustum
721 3538 864 3631 aliquod
875 3553 1075 3609 monstrum

75 3654 242 3739 paveret,
266 3641 404 3735 quoties
420 3641 460 3709 in
479 3640 568 3709 ebrii
586 3640 735 3711 alicuius
750 3633 908 3711 hominis
929 3665 1070 3733 conspe·

76 3762 175 3820 ctum
186 3743 389 3825 incidisset,
415 3742 445 3811 si
461 3764 537 3811 nun
554 3742 664 3814 veluti
676 3744 801 3813 morbo
814 3746 968 3837 quodam
982 3744 1075 3816 oculi

77 3849 194 3921 nostri
217 3841 374 3917 hebetati
398 3844 629 3929 caecutirent,
655 3858 690 3915 et
709 3860 845 3915 mentes
865 3849 909 3916 ad
933 3870 1074 3917 sensum

75 3965 197 4025 tantae
216 3948 397 4019 foeditatis
421 3947 677 4017 consuetudine
701 3949 776 4039 ipsa
804 3948 872 4017 iam
891 3949 1076 4020 occalluis-

78 4068 166 4127 sent.
226 4048 267 4123 Si
285 4051 379 4120 enirn
399 4073 479 4118 cum
495 4049 582 4142 quid
598 4050 637 4118 in
651 4063 777 4119 natura
792 4075 911 4121 rerum
933 4075 954 4121 a
979 4076 1075 4121 com-

79 4155 182 4229 muni
198 4154 277 4244 lege
300 4177 341 4223 ac
362 4152 488 4221 ordine
512 4153 711 4222 deerratum
737 4153 916 4239 videmus,
946 4150 1075 4224 exhor·

744 296 905 375 DECL.
960 294 1036 373 DE
1076 290 1440 371 ΕΒΒΙΕΤΑΤΕ.

1997 242 2001 257 ’
2041 293 2115 369 17⁰

1120 462 1331 554 hominum,
1365 469 1485 541 miuus
1514 482 1564 541 est
1597 471 1832 559 detestabilis,
1870 486 1992 567 utpote
2022 496 2114 568 quae

1119 583 1268 640 naturae
1291 571 1359 663 ipsi
1378 585 1497 642 tamen
1520 573 1711 643 conlormis
1733 588 1768 646 et
1792 592 2028 648 consentanca
2049 588 2112 647 est.

1119 669 1169 742 At
1193 673 1251 743 isti
1277 669 1440 743 homines
1461 677 1582 766 fugere
1605 699 1750 768 prorsus
1771 700 1808 747 se
1831 677 1918 770 ipsi,
1944 692 1979 749 et
1994 673 2114 748 homi-

1121 797 1203 843 nem
1237 800 1277 844 ex
1311 771 1457 846 homine
1489 791 1673 863 exuentes,
1720 792 1883 851 naturam
1917 775 2113 852 humanam

1121 877 1237 947 odisse
1258 880 1443 960 videntur,
1477 881 1549 950 imo
1573 903 1657 949 vero
1680 905 1760 951 cum
1783 906 1824 951 ea
1847 882 2115 974 belligerantur,

1121 992 1156 1049 et
1169 996 1363 1072 expugnata
1379 983 1473 1072 ipsa,
1498 983 1621 1068 aliam,
1648 1007 1687 1052 ac
1703 984 1815 1053 nimio
1832 985 1913 1076 plus
1928 1010 2034 1080 quam
2049 985 2115 1083 ho-

1121 1081 1257 1151 luinam
1271 1084 1444 1168 induunt,
1470 1100 1510 1156 ut
1526 1098 1619 1154 recte
1634 1085 1769 1156 dictum
1786 1087 1849 1157 sit:
1877 1082 2034 1157 Omnem
2049 1110 2114 1157 na·

1123 1199 1237 1254 turam
1262 1209 1351 1278 quae
1375 1210 1394 1255 a
1414 1211 1476 1255 sua
1500 1187 1615 1279 specie
1638 1189 1844 1278 degeneret,
1867 1189 1906 1257 in
1922 1190 2035 1260 multo
2052 1189 2114 1259 de-

1121 1286 1288 1357 teriorem
1304 1289 1419 1374 abire,
1445 1290 1595 1382 quamsi
1613 1314 1689 1359 eam
1707 1302 1871 1361 naturam
1886 1292 2115 1382 ingenuisset.
2158 1316 2168 1325 ·

1121 1384 1271 1459 Etcum
1295 1384 1535 1476 horrendum,
1567 1406 1642 1463 tum
1671 1416 1756 1462 vero
1786 1392 1892 1464 etiam
1914 1394 2117 1465 miserabile

1123 1503 1195 1573 est,
1216 1516 1257 1559 ex
1273 1494 1439 1562 omnibus
1453 1495 1694 1564 animantibus
1716 1519 1828 1566 unum
1845 1491 2027 1566 hominem
2043 1510 2116 1567 tam

1123 1593 1227 1682 longe
1244 1596 1290 1663 ab
1305 1619 1344 1663 ea
1360 1597 1586 1680 excellentia,
1612 1598 1655 1665 ad
1673 1620 1779 1689 quam
1802 1598 1974 1669 divinitus
1992 1597 2117 1667 condi·

1125 1709 1180 1764 tus
1198 1711 1267 1781 est,
1291 1698 1515 1787 degenerare.
1568 1697 1665 1786 Quid
1684 1700 1779 1768 enim
1798 1723 1871 1770 csse
1885 1715 1946 1771 aut
1968 1698 2118 1789 cogitari

1125 1811 1254 1887 potest,
1281 1823 1354 1868 non
1370 1802 1439 1869 iam
1455 1803 1570 1869 dicam
1582 1796 1815 1886 humanitati,
1839 1805 1900 1872 scd
1917 1804 1983 1894 ipsi
1998 1801 2117 1871 omni·

1125 1925 1171 1967 no
1189 1914 1335 1970 naturae
1359 1903 1470 1991 magis
1492 1907 1698 1988 adversum,
1724 1927 1829 1997 quam
1847 1906 1919 1974 suis
1935 1904 2119 1987 membris,

1125 2002 1323 2071 valetudini
1351 2005 1512 2098 vitaeque
1536 2005 1722 2097 propriae,
1763 2007 1858 2076 ultro
1883 2021 1916 2077 et
1941 2007 2040 2077 nulla
2074 2008 2118 2076 de

1125 2127 1227 2173 causa
1252 2105 1324 2172 vim
1346 2107 1498 2177 afferre?
1548 2107 1674 2178 Solent
1697 2104 1764 2178 hoc
1787 2132 2047 2202 nonnunquam
2065 2110 2120 2178 fa-

1126 2229 1221 2291 cere,
1254 2210 1315 2299 qui
1338 2225 1455 2280 mente
1476 2210 1569 2300 capti
1596 2223 1702 2304 atque
1722 2212 1761 2278 in
1786 2211 1943 2281 furorem
1960 2213 2047 2296 acti,
2072 2233 2119 2280 ne

1125 2309 1259 2399 seipsos
1287 2311 1450 2395 laedant,
1491 2312 1644 2381 vinculis
1674 2309 1920 2384 coherceatur.
1985 2310 2036 2383 At
2059 2312 2120 2383 isti

1126 2406 1315 2494 heluones,
1341 2414 1402 2505 qui
1418 2408 1535 2483 adhuc
1557 2415 1687 2484 mentis
1709 2439 1749 2483 ac
1765 2416 1913 2486 rationis
1929 2427 2120 2507 compotes,

1126 2515 1154 2581 si
1173 2512 1251 2582 Diis
1270 2515 1399 2604 placet,
1427 2516 1540 2584 videri
1557 2518 1759 2608 postulant,
1785 2517 1815 2585 si
1831 2519 1938 2587 modo
1955 2531 2059 2600 sunt,
2085 2527 2121 2587 et

1127 2640 1199 2683 non
1215 2619 1328 2685 multo
1344 2619 1499 2706 graviori
1518 2642 1644 2708 genere
1667 2620 1798 2689 luroris
1816 2620 2018 2709 agitantur,
2053 2613 2122 2688 ho-

1127 2719 1242 2787 stilem
1266 2719 1304 2788 in
1325 2721 1470 2790 modum
1494 2721 1653 2811 sibiipsi
1676 2742 1804 2791 manus
1825 2722 1999 2807 afferunt,
2030 2720 2122 2789 inse

1128 2821 1222 2910 ipsos
1251 2822 1463 2908 saevientes,
1502 2823 1815 2917 infestissimosque
1842 2824 2006 2908 morbos,
2039 2844 2122 2893 cru-

1128 2925 1257 3002 ciatus,
1281 2939 1387 3017 atque
1403 2926 1568 3006 exitium,
1593 2927 1689 2995 ultro
1711 2951 1750 2996 ac
1766 2926 1923 2997 volentes
1941 2926 2133 2996 videntes?

1128 3049 1196 3118 que
1213 3026 1283 3095 sibi
1299 3043 1491 3100 accersunt.
1532 3024 1573 3097 ld
1590 3029 1637 3099 ita
1653 3052 1725 3098 esse
1739 3029 1945 3123 quotidiana
1962 3027 2122 3120 exempla

1128 3128 1236 3195 nimis
1258 3129 1370 3199 multa
1400 3142 1596 3216 testantur,
1627 3144 1661 3200 et
1686 3155 1741 3200 res
1763 3131 1925 3224 loquitur
1952 3131 2047 3222 ipsa,
2083 3142 2124 3199 ut

1127 3254 1312 3322 nunquam
1332 3233 1450 3302 verius
1472 3256 1577 3326 quam
1602 3226 1670 3301 hoc
1692 3247 1849 3322 tempore
1870 3233 1941 3302 dici
1957 3231 2123 3324 potuerit,

1128 3333 1247 3423 plures
1263 3332 1406 3423 crapula
1423 3358 1530 3427 quarn
1551 3333 1668 3422 gladio
1690 3336 1918 3418 occumbere,
1942 3335 2017 3403 imo
2037 3357 2121 3404 vero

1128 3435 1247 3525 plures
1270 3436 1413 3524 crapula
1438 3437 1571 3527 seipsos
1591 3435 1783 3504 crudeliter
1804 3436 1982 3519 occidero,
2014 3457 2121 3528 quam

1128 3535 1203 3604 ullo
1228 3535 1299 3604 alio
1325 3557 1451 3624 genere
1472 3536 1597 3606 mortis
1624 3549 1687 3608 aut
1708 3559 1851 3607 casuum
1881 3531 2122 3607 humanorum

1128 3637 1254 3730 perire.
1313 3637 1405 3707 Nam
1428 3642 1523 3734 quod
1548 3632 1634 3708 haec
1660 3639 1707 3712 sit
1738 3640 1937 3709 communis
1963 3639 2061 3709 labes
2082 3660 2123 3709 ac

1128 3741 1232 3812 ruina
1247 3741 1411 3812 sanitatis
1427 3742 1538 3812 animi
1554 3741 1687 3833 pariter
1708 3766 1749 3812 ac
1762 3743 1938 3831 corporis,
1963 3743 2057 3836 quod
2076 3740 2122 3811 ad

1128 3846 1429 3935 corrumpendum
1448 3871 1488 3915 ac
1511 3845 1748 3935 frangendum
1778 3844 1935 3934 vigorem
1958 3844 2121 3913 omnium

1129 3949 1389 4032 membrorum,
1423 3948 1469 4016 ad
1492 3947 1636 4017 exitium
1659 3970 1700 4016 ac
1720 3961 1871 4016 mortem
1894 3946 1995 4015 nulla
2010 3943 2122 4034 magis

1128 4049 1409 4141 compendiaria,
1441 4074 1508 4119 nec
1529 4049 1672 4118 brevior
1692 4048 1738 4119 sit
1760 4050 1837 4133 via,
1871 4071 1946 4116 non
1963 4048 2123 4138 longum,

1129 4176 1244 4244 neque
1267 4151 1411 4221 difficile
1442 4152 1508 4222 erit
1529 4153 1725 4221 ostendere.
1783 4148 1900 4239 Quem
1926 4151 2022 4219 enim
2050 4173 2122 4221 un-

79 4283 156 4331 rere
167 4268 276 4350 atque
298 4278 339 4325 ea
354 4267 512 4323 monstra
528 4254 727 4324 abominari
750 4255 921 4337 solemus,
954 4269 1076 4348 utpote
1128 4278 1234 4346 quam
1250 4253 1389 4323 vidistis
1406 4254 1585 4323 ebriosum
1599 4247 1801 4337 hominem,
1825 4253 1883 4322 cui
1900 4278 1975 4323 non
1991 4254 2029 4321 in
2046 4275 2122 4321 me-

80 4385 159 4434 cum
176 4383 219 4430 ex
235 4358 326 4429 bove
342 4356 504 4446 bicipites
527 4356 676 4442 vitulos,
709 4380 750 4425 ex
775 4380 837 4428 sue
858 4382 980 4427 canem
1000 4360 1076 4427 edi·
1129 4355 1188 4425 dia
1213 4356 1355 4426 iuventa
1378 4379 1507 4447 corpus
1529 4356 1630 4424 omni
1653 4379 1781 4445 genere
1803 4356 2011 4424 morborum
2035 4376 2121 4434 con-

80 4479 176 4549 tum,
203 4473 265 4532 aut
278 4459 415 4553 aliquid
430 4457 671 4528 inusitatume
692 4472 783 4529 terra
797 4473 940 4545 natum,
966 4461 1022 4529 vel
1037 4461 1074 4529 in
1127 4459 1259 4528 lectum
1283 4482 1323 4527 ac
1348 4459 1588 4542 debilitatum,
1623 4482 1747 4528 sensus
1772 4480 1895 4527 omnes
1920 4452 2122 4525 labefactati

81 4566 179 4639 coelo
211 4574 437 4653 conspectum
466 4559 683 4650 accepimus,
724 4584 797 4630 non
834 4562 953 4631 minus
983 4575 1075 4632 certe
1129 4559 1357 4653 corruptique
1370 4559 1543 4631 luissent?
1584 4553 1746 4652 Occupat
1759 4559 1840 4627 illos
1858 4558 1994 4626 senium
2012 4569 2046 4624 et
2060 4578 2121 4625 oc·

81 4665 321 4741 abominabile
336 4677 370 4733 et
384 4662 601 4733 obscoenum
622 4677 826 4754 portentum
842 4664 1073 4734 indicandum
1128 4685 1227 4732 casus
1254 4662 1365 4747 vitae,
1402 4664 1488 4732 dum
1516 4657 1633 4732 adhuc
1661 4676 1744 4732 sunt
1766 4661 1929 4742 iuvenes,
1963 4659 2120 4751 dumque

81 4785 148 4856 est,
169 4792 252 4839 cum
267 4761 431 4836 homines
442 4764 770 4835 excellentissimam
786 4765 885 4834 illam
900 4781 1075 4848 naturam,
1129 4789 1235 4857 quam
1257 4764 1410 4833 maxime
1430 4766 1566 4834 viribus
1590 4765 1723 4854 pariter
1745 4758 1903 4852 corporis
1921 4771 2024 4853 atque
2040 4759 2121 4828 ani-

81 4896 170 4970 prae
183 4873 228 4941 ad
245 4868 394 4960 gloriam
409 4863 497 4947 Dei,
523 4868 568 4935 ad
591 4867 913 4953 immortalitatem,
938 4870 983 4938 ad
1002 4869 1073 4937 vir·
1128 4867 1178 4935 mi
1202 4867 1319 4954 vigere
1342 4890 1382 4937 ac
1408 4868 1525 4938 valere
1546 4867 1733 4936 debebant.
1784 4860 1908 4956 Neque
1923 4862 1960 4931 id
1976 4863 2120 4945 mirum,

11 5016 16 5031 ·
80 4988 190 5048 tutem
209 4985 316 5066 atque
329 4968 598 5061 temperantiam
612 4971 754 5039 condita
774 4983 845 5055 est,
871 4969 932 5040 illa
949 4971 1075 5039 imma·
1128 4968 1226 5038 nulla
1253 4969 1349 5037 enim
1370 4994 1452 5060 pars
1465 4985 1517 5040 est
1537 4969 1715 5060 corporis,
1740 4989 1854 5057 neque
1873 4965 2004 5046 animi,
2030 4986 2120 5058 quae

11 5034 19 5095 l
80 5078 117 5148 ui
131 5073 307 5148 heluandi
324 5097 364 5143 ac
379 5072 587 5164 perpotandi
608 5072 866 5142 consuetudine
887 5071 936 5142 ita
952 5098 992 5142 ex
1008 5066 1075 5141 ho-
1099 5044 1103 5177 ξ
1127 5095 1202 5140 non
1218 5070 1284 5138 ista
1298 5071 1445 5139 immani
1462 5071 1671 5163 perpotandi
1687 5094 1726 5139 ac
1746 5060 1916 5135 heluandi
1930 5079 2120 5137 consuetu·

80 5179 238 5250 minibus
251 5177 291 5245 in
311 5175 404 5245 feras
426 5172 555 5243 bestias
569 5174 815 5244 translormari
831 5175 1010 5258 videmus,
1034 5187 1075 5244 ut
1099 5192 1102 5259 ;
1127 5174 1212 5242 dine
1239 5172 1444 5260 gravissime
1470 5173 1643 5243 laedatur.
1712 5163 1941 5241 Stomachum
1964 5168 2118 5259 primum

15 5282 18 5297 '
82 5295 220 5374 praeter
241 5277 316 5349 oris
337 5276 551 5347 lineamenta
577 5276 616 5345 in
634 5275 707 5344 illis
723 5270 872 5347 humani
888 5272 982 5345 nihil
997 5300 1074 5345 am-
1098 5262 1102 5376 ξ
1126 5289 1162 5345 et
1180 5297 1284 5365 epar,
1317 5298 1478 5369 quaeque
1492 5274 1561 5345 alia
1577 5273 1734 5343 membra
1754 5269 1945 5340 nutritioni
1963 5283 2119 5339 caetero·

82 5384 176 5475 plius
198 5402 387 5472 agnoscere
408 5377 531 5471 possis.
590 5377 640 5449 At
660 5378 749 5472 quid
769 5381 814 5450 de
834 5379 955 5450 bestiis
982 5379 1073 5459 dico,
1098 5384 1101 5465 t
1126 5399 1206 5445 rum
1223 5376 1395 5445 destinata
1420 5389 1522 5461 sunt,
1552 5397 1693 5445 necesse
1716 5385 1786 5457 est,
1812 5373 1880 5443 isto
1906 5370 2117 5463 poculorum

11 5462 18 5555 f
82 5508 231 5580 quarum
252 5481 325 5553 vita
346 5493 431 5554 utut
452 5492 520 5566 est,
545 5481 659 5552 multo
679 5492 792 5568 certe,
808 5505 922 5574 uuam
943 5475 1071 5550 horum
1096 5532 1101 5567 ,
1125 5476 1290 5571 proluvio
1316 5477 1363 5548 ita
1386 5478 1564 5549 debilitari
1591 5489 1696 5571 atque
1716 5473 1915 5565 corrumpi,
1940 5485 1980 5542 ut
2001 5495 2119 5566 neque
