4664 6022
79 433 80 437 p
107 340 204 417 1051
648 315 814 396 unct.
840 309 918 391 nn
949 307 1332 390 uartvtrann
1364 309 1620 389 cunrsrt
2055 317 2154 405 case

110 516 222 609 magi,
243 531 369 583 omnes
384 501 534 594 Angeli,
558 520 666 594 quam
687 517 808 566 rerum
829 491 992 562 omnium
1010 511 1108 571 crea-
1155 487 1344 580 praecipuo
1361 484 1541 558 Ecclesiae
1556 510 1765 579 congressu,
1787 482 1857 561 hae
1872 504 1990 584 partes
2007 491 2151 563 dicendi

103 624 249 693 ,tionem
277 612 521 690 admirantur,
547 601 714 697 quodque
743 598 811 690 ipsi
834 614 1025 688 praecones
1048 614 1109 681 ge-
1156 594 1257 662 datae
1273 604 1375 671 sunt,
1402 592 1600 661 verecunde
1613 596 1833 684 obtempero.
1883 592 1955 666 Sed
1971 596 2153 667 exanimo

111 724 190 796 ueri
221 716 378 790 humano
410 707 676 781 annuntiarunt
705 695 772 793 hac
795 696 986 769 laetissima
1013 717 1110 778 voce,
1157 707 1198 764 ut
1214 692 1354 762 iisdem
1384 693 1429 761 de
1458 693 1564 763 rebus
1592 695 1654 764 alii
1676 695 1798 766 dicant
1819 698 2031 769 eruditiores
2053 712 2154 790 opto.

113 848 220 923 quam
249 818 336 913 ipsis
363 815 468 885 etiam
500 805 689 878 admiratio
717 815 835 874 tantae
858 800 911 872 rei
931 797 1111 890 expressit.
1156 793 1265 866 Nulla
1295 797 1339 865 de
1362 818 1400 863 re
1423 795 1548 865 audire
1572 798 1693 866 malim
1716 798 1831 868 bonos
1854 812 1888 868 et
1910 803 2034 872 doctos
2056 802 2154 873 viros

30 986 35 1001 „
112 928 206 1003 Ecce
230 918 411 995 annuncio
434 912 537 983 vobis
561 908 731 1000 gaudium
752 905 898 994 ingens,
923 903 1021 996 quod
1043 899 1112 969 erit
1158 923 1264 992 quam
1281 900 1324 968 de
1340 891 1408 967 hac
1423 921 1527 969 causa
1542 900 1697 989 graviter
1711 899 1935 975 disserentes.

114 1034 282 1105 volvem
306 1019 457 1115 e⁰P¹¹¹⁰2
484 1015 579 1109 ‘1¹¹⁰d
606 1024 711 1081 ”³¹⁰⁵
734 1007 781 1079 δὴ
800 1003 908 1077 h⁰d3⁰
924 1006 1027 1076 V⁰b¹⁸
1041 1003 1111 1071 ⁸³¹·
1261 1031 1358 1103 Haec
1387 1056 1535 1124 operum
1557 1034 1764 1104 divinorum
1788 1058 1967 1108 summum
1987 1056 2022 1112 et
2041 1040 2153 1110 maxi-

116 1150 238 1217 tlltlffl's
262 1111 763 1230 quieslchfi⁸¹⁰⁵D⁰mi‚¹¹¹,¹⁸·
814 1103 1112 1229 Ufifiltmfnifni
1158 1160 1259 1207 mum
1285 1136 1472 1228 proponit:
1504 1131 1589 1207 hacc
1613 1138 1895 1227 magnitudinem
1918 1141 2066 1212 divinae
2087 1145 2153 1211 mi-

118 1233 409 1311 scholasticorum
432 1223 476 1291 ad
492 1215 600 1290 huius
614 1216 729 1287 divtut
749 1213 912 1283 benefice
927 1220 1113 1298 cogitatio·
1160 1239 1370 1310 ,memmae
1387 1260 1469 1329 erg,
1485 1262 1550 1307 „0⁸
1565 1240 1733 1310 illustrat,
1760 1235 1846 1312 haec
1862 1242 2072 1333 dfgnstagem
2086 1239 2155 1315 pm,

51 1379 54 1411 ε
119 1365 201 1413 nem
230 1359 271 1405 ac
299 1321 621 1440 considerationem
649 1318 708 1387 vel
739 1326 1035 1433 Pffl‘fffmfffnmf
1057 1308 1113 1377 Ἴθι
1161 1366 1286 1428 manae
1309 1355 1457 1411 naturae
1477 1341 1675 1414 restitutam
1692 1357 1727 1413 et
1741 1357 1878 1415 auctam
1895 1368 1969 1415 esse
1982 1347 2154 1418 ostendit:

119 1441 414 1517 accenderentur,
439 1428 600 1495 5ss⁵l¹l¹¹l³
619 1434 673 1491 ²⁸¹
694 1413 780 1489 hm
802 1417 946 1487 d¹⁰⁰⁰d¹
966 1434 1115 1484 ‘⁰⁰⁸¹sp
1162 1439 1248 1515 haec
1272 1445 1374 1514 docet
1396 1446 1576 1537 cpmmodo
1602 1467 1643 1514 ex
1667 1458 1809 1517 aeterna
1834 1463 1947 1518 morte
1972 1452 2017 1519 ad
2043 1449 2156 1520 lucem

120 1548 220 1621 tudo.
273 1536 323 1624 Ut
352 1532 447 1602 essim
479 1529 517 1596 5¹¹
544 1523 642 1596 ⁰0⁰l⁰
665 1545 740 1592 ⁰⁰¹¹
760 1534 813 1591 ⁶⁸²
835 1519 934 1590 “liud
957 1515 1115 1586 ‘mdium
1162 1547 1333 1618 iustitiam
1348 1560 1382 1616 et
1396 1549 1505 1617 vitam
1520 1560 1697 1617 aeternam
1712 1551 1934 1623 reducamur.
1975 1551 2059 1624 Sint
2075 1575 2155 1621 sane

19 1663 25 1675 ¹
120 1648 256 1729 maius,
283 1661 389 1734 quam
409 1630 516 1703 huius
532 1627 715 1697 mirandae
728 1620 905 1694 societatis
922 1619 1066 1691 divinae
1082 1629 1117 1735 et

122 1750 299 1825 humanae
321 1753 467 1810 naturae
488 1727 757 1822 contemplatio,
783 1739 817 1796 et
841 1725 1033 1794 immensae
1049 1745 1117 1788 mt-

123 1848 334 1926 sericordiae
349 1865 430 1932 erga
445 1833 608 1910 homines
624 1830 858 1926 praedicatio,
883 1827 932 1899 sic
946 1826 983 1896 in
994 1821 1119 1898 Eccle-

124 1958 186 2030 siis
210 1979 249 2025 ac
265 1944 424 2032 Scholis,
446 1965 536 2038 quae
556 1935 743 2033 praecipue
765 1947 848 2006 sunt
870 1931 986 2022 imago
1007 1926 1119 2019 agmi-

2 2041 9 2055 ἱ
125 2085 214 2131 num
226 2050 442 2132 coelestium,
468 2046 590 2114 eadem
604 2039 720 2110 studia
734 2036 928 2120 excitanda,
950 2047 984 2104 et
998 2033 1119 2103 eadem

125 2146 212 2233 ¹neue
226 2182 306 2230 cum
326 2149 471 2241 Angelis
485 2145 695 2217 celebranda
712 2153 764 2211 est
781 2137 849 2210 Dei
865 2137 999 2208 aeterni
1013 2133 1122 2205 boni-

127 2281 199 2350 tas,
237 2255 442 2355 praesertim
473 2274 554 2320 cum
586 2243 798 2317 beneficium
827 2243 872 2313 ad
905 2263 972 2311 nos
1001 2236 1122 2308 verius

127 2390 236 2464 quam
259 2363 301 2434 ad
319 2355 475 2447 Angelos
494 2349 685 2445 pertineat.
734 2342 812 2418 Etsi
831 2357 947 2415 autem
963 2365 1028 2411 nec
1044 2337 1123 2410 An·

128 2472 217 2563 geli,
250 2490 315 2535 nec
334 2471 468 2530 mentes
491 2451 669 2525 humanae
688 2443 783 2519 hanc
804 2447 1002 2517 societatem
1029 2441 1123 2511 divi-

129 2598 197 2645 nec
217 2584 250 2641 ct
267 2563 445 2637 humanae
460 2570 608 2628 naturae
621 2552 820 2646 perspicere
836 2573 876 2620 ac
891 2540 1124 2640 comprehen-

130 2680 215 2750 dere
232 2680 399 2765 possunt,
426 2676 543 2733 tamen
560 2657 643 2753 quia
655 2653 822 2749 patefecit
835 2676 913 2721 eam
927 2649 1023 2722 Deus
1040 2648 1123 2717 illu·

131 2779 264 2852 stribus
295 2764 527 2848 testimoniis,
561 2784 602 2830 ac
631 2758 807 2830 celebrare
834 2755 953 2840 iussit,
984 2771 1124 2821 necesse

133 2895 185 2952 est
208 2899 275 2947 nos
299 2870 385 2943 haec
401 2888 547 2949 arcana,
573 2883 663 2956 quae
679 2859 848 2952 patefacta
861 2869 961 2935 sunt,
988 2851 1125 2924 etiamsi

133 2979 283 3055 infantia
307 2986 430 3043 nostra
453 2964 573 3059 eloqui
593 2987 634 3031 ea
658 2986 732 3031 non
756 2971 890 3049 potest,
922 2955 1068 3025 recitare
1092 2965 1126 3021 et

134 3102 316 3180 spargere,
349 3089 390 3146 ut
411 3068 479 3141 Dei
505 3063 676 3137 beneficia
701 3063 823 3156 plures
845 3068 1058 3150 agnoscant,
1092 3066 1127 3122 et

134 3187 241 3280 gratis
256 3177 434 3252 mensibus
451 3170 719 3260 amplectantur.
757 3161 799 3232 ln
814 3160 955 3232 Psalmo
970 3158 1126 3229 secundo

135 3289 256 3384 inquit
284 3284 358 3374 ipse
392 3276 487 3346 filius
517 3269 604 3356 Dei,
639 3265 857 3351 Praedicabo
886 3273 1126 3356 praeceptum:

135 3391 313 3466 Dominus
335 3379 424 3452 dixit
448 3378 492 3447 ad
516 3397 590 3459 me,
623 3368 738 3440 Filius
757 3390 858 3437 meus
880 3389 917 3436 es
940 3377 990 3435 tu.
1049 3360 1127 3454 Ipse

136 3497 246 3587 igitur
271 3483 364 3558 hanc
385 3501 508 3550 vocem
528 3475 566 3544 in
588 3469 746 3543 Ecclesia
771 3481 891 3549 sonat,
923 3467 998 3558 ipse
1020 3464 1129 3534 mittit

136 3596 293 3689 Angelos
314 3604 521 3681 praecones,
549 3578 623 3668 ipse
645 3568 833 3644 homiuum
849 3583 989 3662 pectora
1008 3580 1042 3639 et
1057 3567 1130 3635 lin-

139 3723 224 3794 guas
255 3686 431 3770 accendit,
464 3696 503 3753 ut
533 3674 603 3749 hoc
629 3689 768 3747 tanturn
793 3672 998 3767 mysterium
1021 3669 1129 3762 proli-

139 3815 281 3878 teantur
307 3818 348 3864 ac
375 3788 565 3859 celebrent.
625 3777 704 3870 lpse
724 3776 868 3846 diaholo
888 3772 1051 3844 irascitur
1072 3771 1130 3840 in·

139 3902 277 3978 videnti
297 3892 421 3977 nobis,
446 3883 514 3956 hoc
537 3906 616 3954 cum
640 3894 767 3952 natura
788 3877 911 3949 divina
921 3876 1070 3956 foedus,
1095 3887 1130 3945 et

138 4001 347 4085 memoriam
363 3995 439 4066 eius
455 3989 572 4060 delere
589 3981 757 4079 cupienti.

244 4211 323 4302 lpse
342 4201 553 4273 ludaeorum
569 4207 601 4264 et
617 4184 815 4260 Mahometi
830 4186 968 4256 fumres
985 4180 1130 4300 refutari

142 4322 237 4402 vult,
262 4310 325 4407 qui
349 4303 456 4394 impie
480 4299 672 4367 reclamant
697 4288 906 4362 testimoniis
920 4285 986 4357 Dei
1003 4299 1037 4356 et
1053 4308 1132 4352 vocr

140 4418 294 4499 Claristi,
320 4434 358 4479 ac
375 4416 504 4494 negant
521 4400 645 4468 factam
662 4418 735 4464 esse
750 4387 842 4462 hanc
856 4390 1000 4459 divinae
1014 4401 1047 4457 et
1061 4381 1132 4454 hu-

142 4504 267 4597 mande
287 4528 431 4586 naturae
448 4505 660 4574 societatem.
711 4494 832 4585 Quare
847 4492 911 4562 etsi
928 4512 1048 4560 sumus
1063 4489 1131 4557 im-

141 4626 303 4703 becilles,
338 4630 455 4684 tamen
485 4603 678 4674 excitemur
705 4621 791 4718 voce
820 4591 973 4679 Christi,
1006 4615 1133 4711 scepta·

133 4740 233 4811 mur,
256 4722 452 4794 recitemus,
471 4722 743 4800 propugnamus,
763 4720 958 4817 inseramus
971 4718 1132 4765 omnium

142 4830 270 4910 artimis
285 4830 458 4916 qnantum
475 4827 672 4903 possumus.
719 4799 791 4872 Nec
806 4814 1045 4870 existimemus
1056 4797 1133 4867 fru-

144 4955 213 5010 stra
243 4931 289 4998 ab
313 4948 354 4992 eo
376 4918 509 4987 dictum
532 4932 622 4978 esse:
654 4903 871 4975 Praedicabo
898 4912 1133 4992 praeceptum.

143 5039 232 5110 Vult
249 5043 365 5100 extare
383 5016 490 5089 huius
508 5010 597 5082 tanti
614 5005 774 5076 metueris
787 5003 1004 5073 memoriam.
1055 4997 1133 5068 Hoc

311 5151 329 5196 e
345 5121 462 5194 officio
477 5115 545 5183 coli
562 5112 675 5182 Deum
690 5107 859 5192 affirmat,
884 5130 963 5175 cusu
979 5126 1061 5171 vere
1075 5125 1133 5172 ce-

123 5136 310 5240 ,praecipu
549 5215 557 5231 ·

323 5227 390 5298 hoc
411 5218 643 5297 heneficium,
667 5234 748 5282 cum
766 5202 852 5278 haec
868 5232 935 5275 vox
950 5208 1018 5277 late
1034 5228 1132 5295 spar-

141 5248 313 5436 ἑξξᾚξυὲῑ
328 5331 414 5400 fides
428 5347 467 5393 ac
481 5316 657 5410 gratitudo
674 5313 711 5381 in
727 5311 905 5380 mentibus
919 5307 1132 5380 accenditur.

142 5453 355 5542 Quanquam
380 5426 489 5518 igitur
509 5417 697 5489 infantiam
716 5438 829 5483 meam
847 5435 996 5502 agnosco
1013 5433 1052 5479 ac
1068 5411 1132 5478 de-

130 5550 263 5648 ploro,

1164 1651 1226 1721 alii
1248 1649 1441 1741 sapientes,
1465 1650 1526 1744 qui
1550 1645 1849 1745 philosophantur
1868 1656 1912 1723 de
1929 1656 2069 1744 legibus
2082 1679 2155 1724 mo-

1165 1768 1266 1826 tuum
1286 1753 1512 1834 coelestium,
1543 1756 1605 1848 qui
1629 1756 1814 1847 explorant
1838 1751 2031 1831 herbarum
2053 1771 2154 1828 natu·

1165 1881 1243 1944 ras,
1284 1870 1319 1929 et
1349 1856 1505 1927 remedia
1534 1857 1701 1928 salutaria
1732 1853 1789 1928 his
1817 1857 1970 1931 infirmis
2000 1861 2158 1952 corpori·

1165 1963 1233 2033 hus
1263 1972 1436 2053 querunt,
1467 1958 1529 2052 qui
1554 1973 1684 2030 terram
1709 1961 1813 2031 certis
1834 1987 1875 2031 ac
1898 1962 2011 2034 finitis
2035 1963 2159 2054 spaciis

1167 2064 1369 2134 includunt.
1416 2061 1500 2132 Non
1522 2062 1684 2155 vitupero
1701 2058 1788 2133 haec
1806 2064 1936 2141 studia.
1987 2064 2060 2137 Sed
2078 2060 2162 2136 haee

1167 2166 1329 2260 quamvis
1343 2167 1485 2253 elegans
1501 2179 1536 2235 et
1549 2165 1667 2235 suavis
1680 2166 1861 2251 doctrina,
1879 2171 2006 2238 lamen
2022 2181 2161 2239 tantum

1167 2265 1253 2365 huic
1277 2267 1419 2338 mortali
1444 2267 1536 2338 vitae
1558 2268 1686 2352 seruit,
1717 2292 1791 2338 non
1813 2283 1990 2341 monstrat
2006 2267 2080 2341 Dei
2101 2295 2162 2341 na-

1168 2385 1285 2442 turam
1301 2384 1336 2441 et
1352 2370 1571 2440 voluntatem
1588 2393 1669 2461 erga
1686 2394 1770 2452 nos,
1794 2395 1869 2440 non
1885 2373 2045 2444 restituit
2063 2374 2161 2444 nobis

1170 2476 1284 2543 lucem
1315 2472 1486 2543 iustitiam
1516 2486 1551 2544 et
1574 2473 1682 2542 vitam
1703 2487 1892 2551 aeternam.
1944 2473 2160 2548 'l’ribuamus

1170 2599 1254 2666 ergo
1285 2590 1320 2648 et
1344 2570 1429 2645 huic
1448 2575 1585 2645 utiliori
1607 2576 1791 2647 doctrinae
1815 2577 1989 2648 derebus
2011 2579 2157 2652 aeternis

1170 2676 1307 2773 aliquid
1342 2677 1468 2750 studii:
1511 2701 1586 2747 non
1614 2678 1854 2751 existimemus
1885 2680 2053 2754 fabulosa
2081 2678 2155 2754 haec

1171 2805 1263 2862 esse,
1288 2804 1378 2873 quae
1402 2780 1446 2849 de
1470 2779 1634 2854 societate
1655 2781 1797 2851 divinae
1814 2795 1848 2853 et
1865 2775 2151 2856 humanaenatu-

1171 2908 1231 2953 rac
1250 2877 1414 2952 Christus
1442 2881 1692 2987 concionatur,
1723 2907 1804 2954 cum
1829 2908 1929 2954 suam
1958 2888 2141 2957 concionem

1172 2999 1224 3057 tot
1246 2982 1458 3055 testimoniis
1480 2984 1698 3054 confirmarit
1720 2978 1990 3059 resuscitatione
2009 3002 2149 3060 monuo·

1173 3110 1271 3172 rum,
1296 3108 1360 3155 sua
1382 3085 1657 3172 resurrectione,
1680 3101 1714 3157 et
1729 3100 1834 3158 testes
1849 3083 1979 3159 harum
1997 3093 2155 3163 maxima·

1173 3213 1252 3259 rum
1275 3211 1413 3273 rerum,
1435 3202 1508 3261 tam
1532 3189 1638 3259 multi
1660 3190 1793 3260 fuerint
1809 3189 1976 3283 Apostoli
2000 3209 2038 3266 et
2061 3193 2158 3264 colle·

1173 3316 1254 3382 gae,
1285 3290 1358 3359 imo
1388 3289 1590 3361 testimonia
1621 3293 1742 3362 omnia
1772 3293 1903 3387 quibus
1935 3317 1973 3365 se
1996 3299 2047 3368 ab
2067 3296 2159 3367 initio

1173 3394 1269 3466 Deus
1292 3392 1471 3484 patefecit:
1508 3392 1661 3464 servatio
1684 3390 1809 3466 Nohae
1828 3393 1866 3464 in
1888 3397 2053 3487 diluvio,
2082 3400 2162 3468 edu-

1174 3496 1243 3568 ctio
1267 3492 1509 3565 lsraelitarum
1541 3519 1583 3564 ex
1610 3492 1790 3592 Aegypto,
1822 3500 1979 3592 denique
2011 3502 2161 3572 defensio

1173 3600 1281 3670 totius
1297 3595 1448 3667 Politiae
1465 3594 1650 3688 Iudaicae,
1674 3603 1718 3672 ad
1738 3594 1807 3672 hoc
1828 3603 2063 3698 praecipuum
2081 3625 2164 3697 opus

1174 3701 1385 3772 referantur.

1278 3832 1412 3908 Omnia
1431 3831 1517 3906 haec
1531 3837 1620 3908 facta
1636 3851 1827 3928 testantur,
1848 3866 1969 3913 veram
1988 3868 2064 3915 esse
2080 3841 2166 3915 hanc

1176 3940 1385 4020 concionem
1410 3940 1453 4008 de
1479 3939 1553 4008 filio
1577 3936 1663 4025 Dei,
1698 3966 1828 4013 arcano
1852 3947 2008 4016 consitio
2035 3949 2168 4020 aeterni

1178 4044 1307 4134 patris,
1333 4041 1416 4126 tilii,
1441 4054 1474 4112 et
1496 4040 1651 4134 Spiritus
1674 4046 1787 4115 sancti
1809 4049 1991 4120 decretum
2015 4062 2111 4136 este,
2131 4066 2168 4121 ut

1178 4143 1237 4216 hic
1275 4145 1369 4214 lilius
1407 4158 1599 4215 assumeret
1628 4141 1821 4218 humanam
1848 4165 2015 4222 naturam
2040 4167 2078 4224 et
2108 4178 2166 4245 pro

1179 4248 1283 4319 nobis
1304 4246 1445 4316 victima
1469 4244 1586 4332 fieret,
1611 4262 1652 4318 ut
1672 4248 1723 4318 ira
1739 4247 1805 4320 Dei
1822 4251 1911 4323 iusta
1928 4255 2089 4343 placata,
2113 4279 2168 4340 ge-

1178 4375 1246 4420 nus
1262 4345 1456 4419 humanum
1473 4373 1596 4419 rursus
1610 4352 1648 4420 in
1662 4353 1811 4440 gratiam
1826 4356 2059 4447 reciperetur.
2098 4357 2169 4430 Nec

1180 4477 1264 4523 vero
1287 4452 1362 4521 fieri
1380 4452 1483 4521 aliter
1500 4466 1634 4544 potest,
1660 4454 1749 4547 quin
1763 4456 1814 4547 pii
1829 4459 2069 4532 admiratione
2084 4461 2168 4532 tanti

1180 4554 1338 4626 muneris
1360 4553 1522 4638 attoniti,
1555 4579 1574 4625 a
1598 4552 1673 4626 Deo
1696 4571 1836 4647 petant,
1865 4561 1969 4630 utin
1990 4566 2168 4636 mentibus

1180 4657 1311 4728 nostris
1332 4656 1437 4725 fidem
1462 4670 1496 4726 et
1515 4657 1768 4746 gratitudinem
1790 4665 1968 4735 accendat.
2022 4662 2121 4737 lderu
2137 4681 2168 4736 ct

1179 4762 1253 4853 ipse
1267 4772 1343 4831 toto
1360 4773 1498 4850 pectore
1513 4784 1588 4829 oro.
1638 4755 1686 4831 Et
1700 4763 1870 4856 quoniam
1885 4759 1972 4837 haec
1986 4769 2033 4840 ad
2049 4771 2169 4840 incen-

1178 4877 1290 4935 tntcm
1308 4862 1422 4930 oratio
1437 4862 1623 4952 praecipue
1638 4856 1807 4950 habetur,
1830 4890 1895 4936 vos
1909 4854 2057 4965 quiaque
2071 4868 2169 4943 scho-

1179 4964 1293 5035 lastici
1317 4957 1504 5048 adhortor,
1529 4977 1570 5035 ut
1592 4959 1663 5035 huc
1682 4967 1848 5040 adferatis
1869 4983 1905 5041 et
1927 4973 2071 5045 anirnos
2086 4975 2169 5068 ptos.

1179 5082 1215 5138 et
1229 5092 1310 5137 vera
1327 5078 1429 5154 vota,
1455 5080 1495 5137 ut
1508 5064 1604 5137 Deus
1618 5090 1681 5137 sua
1696 5094 1782 5140 voce
1796 5085 1937 5162 pectora
1953 5088 2079 5148 nostra
2093 5102 2169 5147 eru·

1180 5172 1253 5240 ‹liat
1270 5184 1303 5242 et
1318 5169 1484 5239 exuscitet
1497 5170 1542 5238 ad
1558 5169 1806 5257 cogitationem
1822 5169 1929 5247 huius
1944 5179 2002 5249 sui
2020 5179 2170 5272 ingentis

1180 5271 1363 5356 beneficii,
1389 5273 1478 5342 etad
1494 5272 1758 5360 gratitudinem.
1803 5292 1805 5302 ¹

1280 5403 1355 5475 Nec
1384 5418 1503 5496 putate
1530 5399 1596 5475 hos
1617 5407 1724 5479 festos
1745 5410 1839 5497 dies,
1880 5411 1945 5506 epti
1967 5435 2170 5513 seqtaentur,

296 5556 413 5610 tamen
445 5526 527 5622 quia
554 5516 645 5592 mihi
668 5518 707 5588 in
729 5511 869 5604 schola,
900 5510 967 5585 hoc
989 5527 1057 5599 est,
1090 5512 1130 5581 in
1149 5576 1157 5606 ,
1178 5510 1346 5581 ludorum
1383 5525 1417 5577 et
1453 5507 1702 5581 conviviorum
1739 5536 1844 5586 canu
1875 5517 2063 5596 inuitum,
2089 5548 2170 5601 m,
