<?xml version="1.0" encoding="UTF-8"?>
<!DOCTYPE html PUBLIC "-//W3C//DTD XHTML 1.0 Transitional//EN"
    "http://www.w3.org/TR/xhtml1/DTD/xhtml1-transitional.dtd">
<html xmlns="http://www.w3.org/1999/xhtml" xml:lang="en" lang="en">
 <head>
  <title>
</title>
<meta http-equiv="Content-Type" content="text/html;charset=utf-8" />
  <meta name='ocr-system' content='tesseract 3.04.00' />
  <meta name='ocr-capabilities' content='ocr_page ocr_carea ocr_par ocr_line ocrx_word'/>
</head>
<body>
  <div class='ocr_page' id='page_1' title='image "./philippimelanth00bretgoog_0095.png"; bbox 0 0 4664 6022; ppageno 0'>
   <div class='ocr_carea' id='block_1_1' title="bbox 141 276 2177 365">
    <p class='ocr_par' dir='ltr' id='par_1_1' title="bbox 141 276 2177 365">
     <span class='ocr_line' id='line_1_1' title="bbox 141 276 2177 365; baseline -0 -1"><span class='ocrx_word' id='word_1_1' title='bbox 141 284 215 365; x_wconf 74' lang='lat'><strong>107</strong></span> <span class='ocrx_word' id='word_1_2' title='bbox 812 277 974 357; x_wconf 85' lang='lat' dir='ltr'><strong>DECL.</strong></span> <span class='ocrx_word' id='word_1_3' title='bbox 1023 278 1099 356; x_wconf 82' lang='lat' dir='ltr'><strong>DE</strong></span> <span class='ocrx_word' id='word_1_4' title='bbox 1138 276 1498 361; x_wconf 76' lang='lat' dir='ltr'><strong>EBRIETATE.</strong></span> <span class='ocrx_word' id='word_1_5' title='bbox 2050 312 2056 317; x_wconf 91' lang='lat'>·</span> <span class='ocrx_word' id='word_1_6' title='bbox 2092 289 2177 363; x_wconf 78' lang='lat' dir='ltr'><strong>toa</strong></span> 
     </span>
    </p>
   </div>
   <div class='ocr_carea' id='block_1_2' title="bbox 142 453 2180 554">
    <p class='ocr_par' dir='ltr' id='par_1_2' title="bbox 142 453 2180 554">
     <span class='ocr_line' id='line_1_2' title="bbox 142 453 2180 554; baseline 0.001 -22"><span class='ocrx_word' id='word_1_7' title='bbox 142 476 196 532; x_wconf 89' lang='lat' dir='ltr'><strong>cat</strong></span> <span class='ocrx_word' id='word_1_8' title='bbox 219 483 318 530; x_wconf 89' lang='lat' dir='ltr'><strong>arma</strong></span> <span class='ocrx_word' id='word_1_9' title='bbox 342 455 529 548; x_wconf 86' lang='lat' dir='ltr'><strong>imperitae</strong></span> <span class='ocrx_word' id='word_1_10' title='bbox 544 453 787 539; x_wconf 70' lang='lat' dir='ltr'><strong>multitudini,</strong></span> <span class='ocrx_word' id='word_1_11' title='bbox 823 455 896 524; x_wconf 92' lang='lat' dir='ltr'><strong>nisi</strong></span> <span class='ocrx_word' id='word_1_12' title='bbox 918 458 1135 548; x_wconf 76' lang='lat' dir='ltr'><strong>superstitio,</strong></span> <span class='ocrx_word' id='word_1_13' title='bbox 1183 460 1313 528; x_wconf 87' lang='lat' dir='ltr'><strong>manus&#39;</strong></span> <span class='ocrx_word' id='word_1_14' title='bbox 1336 461 1544 542; x_wconf 87' lang='lat' dir='ltr'><strong>admoneat,</strong></span> <span class='ocrx_word' id='word_1_15' title='bbox 1580 461 1760 531; x_wconf 90' lang='lat' dir='ltr'><strong>neminem</strong></span> <span class='ocrx_word' id='word_1_16' title='bbox 1790 462 2019 554; x_wconf 89' lang='lat' dir='ltr'><strong>quantumvis</strong></span> <span class='ocrx_word' id='word_1_17' title='bbox 2043 465 2180 554; x_wconf 84' lang='lat' dir='ltr'><strong>magnis</strong></span> 
     </span>
    </p>
   </div>
   <div class='ocr_carea' id='block_1_3' title="bbox 28 556 2181 657">
    <p class='ocr_par' dir='ltr' id='par_1_3' title="bbox 28 556 2181 657">
     <span class='ocr_line' id='line_1_3' title="bbox 28 556 2181 657; baseline 0 -23"><span class='ocrx_word' id='word_1_18' title='bbox 28 642 32 653; x_wconf 51' lang='lat'>‚</span> <span class='ocrx_word' id='word_1_19' title='bbox 144 589 206 634; x_wconf 90' lang='lat' dir='ltr'><strong>seu</strong></span> <span class='ocrx_word' id='word_1_20' title='bbox 218 564 390 657; x_wconf 82' lang='lat' dir='ltr'><strong>quaedam</strong></span> <span class='ocrx_word' id='word_1_21' title='bbox 407 581 570 651; x_wconf 87' lang='lat' dir='ltr'><strong>perversa</strong></span> <span class='ocrx_word' id='word_1_22' title='bbox 585 561 628 626; x_wconf 90' lang='lat' dir='ltr'><strong>de</strong></span> <span class='ocrx_word' id='word_1_23' title='bbox 640 556 812 645; x_wconf 87' lang='lat' dir='ltr'><strong>religione</strong></span> <span class='ocrx_word' id='word_1_24' title='bbox 823 559 1029 648; x_wconf 78' lang='lat' dir='ltr'><strong>persuasio?</strong></span> <span class='ocrx_word' id='word_1_25' title='bbox 1056 558 1135 629; x_wconf 89' lang='lat' dir='ltr'><strong>Sci·</strong></span> <span class='ocrx_word' id='word_1_26' title='bbox 1184 559 1323 630; x_wconf 85' lang='lat' dir='ltr'><strong>viribus</strong></span> <span class='ocrx_word' id='word_1_27' title='bbox 1346 562 1542 647; x_wconf 89' lang='lat' dir='ltr'><strong>munitum,</strong></span> <span class='ocrx_word' id='word_1_28' title='bbox 1576 578 1817 655; x_wconf 89' lang='lat' dir='ltr'><strong>contemptum</strong></span> <span class='ocrx_word' id='word_1_29' title='bbox 1839 562 2087 654; x_wconf 88' lang='lat' dir='ltr'><strong>Magistratum</strong></span> <span class='ocrx_word' id='word_1_30' title='bbox 2111 566 2181 636; x_wconf 84' lang='lat' dir='ltr'><strong>im-</strong></span> 
     </span>
    </p>
   </div>
   <div class='ocr_carea' id='block_1_4' title="bbox 82 659 2187 2371">
    <p class='ocr_par' dir='ltr' id='par_1_4' title="bbox 144 659 2184 1472">
     <span class='ocr_line' id='line_1_4' title="bbox 144 659 2181 760; baseline 0.002 -24"><span class='ocrx_word' id='word_1_31' title='bbox 144 669 191 737; x_wconf 90' lang='lat' dir='ltr'><strong>tis</strong></span> <span class='ocrx_word' id='word_1_32' title='bbox 211 665 312 735; x_wconf 89' lang='lat' dir='ltr'><strong>enim·</strong></span> <span class='ocrx_word' id='word_1_33' title='bbox 329 685 469 756; x_wconf 89' lang='lat' dir='ltr'><strong>sparsos</strong></span> <span class='ocrx_word' id='word_1_34' title='bbox 489 660 597 729; x_wconf 87' lang='lat' dir='ltr'><strong>fuisse</strong></span> <span class='ocrx_word' id='word_1_35' title='bbox 618 659 779 739; x_wconf 88' lang='lat' dir='ltr'><strong>libellos,</strong></span> <span class='ocrx_word' id='word_1_36' title='bbox 813 660 945 752; x_wconf 89' lang='lat' dir='ltr'><strong>quibus</strong></span> <span class='ocrx_word' id='word_1_37' title='bbox 967 675 1135 753; x_wconf 87' lang='lat' dir='ltr'><strong>tanquam</strong></span> <span class='ocrx_word' id='word_1_38' title='bbox 1187 686 1282 754; x_wconf 90' lang='lat' dir='ltr'><strong>pune</strong></span> <span class='ocrx_word' id='word_1_39' title='bbox 1315 664 1420 736; x_wconf 84' lang='lat' dir='ltr'><strong>serre.</strong></span> <span class='ocrx_word' id='word_1_40' title='bbox 1472 663 1676 755; x_wconf 87' lang='lat' dir='ltr'><strong>Pinguntur</strong></span> <span class='ocrx_word' id='word_1_41' title='bbox 1710 667 1749 736; x_wconf 96' lang='lat' dir='ltr'><strong>in</strong></span> <span class='ocrx_word' id='word_1_42' title='bbox 1781 666 1994 760; x_wconf 89' lang='lat' dir='ltr'><strong>quibusdam</strong></span> <span class='ocrx_word' id='word_1_43' title='bbox 2028 669 2181 740; x_wconf 77' lang='lat' dir='ltr'><strong>urbibus</strong></span> 
     </span>
     <span class='ocr_line' id='line_1_5' title="bbox 144 761 2182 862; baseline 0.002 -24"><span class='ocrx_word' id='word_1_44' title='bbox 144 770 190 838; x_wconf 89' lang='lat' dir='ltr'><strong>ad</strong></span> <span class='ocrx_word' id='word_1_45' title='bbox 212 766 346 859; x_wconf 84' lang='lat' dir='ltr'><strong>pileum</strong></span> <span class='ocrx_word' id='word_1_46' title='bbox 368 765 603 846; x_wconf 87' lang='lat' dir='ltr'><strong>vocabantur,</strong></span> <span class='ocrx_word' id='word_1_47' title='bbox 631 761 671 828; x_wconf 91' lang='lat' dir='ltr'><strong>in</strong></span> <span class='ocrx_word' id='word_1_48' title='bbox 692 762 823 853; x_wconf 91' lang='lat' dir='ltr'><strong>quibus</strong></span> <span class='ocrx_word' id='word_1_49' title='bbox 844 764 888 832; x_wconf 90' lang='lat' dir='ltr'><strong>dc</strong></span> <span class='ocrx_word' id='word_1_50' title='bbox 911 763 1137 855; x_wconf 81' lang='lat' dir='ltr'><strong>publicandis</strong></span> <span class='ocrx_word' id='word_1_51' title='bbox 1188 761 1333 835; x_wconf 88' lang='lat' dir='ltr'><strong>brachia</strong></span> <span class='ocrx_word' id='word_1_52' title='bbox 1352 767 1392 834; x_wconf 90' lang='lat' dir='ltr'><strong>in</strong></span> <span class='ocrx_word' id='word_1_53' title='bbox 1417 768 1517 854; x_wconf 82' lang='lat' dir='ltr'><strong>loro,</strong></span> <span class='ocrx_word' id='word_1_54' title='bbox 1547 792 1637 862; x_wconf 91' lang='lat' dir='ltr'><strong>quae</strong></span> <span class='ocrx_word' id='word_1_55' title='bbox 1664 769 1880 859; x_wconf 85' lang='lat' dir='ltr'><strong>significent,</strong></span> <span class='ocrx_word' id='word_1_56' title='bbox 1915 770 2064 862; x_wconf 86' lang='lat' dir='ltr'><strong>capitale</strong></span> <span class='ocrx_word' id='word_1_57' title='bbox 2097 795 2182 858; x_wconf 85' lang='lat' dir='ltr'><strong>esse,</strong></span> 
     </span>
     <span class='ocr_line' id='line_1_6' title="bbox 146 864 2182 965; baseline 0.003 -26"><span class='ocrx_word' id='word_1_58' title='bbox 146 869 274 965; x_wconf 85' lang='lat' dir='ltr'><strong>sylvis,</strong></span> <span class='ocrx_word' id='word_1_59' title='bbox 305 866 534 944; x_wconf 89' lang='lat' dir='ltr'><strong>fluminibus,</strong></span> <span class='ocrx_word' id='word_1_60' title='bbox 567 865 611 931; x_wconf 93' lang='lat' dir='ltr'><strong>de</strong></span> <span class='ocrx_word' id='word_1_61' title='bbox 627 864 822 932; x_wconf 89' lang='lat' dir='ltr'><strong>donatione</strong></span> <span class='ocrx_word' id='word_1_62' title='bbox 840 867 1079 951; x_wconf 90' lang='lat' dir='ltr'><strong>creditorum,</strong></span> <span class='ocrx_word' id='word_1_63' title='bbox 1104 878 1138 935; x_wconf 87' lang='lat' dir='ltr'><strong>et</strong></span> <span class='ocrx_word' id='word_1_64' title='bbox 1188 868 1322 937; x_wconf 82' lang='lat' dir='ltr'><strong>serrum</strong></span> <span class='ocrx_word' id='word_1_65' title='bbox 1342 871 1511 939; x_wconf 85' lang='lat' dir='ltr'><strong>adversus</strong></span> <span class='ocrx_word' id='word_1_66' title='bbox 1525 872 1684 940; x_wconf 86' lang='lat' dir='ltr'><strong>&#39;alterum</strong></span> <span class='ocrx_word' id='word_1_67' title='bbox 1705 871 1889 960; x_wconf 87' lang='lat' dir='ltr'><strong>stringere.</strong></span> <span class='ocrx_word' id='word_1_68' title='bbox 1951 871 2003 943; x_wconf 86' lang='lat' dir='ltr'><strong>lta</strong></span> <span class='ocrx_word' id='word_1_69' title='bbox 2024 898 2089 943; x_wconf 88' lang='lat' dir='ltr'><strong>vos</strong></span> <span class='ocrx_word' id='word_1_70' title='bbox 2105 898 2182 945; x_wconf 89' lang='lat' dir='ltr'><strong>ma·</strong></span> 
     </span>
     <span class='ocr_line' id='line_1_7' title="bbox 144 965 2184 1063; baseline 0.004 -22"><span class='ocrx_word' id='word_1_71' title='bbox 144 969 216 1041; x_wconf 85' lang='lat' dir='ltr'><strong>boc</strong></span> <span class='ocrx_word' id='word_1_72' title='bbox 230 993 340 1061; x_wconf 88' lang='lat' dir='ltr'><strong>genus</strong></span> <span class='ocrx_word' id='word_1_73' title='bbox 358 968 427 1036; x_wconf 88' lang='lat' dir='ltr'><strong>alia</strong></span> <span class='ocrx_word' id='word_1_74' title='bbox 445 966 555 1037; x_wconf 90' lang='lat' dir='ltr'><strong>multa</strong></span> <span class='ocrx_word' id='word_1_75' title='bbox 573 965 701 1056; x_wconf 87' lang='lat' dir='ltr'><strong>scripta</strong></span> <span class='ocrx_word' id='word_1_76' title='bbox 720 979 838 1050; x_wconf 89' lang='lat' dir='ltr'><strong>erant,</strong></span> <span class='ocrx_word' id='word_1_77' title='bbox 862 981 895 1037; x_wconf 91' lang='lat' dir='ltr'><strong>et</strong></span> <span class='ocrx_word' id='word_1_78' title='bbox 911 969 1001 1037; x_wconf 88' lang='lat' dir='ltr'><strong>male</strong></span> <span class='ocrx_word' id='word_1_79' title='bbox 1018 968 1139 1037; x_wconf 88' lang='lat' dir='ltr'><strong>detor·</strong></span> <span class='ocrx_word' id='word_1_80' title='bbox 1189 995 1276 1038; x_wconf 91' lang='lat' dir='ltr'><strong>num</strong></span> <span class='ocrx_word' id='word_1_81' title='bbox 1299 971 1398 1040; x_wconf 88' lang='lat' dir='ltr'><strong>illam</strong></span> <span class='ocrx_word' id='word_1_82' title='bbox 1422 971 1601 1063; x_wconf 89' lang='lat' dir='ltr'><strong>Principis</strong></span> <span class='ocrx_word' id='word_1_83' title='bbox 1622 974 1757 1063; x_wconf 85' lang='lat' dir='ltr'><strong>pingite</strong></span> <span class='ocrx_word' id='word_1_84' title='bbox 1776 975 1879 1044; x_wconf 90' lang='lat' dir='ltr'><strong>vobis</strong></span> <span class='ocrx_word' id='word_1_85' title='bbox 1903 974 1942 1043; x_wconf 93' lang='lat' dir='ltr'><strong>in</strong></span> <span class='ocrx_word' id='word_1_86' title='bbox 1966 975 2110 1063; x_wconf 89' lang='lat' dir='ltr'><strong>animo,</strong></span> <span class='ocrx_word' id='word_1_87' title='bbox 2143 992 2184 1049; x_wconf 89' lang='lat' dir='ltr'><strong>ut</strong></span> 
     </span>
     <span class='ocr_line' id='line_1_8' title="bbox 149 1067 2184 1169; baseline 0.001 -23"><span class='ocrx_word' id='word_1_88' title='bbox 149 1074 193 1146; x_wconf 94' lang='lat' dir='ltr'><strong>tis</strong></span> <span class='ocrx_word' id='word_1_89' title='bbox 210 1071 410 1163; x_wconf 91' lang='lat' dir='ltr'><strong>scripturis,</strong></span> <span class='ocrx_word' id='word_1_90' title='bbox 436 1069 586 1138; x_wconf 86' lang='lat' dir='ltr'><strong>nebulae</strong></span> <span class='ocrx_word' id='word_1_91' title='bbox 612 1081 710 1136; x_wconf 91' lang='lat' dir='ltr'><strong>erant</strong></span> <span class='ocrx_word' id='word_1_92' title='bbox 736 1067 868 1138; x_wconf 87' lang='lat' dir='ltr'><strong>offusae</strong></span> <span class='ocrx_word' id='word_1_93' title='bbox 887 1070 999 1140; x_wconf 90' lang='lat' dir='ltr'><strong>oculis</strong></span> <span class='ocrx_word' id='word_1_94' title='bbox 1015 1069 1139 1140; x_wconf 86' lang='lat' dir='ltr'><strong>multi·</strong></span> <span class='ocrx_word' id='word_1_95' title='bbox 1190 1073 1321 1143; x_wconf 90' lang='lat' dir='ltr'><strong>intueri</strong></span> <span class='ocrx_word' id='word_1_96' title='bbox 1337 1097 1430 1153; x_wconf 87' lang='lat' dir='ltr'><strong>eam,</strong></span> <span class='ocrx_word' id='word_1_97' title='bbox 1457 1076 1595 1168; x_wconf 90' lang='lat' dir='ltr'><strong>quoties</strong></span> <span class='ocrx_word' id='word_1_98' title='bbox 1619 1100 1710 1167; x_wconf 93' lang='lat' dir='ltr'><strong>opus</strong></span> <span class='ocrx_word' id='word_1_99' title='bbox 1730 1091 1799 1161; x_wconf 88' lang='lat' dir='ltr'><strong>est,</strong></span> <span class='ocrx_word' id='word_1_100' title='bbox 1820 1079 1977 1169; x_wconf 90' lang='lat' dir='ltr'><strong>possitis,</strong></span> <span class='ocrx_word' id='word_1_101' title='bbox 2003 1103 2042 1147; x_wconf 90' lang='lat' dir='ltr'><strong>ac</strong></span> <span class='ocrx_word' id='word_1_102' title='bbox 2055 1080 2184 1149; x_wconf 87' lang='lat' dir='ltr'><strong>merni-</strong></span> 
     </span>
     <span class='ocr_line' id='line_1_9' title="bbox 148 1168 2184 1274; baseline 0.001 -25"><span class='ocrx_word' id='word_1_103' title='bbox 148 1176 300 1249; x_wconf 85' lang='lat' dir='ltr'><strong>tudinis:</strong></span> <span class='ocrx_word' id='word_1_104' title='bbox 343 1168 382 1240; x_wconf 89' lang='lat' dir='ltr'><strong>hi</strong></span> <span class='ocrx_word' id='word_1_105' title='bbox 412 1171 526 1241; x_wconf 89' lang='lat' dir='ltr'><strong>libelli</strong></span> <span class='ocrx_word' id='word_1_106' title='bbox 555 1169 740 1240; x_wconf 86' lang='lat' dir='ltr'><strong>seditionis</strong></span> <span class='ocrx_word' id='word_1_107' title='bbox 761 1171 945 1241; x_wconf 89' lang='lat' dir='ltr'><strong>classicum</strong></span> <span class='ocrx_word' id='word_1_108' title='bbox 968 1172 1140 1241; x_wconf 84' lang='lat' dir='ltr'><strong>maximae</strong></span> <span class='ocrx_word' id='word_1_109' title='bbox 1190 1176 1302 1259; x_wconf 89' lang='lat' dir='ltr'><strong>nisse,</strong></span> <span class='ocrx_word' id='word_1_110' title='bbox 1335 1176 1451 1268; x_wconf 84' lang='lat' dir='ltr'><strong>qualis</strong></span> <span class='ocrx_word' id='word_1_111' title='bbox 1473 1177 1520 1246; x_wconf 90' lang='lat' dir='ltr'><strong>sit</strong></span> <span class='ocrx_word' id='word_1_112' title='bbox 1550 1177 1662 1248; x_wconf 86' lang='lat' dir='ltr'><strong>exitus</strong></span> <span class='ocrx_word' id='word_1_113' title='bbox 1685 1203 1828 1264; x_wconf 89' lang='lat' dir='ltr'><strong>eorum,</strong></span> <span class='ocrx_word' id='word_1_114' title='bbox 1859 1181 1923 1274; x_wconf 93' lang='lat' dir='ltr'><strong>qui</strong></span> <span class='ocrx_word' id='word_1_115' title='bbox 1952 1178 2184 1270; x_wconf 78' lang='lat' dir='ltr'><strong>Magistratus</strong></span> 
     </span>
     <span class='ocr_line' id='line_1_10' title="bbox 149 1271 1751 1372; baseline -0.001 -23"><span class='ocrx_word' id='word_1_116' title='bbox 149 1279 241 1372; x_wconf 90' lang='lat' dir='ltr'><strong>parti</strong></span> <span class='ocrx_word' id='word_1_117' title='bbox 263 1277 419 1347; x_wconf 84' lang='lat' dir='ltr'><strong>fuerunt.</strong></span> <span class='ocrx_word' id='word_1_118' title='bbox 480 1271 571 1342; x_wconf 91' lang='lat' dir='ltr'><strong>Cum</strong></span> <span class='ocrx_word' id='word_1_119' title='bbox 598 1272 707 1362; x_wconf 88' lang='lat' dir='ltr'><strong>igitur</strong></span> <span class='ocrx_word' id='word_1_120' title='bbox 729 1285 801 1341; x_wconf 91' lang='lat' dir='ltr'><strong>tam</strong></span> <span class='ocrx_word' id='word_1_121' title='bbox 825 1275 992 1363; x_wconf 86' lang='lat' dir='ltr'><strong>pestilens</strong></span> <span class='ocrx_word' id='word_1_122' title='bbox 1020 1298 1075 1343; x_wconf 89' lang='lat' dir='ltr'><strong>res</strong></span> <span class='ocrx_word' id='word_1_123' title='bbox 1096 1274 1142 1344; x_wconf 91' lang='lat' dir='ltr'><strong>sit</strong></span> <span class='ocrx_word' id='word_1_124' title='bbox 1192 1278 1406 1348; x_wconf 90' lang='lat' dir='ltr'><strong>contumelia</strong></span> <span class='ocrx_word' id='word_1_125' title='bbox 1420 1279 1592 1349; x_wconf 83' lang='lat' dir='ltr'><strong>alliciunt.</strong></span> <span class='ocrx_word' id='word_1_126' title='bbox 1642 1281 1751 1371; x_wconf 53' lang='lat' dir='ltr'><strong>Dixi„</strong></span> 
     </span>
     <span class='ocr_line' id='line_1_11' title="bbox 149 1374 1205 1472; baseline -0.006 -20"><span class='ocrx_word' id='word_1_127' title='bbox 149 1377 373 1472; x_wconf 87' lang='lat' dir='ltr'><strong>superstitio,</strong></span> <span class='ocrx_word' id='word_1_128' title='bbox 407 1374 595 1463; x_wconf 84' lang='lat' dir='ltr'><strong>diligenter</strong></span> <span class='ocrx_word' id='word_1_129' title='bbox 619 1378 787 1444; x_wconf 87' lang='lat' dir='ltr'><strong>advcrsus</strong></span> <span class='ocrx_word' id='word_1_130' title='bbox 810 1400 885 1445; x_wconf 87' lang='lat' dir='ltr'><strong>earn</strong></span> <span class='ocrx_word' id='word_1_131' title='bbox 911 1377 1050 1445; x_wconf 88' lang='lat' dir='ltr'><strong>animos</strong></span> <span class='ocrx_word' id='word_1_132' title='bbox 1073 1400 1142 1447; x_wconf 93' lang='lat' dir='ltr'><strong>no-</strong></span> <span class='ocrx_word' id='word_1_133' title='bbox 1199 1406 1205 1417; x_wconf 89' lang='lat'><strong>·</strong></span> 
     </span>
    </p>

    <p class='ocr_par' dir='ltr' id='par_1_5' title="bbox 148 1479 1142 1561">
     <span class='ocr_line' id='line_1_12' title="bbox 148 1479 1142 1561; baseline -0.008 -6"><span class='ocrx_word' id='word_1_134' title='bbox 148 1499 239 1555; x_wconf 88' lang='lat' dir='ltr'><strong>stros</strong></span> <span class='ocrx_word' id='word_1_135' title='bbox 262 1479 403 1550; x_wconf 91' lang='lat' dir='ltr'><strong>munire</strong></span> <span class='ocrx_word' id='word_1_136' title='bbox 435 1479 621 1561; x_wconf 89' lang='lat' dir='ltr'><strong>debemus,</strong></span> <span class='ocrx_word' id='word_1_137' title='bbox 653 1502 731 1546; x_wconf 91' lang='lat' dir='ltr'><strong>cum</strong></span> <span class='ocrx_word' id='word_1_138' title='bbox 755 1501 932 1546; x_wconf 88' lang='lat' dir='ltr'><strong>sacrarum</strong></span> <span class='ocrx_word' id='word_1_139' title='bbox 959 1479 1142 1550; x_wconf 88' lang='lat' dir='ltr'><strong>literarum</strong></span> 
     </span>
    </p>

    <p class='ocr_par' dir='ltr' id='par_1_6' title="bbox 82 1574 1142 1669">
     <span class='ocr_line' id='line_1_13' title="bbox 82 1574 1142 1669; baseline -0.005 -16"><span class='ocrx_word' id='word_1_140' title='bbox 82 1638 94 1653; x_wconf 54' lang='lat' dir='ltr'><strong>s</strong></span> <span class='ocrx_word' id='word_1_141' title='bbox 147 1584 312 1663; x_wconf 91' lang='lat' dir='ltr'><strong>scientia,</strong></span> <span class='ocrx_word' id='word_1_142' title='bbox 342 1595 418 1651; x_wconf 87' lang='lat' dir='ltr'><strong>turn</strong></span> <span class='ocrx_word' id='word_1_143' title='bbox 449 1579 554 1649; x_wconf 88' lang='lat' dir='ltr'><strong>etiam</strong></span> <span class='ocrx_word' id='word_1_144' title='bbox 587 1574 815 1649; x_wconf 84' lang='lat' dir='ltr'><strong>historiarum</strong></span> <span class='ocrx_word' id='word_1_145' title='bbox 843 1581 1064 1669; x_wconf 85' lang='lat' dir='ltr'><strong>cognitione,</strong></span> <span class='ocrx_word' id='word_1_146' title='bbox 1101 1582 1142 1649; x_wconf 92' lang='lat' dir='ltr'><strong>in</strong></span> 
     </span>
    </p>

    <p class='ocr_par' dir='ltr' id='par_1_7' title="bbox 107 1682 1338 1785">
     <span class='ocr_line' id='line_1_14' title="bbox 107 1682 1338 1785; baseline -0.007 -26"><span class='ocrx_word' id='word_1_147' title='bbox 107 1695 121 1717; x_wconf 68' lang='lat'>²</span> <span class='ocrx_word' id='word_1_148' title='bbox 148 1689 279 1785; x_wconf 86' lang='lat' dir='ltr'><strong>quibus</strong></span> <span class='ocrx_word' id='word_1_149' title='bbox 302 1695 353 1752; x_wconf 85' lang='lat' dir='ltr'><strong>est</strong></span> <span class='ocrx_word' id='word_1_150' title='bbox 374 1682 511 1765; x_wconf 89' lang='lat' dir='ltr'><strong>videre,</strong></span> <span class='ocrx_word' id='word_1_151' title='bbox 552 1705 659 1773; x_wconf 83' lang='lat' dir='ltr'><strong>quarn</strong></span> <span class='ocrx_word' id='word_1_152' title='bbox 693 1682 789 1749; x_wconf 89' lang='lat' dir='ltr'><strong>varie</strong></span> <span class='ocrx_word' id='word_1_153' title='bbox 824 1696 980 1774; x_wconf 85' lang='lat' dir='ltr'><strong>occupet·</strong></span> <span class='ocrx_word' id='word_1_154' title='bbox 1004 1685 1142 1760; x_wconf 84' lang='lat' dir='ltr'><strong>animos</strong></span> <span class='ocrx_word' id='word_1_155' title='bbox 1192 1697 1260 1769; x_wconf 70' lang='lat' dir='ltr'><strong>No,</strong></span> <span class='ocrx_word' id='word_1_156' title='bbox 1278 1702 1338 1773; x_wconf 57' lang='lat'><strong>21,</strong></span> 
     </span>
    </p>

    <p class='ocr_par' dir='ltr' id='par_1_8' title="bbox 148 1783 2181 1991">
     <span class='ocr_line' id='line_1_15' title="bbox 148 1783 2181 1876; baseline -0.003 -16"><span class='ocrx_word' id='word_1_157' title='bbox 148 1786 348 1860; x_wconf 89' lang='lat' dir='ltr'><strong>hominurn.</strong></span> <span class='ocrx_word' id='word_1_158' title='bbox 400 1783 523 1876; x_wconf 86' lang='lat' dir='ltr'><strong>Neque</strong></span> <span class='ocrx_word' id='word_1_159' title='bbox 541 1785 637 1852; x_wconf 89' lang='lat' dir='ltr'><strong>enim</strong></span> <span class='ocrx_word' id='word_1_160' title='bbox 661 1807 798 1875; x_wconf 88' lang='lat' dir='ltr'><strong>semper</strong></span> <span class='ocrx_word' id='word_1_161' title='bbox 816 1786 936 1853; x_wconf 87' lang='lat' dir='ltr'><strong>eadem</strong></span> <span class='ocrx_word' id='word_1_162' title='bbox 958 1785 1065 1854; x_wconf 85' lang='lat' dir='ltr'><strong>facies</strong></span> <span class='ocrx_word' id='word_1_163' title='bbox 1080 1800 1142 1870; x_wconf 87' lang='lat' dir='ltr'><strong>est,</strong></span> <span class='ocrx_word' id='word_1_164' title='bbox 1196 1797 1323 1823; x_wconf 55' lang='lat' dir='ltr'><strong>W*</strong></span> <span class='ocrx_word' id='word_1_165' title='bbox 2007 1807 2181 1837; x_wconf 54' lang='grc' dir='ltr'>Μ</span> 
     </span>
     <span class='ocr_line' id='line_1_16' title="bbox 152 1884 1857 1991; baseline -0.006 -28"><span class='ocrx_word' id='word_1_166' title='bbox 152 1895 343 1982; x_wconf 89' lang='lat' dir='ltr'><strong>eademque</strong></span> <span class='ocrx_word' id='word_1_167' title='bbox 365 1889 479 1955; x_wconf 82' lang='lat' dir='ltr'><strong>forma</strong></span> <span class='ocrx_word' id='word_1_168' title='bbox 513 1886 782 1976; x_wconf 90' lang='lat' dir='ltr'><strong>superstitionis.</strong></span> <span class='ocrx_word' id='word_1_169' title='bbox 840 1884 971 1957; x_wconf 90' lang='lat' dir='ltr'><strong>Nullus</strong></span> <span class='ocrx_word' id='word_1_170' title='bbox 995 1886 1144 1957; x_wconf 90' lang='lat' dir='ltr'><strong>Proteus</strong></span> <span class='ocrx_word' id='word_1_171' title='bbox 1519 1905 1596 1990; x_wconf 67' lang='lat' dir='ltr'><strong>De</strong></span> <span class='ocrx_word' id='word_1_172' title='bbox 1622 1906 1857 1991; x_wconf 33' lang='lat' dir='ltr'><strong>ebrietage&#39;</strong></span> 
     </span>
    </p>

    <p class='ocr_par' dir='ltr' id='par_1_9' title="bbox 149 1989 1144 2082">
     <span class='ocr_line' id='line_1_17' title="bbox 149 1989 1144 2082; baseline -0.008 -17"><span class='ocrx_word' id='word_1_173' title='bbox 149 2011 224 2068; x_wconf 89' lang='lat' dir='ltr'><strong>tarn</strong></span> <span class='ocrx_word' id='word_1_174' title='bbox 246 1991 366 2061; x_wconf 87' lang='lat' dir='ltr'><strong>varius</strong></span> <span class='ocrx_word' id='word_1_175' title='bbox 384 2003 455 2067; x_wconf 77' lang='lat' dir='ltr'><strong>est,</strong></span> <span class='ocrx_word' id='word_1_176' title='bbox 482 2013 587 2082; x_wconf 81' lang='lat' dir='ltr'><strong>‘luam</strong></span> <span class='ocrx_word' id='word_1_177' title='bbox 613 1989 727 2056; x_wconf 88' lang='lat' dir='ltr'><strong>varias</strong></span> <span class='ocrx_word' id='word_1_178' title='bbox 745 1990 878 2057; x_wconf 84' lang='lat' dir='ltr'><strong>formas</strong></span> <span class='ocrx_word' id='word_1_179' title='bbox 898 1990 960 2059; x_wconf 93' lang='lat' dir='ltr'><strong>illa</strong></span> <span class='ocrx_word' id='word_1_180' title='bbox 976 1990 1066 2059; x_wconf 88' lang='lat' dir='ltr'><strong>solet</strong></span> <span class='ocrx_word' id='word_1_181' title='bbox 1086 1991 1144 2058; x_wconf 93' lang='lat' dir='ltr'><strong>in-</strong></span> 
     </span>
    </p>

    <p class='ocr_par' dir='ltr' id='par_1_10' title="bbox 150 2089 2187 2371">
     <span class='ocr_line' id='line_1_18' title="bbox 151 2089 2187 2208; baseline -0.006 -40"><span class='ocrx_word' id='word_1_182' title='bbox 151 2101 271 2168; x_wconf 90' lang='lat' dir='ltr'><strong>duere.</strong></span> <span class='ocrx_word' id='word_1_183' title='bbox 326 2089 464 2160; x_wconf 88' lang='lat' dir='ltr'><strong>Videtis</strong></span> <span class='ocrx_word' id='word_1_184' title='bbox 482 2114 586 2182; x_wconf 87' lang='lat' dir='ltr'><strong>quarn</strong></span> <span class='ocrx_word' id='word_1_185' title='bbox 604 2090 731 2159; x_wconf 90' lang='lat' dir='ltr'><strong>callide</strong></span> <span class='ocrx_word' id='word_1_186' title='bbox 752 2092 949 2182; x_wconf 88' lang='lat' dir='ltr'><strong>obrepserit</strong></span> <span class='ocrx_word' id='word_1_187' title='bbox 965 2092 1023 2160; x_wconf 89' lang='lat' dir='ltr'><strong>isti</strong></span> <span class='ocrx_word' id='word_1_188' title='bbox 1037 2090 1143 2161; x_wconf 90' lang='lat' dir='ltr'><strong>Prin·</strong></span> <span class='ocrx_word' id='word_1_189' title='bbox 1297 2131 1417 2185; x_wconf 75' lang='lat' dir='ltr'><strong>serven.</strong></span> <span class='ocrx_word' id='word_1_190' title='bbox 1434 2137 1457 2188; x_wconf 82' lang='lat'><strong>1.</strong></span> <span class='ocrx_word' id='word_1_191' title='bbox 1497 2131 1582 2189; x_wconf 33' lang='grc' dir='ltr'><strong>,Μ’</strong></span> <span class='ocrx_word' id='word_1_192' title='bbox 1608 2134 2087 2208; x_wconf 73' lang='lat' dir='ltr'><strong>etspudttictsrd.11.p.s.-</strong></span> <span class='ocrx_word' id='word_1_193' title='bbox 2124 2143 2187 2195; x_wconf 78' lang='lat' dir='ltr'><strong>Ms-</strong></span> 
     </span>
     <span class='ocr_line' id='line_1_19' title="bbox 150 2151 2187 2291; baseline -0.003 -24"><span class='ocrx_word' id='word_1_194' title='bbox 150 2200 242 2291; x_wconf 90' lang='lat' dir='ltr'><strong>cipi,</strong></span> <span class='ocrx_word' id='word_1_195' title='bbox 262 2198 392 2287; x_wconf 93' lang='lat' dir='ltr'><strong>dequo</strong></span> <span class='ocrx_word' id='word_1_196' title='bbox 408 2187 493 2261; x_wconf 88' lang='lat' dir='ltr'><strong>haec</strong></span> <span class='ocrx_word' id='word_1_197' title='bbox 506 2193 622 2261; x_wconf 89' lang='lat' dir='ltr'><strong>oratio</strong></span> <span class='ocrx_word' id='word_1_198' title='bbox 637 2193 797 2261; x_wconf 91' lang='lat' dir='ltr'><strong>instituta</strong></span> <span class='ocrx_word' id='word_1_199' title='bbox 812 2207 873 2262; x_wconf 88' lang='lat' dir='ltr'><strong>est.</strong></span> <span class='ocrx_word' id='word_1_200' title='bbox 925 2191 1057 2284; x_wconf 88' lang='lat' dir='ltr'><strong>Magna</strong></span> <span class='ocrx_word' id='word_1_201' title='bbox 1070 2207 1145 2263; x_wconf 90' lang='lat' dir='ltr'><strong>erat</strong></span> <span class='ocrx_word' id='word_1_202' title='bbox 1299 2200 1458 2282; x_wconf 69' lang='lat' dir='ltr'><strong>landonem</strong></span> <span class='ocrx_word' id='word_1_203' title='bbox 1477 2151 1534 2282; x_wconf 69' lang='lat' dir='ltr'><strong>bos</strong></span> <span class='ocrx_word' id='word_1_204' title='bbox 1545 2218 1630 2283; x_wconf 46' lang='lat' dir='ltr'><strong>,anno</strong></span> <span class='ocrx_word' id='word_1_205' title='bbox 1652 2203 1793 2284; x_wconf 72' lang='lat' dir='ltr'><strong>collegisse</strong></span> <span class='ocrx_word' id='word_1_206' title='bbox 1812 2224 1881 2276; x_wconf 82' lang='lat' dir='ltr'><strong>quse</strong></span> <span class='ocrx_word' id='word_1_207' title='bbox 1902 2209 1936 2260; x_wconf 77' lang='lat' dir='ltr'><strong>sd</strong></span> <span class='ocrx_word' id='word_1_208' title='bbox 1951 2207 2113 2263; x_wconf 73' lang='lat' dir='ltr'><strong>ebrietatem</strong></span> <span class='ocrx_word' id='word_1_209' title='bbox 2124 2230 2187 2283; x_wconf 70' lang='lat' dir='ltr'><strong>sps-</strong></span> 
     </span>
     <span class='ocr_line' id='line_1_20' title="bbox 150 2271 2006 2371; baseline -0.005 0"><span class='ocrx_word' id='word_1_210' title='bbox 150 2304 189 2371; x_wconf 90' lang='lat' dir='ltr'><strong>in</strong></span> <span class='ocrx_word' id='word_1_211' title='bbox 214 2295 408 2369; x_wconf 88' lang='lat' dir='ltr'><strong>Germania</strong></span> <span class='ocrx_word' id='word_1_212' title='bbox 432 2294 604 2362; x_wconf 84' lang='lat' dir='ltr'><strong>dissensio</strong></span> <span class='ocrx_word' id='word_1_213' title='bbox 627 2290 883 2364; x_wconf 85' lang='lat' dir='ltr'><strong>Ecclesiarum:</strong></span> <span class='ocrx_word' id='word_1_214' title='bbox 914 2320 997 2364; x_wconf 88' lang='lat' dir='ltr'><strong>nam</strong></span> <span class='ocrx_word' id='word_1_215' title='bbox 1019 2293 1144 2365; x_wconf 89' lang='lat' dir='ltr'><strong>Eccle-</strong></span> <span class='ocrx_word' id='word_1_216' title='bbox 1298 2279 1419 2337; x_wconf 67' lang='lat'><strong>‘&#39;²¹⁰¹&#39;’</strong></span> <span class='ocrx_word' id='word_1_217' title='bbox 1438 2271 1600 2341; x_wconf 60' lang='lat'><strong>¹⁰¹²¹¹¹⁸¹¹¹³</strong></span> <span class='ocrx_word' id='word_1_218' title='bbox 1613 2290 1643 2325; x_wconf 74' lang='lat'><strong>‘¹</strong></span> <span class='ocrx_word' id='word_1_219' title='bbox 1658 2273 1745 2344; x_wconf 46' lang='lat' dir='ltr'><strong>him*</strong></span> <span class='ocrx_word' id='word_1_220' title='bbox 1767 2274 1828 2329; x_wconf 70' lang='lat' dir='ltr'><strong>V⁰¹·</strong></span> <span class='ocrx_word' id='word_1_221' title='bbox 1842 2272 1887 2331; x_wconf 65' lang='grc' dir='ltr'><strong>Ν·</strong></span> <span class='ocrx_word' id='word_1_222' title='bbox 1902 2296 1929 2348; x_wconf 84' lang='grc' dir='ltr'><strong>Ρ·</strong></span> <span class='ocrx_word' id='word_1_223' title='bbox 1944 2274 2006 2330; x_wconf 75' lang='lat'><strong>954.</strong></span> 
     </span>
    </p>
   </div>
   <div class='ocr_carea' id='block_1_5' title="bbox 149 2394 2225 3414">
    <p class='ocr_par' dir='ltr' id='par_1_11' title="bbox 149 2394 2225 3414">
     <span class='ocr_line' id='line_1_21' title="bbox 150 2394 2183 2581; baseline -0.021 -6"><span class='ocrx_word' id='word_1_224' title='bbox 150 2394 1144 2581; x_wconf 42' lang='lat' dir='ltr'><strong>illitati}“illul&amp;titulant</strong></span> <span class='ocrx_word' id='word_1_225' title='bbox 1199 2447 1435 2539; x_wconf 60' lang='lat' dir='ltr'><strong>”taurea</strong></span> <span class='ocrx_word' id='word_1_226' title='bbox 1462 2443 1679 2571; x_wconf 53' lang='lat' dir='ltr'><strong>ebrietate,</strong></span> <span class='ocrx_word' id='word_1_227' title='bbox 1704 2454 1850 2571; x_wconf 61' lang='lat' dir='ltr'><strong>serina</strong></span> <span class='ocrx_word' id='word_1_228' title='bbox 1866 2443 2023 2548; x_wconf 65' lang='lat' dir='ltr'><strong>tressa]</strong></span> <span class='ocrx_word' id='word_1_229' title='bbox 2044 2454 2183 2527; x_wconf 65' lang='lat' dir='ltr'><strong>aare</strong></span> 
     </span>
     <span class='ocr_line' id='line_1_22' title="bbox 151 2549 1838 2696; baseline -0.018 -17"><span class='ocrx_word' id='word_1_230' title='bbox 151 2620 245 2679; x_wconf 89' lang='lat' dir='ltr'><strong>recte</strong></span> <span class='ocrx_word' id='word_1_231' title='bbox 277 2624 379 2696; x_wconf 91' lang='lat' dir='ltr'><strong>posse</strong></span> <span class='ocrx_word' id='word_1_232' title='bbox 410 2613 577 2680; x_wconf 85' lang='lat' dir='ltr'><strong>tractare,</strong></span> <span class='ocrx_word' id='word_1_233' title='bbox 619 2613 764 2692; x_wconf 91' lang='lat' dir='ltr'><strong>propter</strong></span> <span class='ocrx_word' id='word_1_234' title='bbox 783 2598 1010 2673; x_wconf 88' lang='lat' dir='ltr'><strong>Pontificium</strong></span> <span class='ocrx_word' id='word_1_235' title='bbox 1032 2603 1145 2672; x_wconf 88' lang='lat' dir='ltr'><strong>inter·</strong></span> <span class='ocrx_word' id='word_1_236' title='bbox 1541 2549 1838 2624; x_wconf 58' lang='lat' dir='ltr'><strong><em>Wmmmw·</em></strong></span> 
     </span>
     <span class='ocr_line' id='line_1_23' title="bbox 149 2682 2186 2796; baseline -0.01 -16"><span class='ocrx_word' id='word_1_237' title='bbox 149 2710 297 2781; x_wconf 83' lang='lat' dir='ltr'><strong>dictum.</strong></span> <span class='ocrx_word' id='word_1_238' title='bbox 355 2701 629 2794; x_wconf 87' lang='lat' dir='ltr'><strong>Diripiebantur</strong></span> <span class='ocrx_word' id='word_1_239' title='bbox 652 2726 774 2770; x_wconf 91' lang='lat' dir='ltr'><strong>eorum</strong></span> <span class='ocrx_word' id='word_1_240' title='bbox 800 2704 932 2795; x_wconf 88' lang='lat' dir='ltr'><strong>templa</strong></span> <span class='ocrx_word' id='word_1_241' title='bbox 948 2704 1044 2775; x_wconf 88' lang='lat' dir='ltr'><strong>velut</strong></span> <span class='ocrx_word' id='word_1_242' title='bbox 1061 2729 1145 2796; x_wconf 90' lang='lat' dir='ltr'><strong>pro·</strong></span> <span class='ocrx_word' id='word_1_243' title='bbox 1196 2682 1350 2767; x_wconf 84' lang='lat' dir='ltr'><strong>Marcus</strong></span> <span class='ocrx_word' id='word_1_244' title='bbox 1373 2692 1480 2782; x_wconf 91' lang='lat' dir='ltr'><strong>Cato,</strong></span> <span class='ocrx_word' id='word_1_245' title='bbox 1513 2721 1593 2766; x_wconf 90' lang='lat' dir='ltr'><strong>curn</strong></span> <span class='ocrx_word' id='word_1_246' title='bbox 1613 2697 1805 2792; x_wconf 88' lang='lat' dir='ltr'><strong>aliquando</strong></span> <span class='ocrx_word' id='word_1_247' title='bbox 1826 2702 1869 2770; x_wconf 91' lang='lat' dir='ltr'><strong>ad</strong></span> <span class='ocrx_word' id='word_1_248' title='bbox 1894 2701 2037 2794; x_wconf 86' lang='lat' dir='ltr'><strong>plebem</strong></span> <span class='ocrx_word' id='word_1_249' title='bbox 2055 2700 2186 2776; x_wconf 58' lang='lat' dir='ltr'><strong>Roma.</strong></span> 
     </span>
     <span class='ocr_line' id='line_1_24' title="bbox 150 2799 2188 2906; baseline -0.004 -25"><span class='ocrx_word' id='word_1_250' title='bbox 150 2807 270 2906; x_wconf 90' lang='lat' dir='ltr'><strong>pbana</strong></span> <span class='ocrx_word' id='word_1_251' title='bbox 284 2809 380 2886; x_wconf 88' lang='lat' dir='ltr'><strong>loca,</strong></span> <span class='ocrx_word' id='word_1_252' title='bbox 407 2807 453 2875; x_wconf 90' lang='lat' dir='ltr'><strong>ad</strong></span> <span class='ocrx_word' id='word_1_253' title='bbox 469 2806 561 2896; x_wconf 90' lang='lat' dir='ltr'><strong>ipsas</strong></span> <span class='ocrx_word' id='word_1_254' title='bbox 575 2827 652 2873; x_wconf 90' lang='lat' dir='ltr'><strong>aras</strong></span> <span class='ocrx_word' id='word_1_255' title='bbox 667 2804 938 2876; x_wconf 85' lang='lat' dir='ltr'><strong>trucidabantur</strong></span> <span class='ocrx_word' id='word_1_256' title='bbox 952 2807 1074 2876; x_wconf 87' lang='lat' dir='ltr'><strong>miseri</strong></span> <span class='ocrx_word' id='word_1_257' title='bbox 1089 2831 1146 2877; x_wconf 84' lang='lat' dir='ltr'><strong>sa.</strong></span> <span class='ocrx_word' id='word_1_258' title='bbox 1196 2823 1280 2869; x_wconf 94' lang='lat' dir='ltr'><strong>nam</strong></span> <span class='ocrx_word' id='word_1_259' title='bbox 1292 2799 1533 2889; x_wconf 91' lang='lat' dir='ltr'><strong>importunius</strong></span> <span class='ocrx_word' id='word_1_260' title='bbox 1549 2801 1592 2868; x_wconf 90' lang='lat' dir='ltr'><strong>de</strong></span> <span class='ocrx_word' id='word_1_261' title='bbox 1609 2800 1785 2871; x_wconf 89' lang='lat' dir='ltr'><strong>divisione</strong></span> <span class='ocrx_word' id='word_1_262' title='bbox 1802 2803 1972 2874; x_wconf 79' lang='lat' dir='ltr'><strong>frumenti</strong></span> <span class='ocrx_word' id='word_1_263' title='bbox 1988 2817 2099 2901; x_wconf 87' lang='lat' dir='ltr'><strong>atque</strong></span> <span class='ocrx_word' id='word_1_264' title='bbox 2114 2808 2188 2879; x_wconf 85' lang='lat' dir='ltr'><strong>aliis</strong></span> 
     </span>
     <span class='ocr_line' id='line_1_25' title="bbox 151 2901 2187 3005; baseline -0.005 -21"><span class='ocrx_word' id='word_1_265' title='bbox 151 2914 320 2984; x_wconf 89' lang='lat' dir='ltr'><strong>cerdotes.</strong></span> <span class='ocrx_word' id='word_1_266' title='bbox 383 2905 473 2994; x_wconf 84' lang='lat' dir='ltr'><strong>Quis</strong></span> <span class='ocrx_word' id='word_1_267' title='bbox 495 2919 611 2976; x_wconf 90' lang='lat' dir='ltr'><strong>autem</strong></span> <span class='ocrx_word' id='word_1_268' title='bbox 642 2931 717 2975; x_wconf 91' lang='lat' dir='ltr'><strong>non</strong></span> <span class='ocrx_word' id='word_1_269' title='bbox 739 2922 943 2978; x_wconf 89' lang='lat' dir='ltr'><strong>moveretur</strong></span> <span class='ocrx_word' id='word_1_270' title='bbox 964 2922 1145 2980; x_wconf 88' lang='lat' dir='ltr'><strong>tantorum</strong></span> <span class='ocrx_word' id='word_1_271' title='bbox 1197 2901 1271 2973; x_wconf 87' lang='lat' dir='ltr'><strong>suis</strong></span> <span class='ocrx_word' id='word_1_272' title='bbox 1310 2903 1505 2972; x_wconf 90' lang='lat' dir='ltr'><strong>commodis</strong></span> <span class='ocrx_word' id='word_1_273' title='bbox 1537 2902 1813 2975; x_wconf 87' lang='lat' dir='ltr'><strong>tumultuantem</strong></span> <span class='ocrx_word' id='word_1_274' title='bbox 1855 2909 2073 2996; x_wconf 89' lang='lat' dir='ltr'><strong>orationem,</strong></span> <span class='ocrx_word' id='word_1_275' title='bbox 2123 2935 2187 3005; x_wconf 84' lang='lat' dir='ltr'><strong>qm</strong></span> 
     </span>
     <span class='ocr_line' id='line_1_26' title="bbox 151 3000 2186 3108; baseline -0.005 -20"><span class='ocrx_word' id='word_1_276' title='bbox 151 3016 328 3085; x_wconf 84' lang='lat' dir='ltr'><strong>malorum</strong></span> <span class='ocrx_word' id='word_1_277' title='bbox 345 3008 670 3100; x_wconf 81' lang='lat' dir='ltr'><strong>contemplatione?</strong></span> <span class='ocrx_word' id='word_1_278' title='bbox 720 3005 812 3095; x_wconf 85' lang='lat' dir='ltr'><strong>Quis</strong></span> <span class='ocrx_word' id='word_1_279' title='bbox 833 3034 908 3079; x_wconf 92' lang='lat' dir='ltr'><strong>non</strong></span> <span class='ocrx_word' id='word_1_280' title='bbox 923 3027 1066 3103; x_wconf 88' lang='lat' dir='ltr'><strong>cuperet</strong></span> <span class='ocrx_word' id='word_1_281' title='bbox 1084 3009 1147 3082; x_wconf 85' lang='lat' dir='ltr'><strong>has</strong></span> <span class='ocrx_word' id='word_1_282' title='bbox 1198 3006 1351 3097; x_wconf 86' lang='lat' dir='ltr'><strong>placaret</strong></span> <span class='ocrx_word' id='word_1_283' title='bbox 1370 3026 1447 3088; x_wconf 90' lang='lat' dir='ltr'><strong>eos,</strong></span> <span class='ocrx_word' id='word_1_284' title='bbox 1479 3000 1609 3074; x_wconf 89' lang='lat' dir='ltr'><strong>habere</strong></span> <span class='ocrx_word' id='word_1_285' title='bbox 1624 3006 1852 3089; x_wconf 89' lang='lat' dir='ltr'><strong>instituisset,</strong></span> <span class='ocrx_word' id='word_1_286' title='bbox 1878 3023 1913 3080; x_wconf 90' lang='lat' dir='ltr'><strong>et</strong></span> <span class='ocrx_word' id='word_1_287' title='bbox 1925 3036 2053 3103; x_wconf 90' lang='lat' dir='ltr'><strong>parum</strong></span> <span class='ocrx_word' id='word_1_288' title='bbox 2070 3014 2186 3108; x_wconf 86' lang='lat' dir='ltr'><strong>aequis</strong></span> 
     </span>
     <span class='ocr_line' id='line_1_27' title="bbox 151 3107 2181 3207; baseline -0.002 -18"><span class='ocrx_word' id='word_1_289' title='bbox 151 3131 268 3190; x_wconf 85' lang='lat' dir='ltr'><strong>tantas</strong></span> <span class='ocrx_word' id='word_1_290' title='bbox 284 3111 499 3184; x_wconf 88' lang='lat' dir='ltr'><strong>calamitates</strong></span> <span class='ocrx_word' id='word_1_291' title='bbox 515 3134 658 3194; x_wconf 87' lang='lat' dir='ltr'><strong>sanare,</strong></span> <span class='ocrx_word' id='word_1_292' title='bbox 682 3109 813 3204; x_wconf 89' lang='lat' dir='ltr'><strong>siquid</strong></span> <span class='ocrx_word' id='word_1_293' title='bbox 828 3113 906 3204; x_wconf 93' lang='lat' dir='ltr'><strong>opis</strong></span> <span class='ocrx_word' id='word_1_294' title='bbox 920 3114 1046 3183; x_wconf 89' lang='lat' dir='ltr'><strong>afferre</strong></span> <span class='ocrx_word' id='word_1_295' title='bbox 1063 3139 1147 3207; x_wconf 88' lang='lat' dir='ltr'><strong>pos·</strong></span> <span class='ocrx_word' id='word_1_296' title='bbox 1197 3107 1344 3177; x_wconf 88' lang='lat' dir='ltr'><strong>auribus</strong></span> <span class='ocrx_word' id='word_1_297' title='bbox 1368 3128 1404 3174; x_wconf 89' lang='lat' dir='ltr'><strong>se</strong></span> <span class='ocrx_word' id='word_1_298' title='bbox 1428 3130 1449 3175; x_wconf 88' lang='lat' dir='ltr'><strong>a</strong></span> <span class='ocrx_word' id='word_1_299' title='bbox 1471 3107 1650 3201; x_wconf 90' lang='lat' dir='ltr'><strong>plerisque</strong></span> <span class='ocrx_word' id='word_1_300' title='bbox 1666 3109 1786 3180; x_wconf 90' lang='lat' dir='ltr'><strong>audiri</strong></span> <span class='ocrx_word' id='word_1_301' title='bbox 1808 3111 2131 3203; x_wconf 88' lang='lat' dir='ltr'><strong>animadverteret,</strong></span> <span class='ocrx_word' id='word_1_302' title='bbox 2151 3116 2181 3185; x_wconf 89' lang='lat' dir='ltr'><strong>in</strong></span> 
     </span>
     <span class='ocr_line' id='line_1_28' title="bbox 152 3205 2225 3306; baseline -0.007 -14"><span class='ocrx_word' id='word_1_303' title='bbox 152 3220 229 3291; x_wconf 81' lang='lat' dir='ltr'><strong>set?</strong></span> <span class='ocrx_word' id='word_1_304' title='bbox 281 3215 340 3286; x_wconf 90' lang='lat' dir='ltr'><strong>Sic</strong></span> <span class='ocrx_word' id='word_1_305' title='bbox 367 3205 492 3284; x_wconf 83' lang='lat' dir='ltr'><strong>affecto</strong></span> <span class='ocrx_word' id='word_1_306' title='bbox 516 3211 677 3303; x_wconf 91' lang='lat' dir='ltr'><strong>Principi</strong></span> <span class='ocrx_word' id='word_1_307' title='bbox 695 3211 854 3284; x_wconf 91' lang='lat' dir='ltr'><strong>insinuat</strong></span> <span class='ocrx_word' id='word_1_308' title='bbox 877 3239 914 3284; x_wconf 91' lang='lat' dir='ltr'><strong>se</strong></span> <span class='ocrx_word' id='word_1_309' title='bbox 931 3218 1146 3306; x_wconf 90' lang='lat' dir='ltr'><strong>superstitio,</strong></span> <span class='ocrx_word' id='word_1_310' title='bbox 1198 3205 1294 3281; x_wconf 91' lang='lat' dir='ltr'><strong>hunc</strong></span> <span class='ocrx_word' id='word_1_311' title='bbox 1325 3209 1473 3278; x_wconf 91' lang='lat' dir='ltr'><strong>modum</strong></span> <span class='ocrx_word' id='word_1_312' title='bbox 1506 3209 1612 3282; x_wconf 91' lang='lat' dir='ltr'><strong>initio</strong></span> <span class='ocrx_word' id='word_1_313' title='bbox 1645 3211 1789 3285; x_wconf 83' lang='lat' dir='ltr'><strong>dicendi</strong></span> <span class='ocrx_word' id='word_1_314' title='bbox 1822 3213 1936 3285; x_wconf 83' lang='lat' dir='ltr'><strong>fertur</strong></span> <span class='ocrx_word' id='word_1_315' title='bbox 1962 3217 2182 3289; x_wconf 69' lang='lat' dir='ltr'><strong>exclamasse:</strong></span> <span class='ocrx_word' id='word_1_316' title='bbox 2220 3270 2225 3281; x_wconf 87' lang='lat'>.</span> 
     </span>
     <span class='ocr_line' id='line_1_29' title="bbox 152 3311 2185 3414; baseline -0.005 -20"><span class='ocrx_word' id='word_1_317' title='bbox 152 3347 192 3394; x_wconf 90' lang='lat' dir='ltr'><strong>ac</strong></span> <span class='ocrx_word' id='word_1_318' title='bbox 211 3317 397 3414; x_wconf 86' lang='lat' dir='ltr'><strong>persuadet</strong></span> <span class='ocrx_word' id='word_1_319' title='bbox 419 3316 457 3385; x_wconf 92' lang='lat' dir='ltr'><strong>id</strong></span> <span class='ocrx_word' id='word_1_320' title='bbox 475 3316 552 3386; x_wconf 87' lang='lat' dir='ltr'><strong>fore</strong></span> <span class='ocrx_word' id='word_1_321' title='bbox 576 3315 772 3385; x_wconf 91' lang='lat' dir='ltr'><strong>remedium</strong></span> <span class='ocrx_word' id='word_1_322' title='bbox 791 3317 1016 3407; x_wconf 90' lang='lat' dir='ltr'><strong>publicorum</strong></span> <span class='ocrx_word' id='word_1_323' title='bbox 1033 3320 1146 3405; x_wconf 88' lang='lat' dir='ltr'><strong>malo·</strong></span> <span class='ocrx_word' id='word_1_324' title='bbox 1199 3311 1317 3400; x_wconf 84' lang='lat' dir='ltr'><strong>Quam</strong></span> <span class='ocrx_word' id='word_1_325' title='bbox 1339 3311 1483 3380; x_wconf 85' lang='lat' dir='ltr'><strong>difficile</strong></span> <span class='ocrx_word' id='word_1_326' title='bbox 1511 3326 1581 3398; x_wconf 91' lang='lat' dir='ltr'><strong>est,</strong></span> <span class='ocrx_word' id='word_1_327' title='bbox 1616 3312 1803 3407; x_wconf 90' lang='lat' dir='ltr'><strong>inquiens,</strong></span> <span class='ocrx_word' id='word_1_328' title='bbox 1832 3318 1875 3385; x_wconf 89' lang='lat' dir='ltr'><strong>ad</strong></span> <span class='ocrx_word' id='word_1_329' title='bbox 1900 3333 2064 3391; x_wconf 89' lang='lat' dir='ltr'><strong>ventrem</strong></span> <span class='ocrx_word' id='word_1_330' title='bbox 2088 3321 2185 3391; x_wconf 81' lang='lat' dir='ltr'><strong>verbs</strong></span> 
     </span>
    </p>
   </div>
   <div class='ocr_carea' id='block_1_6' title="bbox 154 3412 2185 3510">
    <p class='ocr_par' dir='ltr' id='par_1_12' title="bbox 154 3412 2185 3510">
     <span class='ocr_line' id='line_1_30' title="bbox 154 3412 2185 3510; baseline 0.003 -22"><span class='ocrx_word' id='word_1_331' title='bbox 154 3449 257 3505; x_wconf 85' lang='lat' dir='ltr'><strong>mm,</strong></span> <span class='ocrx_word' id='word_1_332' title='bbox 290 3420 321 3489; x_wconf 94' lang='lat' dir='ltr'><strong>si</strong></span> <span class='ocrx_word' id='word_1_333' title='bbox 346 3442 513 3510; x_wconf 90' lang='lat' dir='ltr'><strong>oppresso</strong></span> <span class='ocrx_word' id='word_1_334' title='bbox 539 3415 750 3508; x_wconf 81' lang='lat' dir='ltr'><strong>imperatore</strong></span> <span class='ocrx_word' id='word_1_335' title='bbox 768 3418 1005 3491; x_wconf 75' lang='lat' dir='ltr'><strong>dissensiones</strong></span> <span class='ocrx_word' id='word_1_336' title='bbox 1037 3424 1146 3492; x_wconf 71' lang='lat' dir='ltr'><strong>eccle.</strong></span> <span class='ocrx_word' id='word_1_337' title='bbox 1197 3416 1328 3498; x_wconf 88' lang='lat' dir='ltr'><strong>facere,</strong></span> <span class='ocrx_word' id='word_1_338' title='bbox 1362 3413 1426 3507; x_wconf 92' lang='lat' dir='ltr'><strong>qui</strong></span> <span class='ocrx_word' id='word_1_339' title='bbox 1456 3439 1559 3484; x_wconf 89' lang='lat' dir='ltr'><strong>aures</strong></span> <span class='ocrx_word' id='word_1_340' title='bbox 1591 3439 1667 3484; x_wconf 95' lang='lat' dir='ltr'><strong>non</strong></span> <span class='ocrx_word' id='word_1_341' title='bbox 1694 3412 1826 3488; x_wconf 83' lang='lat' dir='ltr'><strong>habet?</strong></span> <span class='ocrx_word' id='word_1_342' title='bbox 1877 3418 2063 3494; x_wconf 78' lang='lat' dir='ltr'><strong>Se&#39;ntiebat</strong></span> <span class='ocrx_word' id='word_1_343' title='bbox 2098 3423 2185 3493; x_wconf 86' lang='lat' dir='ltr'><strong>enim</strong></span> 
     </span>
    </p>
   </div>
   <div class='ocr_carea' id='block_1_7' title="bbox 1951 1542 2185 1556">
    <p class='ocr_par' dir='ltr' id='par_1_13' title="bbox 1951 1542 2185 1556">
     <span class='ocr_line' id='line_1_31' title="bbox 1951 1542 2185 1556; baseline 0.009 -2"><span class='ocrx_word' id='word_1_344' title='bbox 1951 1542 2185 1556; x_wconf 65' lang='lat' dir='ltr'><strong>——n—-uu—</strong></span> 
     </span>
    </p>
   </div>
   <div class='ocr_carea' id='block_1_8' title="bbox 1264 2058 2186 2188">
    <p class='ocr_par' dir='ltr' id='par_1_14' title="bbox 1264 2058 2186 2188">
     <span class='ocr_line' id='line_1_32' title="bbox 1264 2058 2186 2188; baseline 0.009 -72"><span class='ocrx_word' id='word_1_345' title='bbox 1264 2060 1346 2133; x_wconf 81' lang='lat' dir='ltr'><strong>Apud</strong></span> <span class='ocrx_word' id='word_1_346' title='bbox 1369 2058 1442 2116; x_wconf 82' lang='lat' dir='ltr'><strong>Crat.</strong></span> <span class='ocrx_word' id='word_1_347' title='bbox 1464 2060 1535 2131; x_wconf 65' lang='lat' dir='ltr'><strong>Met.</strong></span> <span class='ocrx_word' id='word_1_348' title='bbox 1558 2080 1584 2129; x_wconf 91' lang='lat' dir='ltr'><strong>p.</strong></span> <span class='ocrx_word' id='word_1_349' title='bbox 1605 2064 1684 2132; x_wconf 59' lang='lat'><strong>528„</strong></span> <span class='ocrx_word' id='word_1_350' title='bbox 1709 2065 1737 2117; x_wconf 90' lang='lat' dir='ltr'><strong>io</strong></span> <span class='ocrx_word' id='word_1_351' title='bbox 1757 2065 1911 2121; x_wconf 81' lang='lat' dir='ltr'><strong>Declarnat.</strong></span> <span class='ocrx_word' id='word_1_352' title='bbox 1932 2065 1965 2121; x_wconf 88' lang='lat' dir='ltr'><strong>T.</strong></span> <span class='ocrx_word' id='word_1_353' title='bbox 1980 2066 2000 2121; x_wconf 88' lang='grc'><strong>1.</strong></span> <span class='ocrx_word' id='word_1_354' title='bbox 2010 2085 2042 2188; x_wconf 67' lang='lat' dir='ltr'><strong>p.</strong></span> <span class='ocrx_word' id='word_1_355' title='bbox 2058 2068 2136 2141; x_wconf 60' lang='lat' dir='ltr'><strong>im„</strong></span> <span class='ocrx_word' id='word_1_356' title='bbox 2160 2068 2186 2125; x_wconf 88' lang='lat' dir='ltr'><strong>in</strong></span> 
     </span>
    </p>
   </div>
   <div class='ocr_carea' id='block_1_9' title="bbox 153 3516 2206 5565">
    <p class='ocr_par' dir='ltr' id='par_1_15' title="bbox 153 3516 2206 4845">
     <span class='ocr_line' id='line_1_33' title="bbox 153 3516 2196 3620; baseline -0.007 -9"><span class='ocrx_word' id='word_1_357' title='bbox 153 3525 310 3599; x_wconf 65' lang='grc' dir='ltr'><strong>θῑὸὅῖὶῦὸὅ</strong></span> <span class='ocrx_word' id='word_1_358' title='bbox 325 3522 438 3592; x_wconf 66' lang='lat' dir='ltr'><strong>tollat·</strong></span> <span class='ocrx_word' id='word_1_359' title='bbox 489 3518 559 3591; x_wconf 69' lang='lat' dir='ltr'><strong>Sed</strong></span> <span class='ocrx_word' id='word_1_360' title='bbox 576 3519 657 3589; x_wconf 74' lang='lat' dir='ltr'><strong>vide</strong></span> <span class='ocrx_word' id='word_1_361' title='bbox 672 3536 845 3613; x_wconf 86' lang='lat' dir='ltr'><strong>quantum</strong></span> <span class='ocrx_word' id='word_1_362' title='bbox 861 3522 900 3591; x_wconf 90' lang='lat' dir='ltr'><strong>in</strong></span> <span class='ocrx_word' id='word_1_363' title='bbox 915 3523 983 3594; x_wconf 89' lang='lat' dir='ltr'><strong>isto</strong></span> <span class='ocrx_word' id='word_1_364' title='bbox 997 3525 1145 3595; x_wconf 92' lang='lat' dir='ltr'><strong>consilio</strong></span> <span class='ocrx_word' id='word_1_365' title='bbox 1198 3517 1307 3588; x_wconf 89' lang='lat' dir='ltr'><strong>surdo</strong></span> <span class='ocrx_word' id='word_1_366' title='bbox 1329 3516 1487 3586; x_wconf 87' lang='lat' dir='ltr'><strong>fabulam</strong></span> <span class='ocrx_word' id='word_1_367' title='bbox 1509 3518 1664 3604; x_wconf 90' lang='lat' dir='ltr'><strong>cantari,</strong></span> <span class='ocrx_word' id='word_1_368' title='bbox 1691 3516 1723 3588; x_wconf 91' lang='lat' dir='ltr'><strong>si</strong></span> <span class='ocrx_word' id='word_1_369' title='bbox 1747 3519 1845 3614; x_wconf 92' lang='lat' dir='ltr'><strong>quis,</strong></span> <span class='ocrx_word' id='word_1_370' title='bbox 1872 3523 2082 3615; x_wconf 90' lang='lat' dir='ltr'><strong>praesertim</strong></span> <span class='ocrx_word' id='word_1_371' title='bbox 2097 3525 2196 3620; x_wconf 82' lang='lat' dir='ltr'><strong>apud·</strong></span> 
     </span>
     <span class='ocr_line' id='line_1_34' title="bbox 153 3619 2108 3720; baseline -0.001 -20"><span class='ocrx_word' id='word_1_372' title='bbox 153 3624 390 3720; x_wconf 90' lang='lat' dir='ltr'><strong>turpitudinis</strong></span> <span class='ocrx_word' id='word_1_373' title='bbox 412 3622 531 3691; x_wconf 84' lang='lat' dir='ltr'><strong>fucrit.</strong></span> <span class='ocrx_word' id='word_1_374' title='bbox 590 3619 754 3691; x_wconf 92' lang='lat' dir='ltr'><strong>Primum</strong></span> <span class='ocrx_word' id='word_1_375' title='bbox 778 3623 901 3693; x_wconf 89' lang='lat' dir='ltr'><strong>divina</strong></span> <span class='ocrx_word' id='word_1_376' title='bbox 927 3650 968 3696; x_wconf 87' lang='lat' dir='ltr'><strong>ac</strong></span> <span class='ocrx_word' id='word_1_377' title='bbox 991 3620 1147 3697; x_wconf 89' lang='lat' dir='ltr'><strong>humana</strong></span> <span class='ocrx_word' id='word_1_378' title='bbox 1199 3641 1364 3690; x_wconf 85' lang='lat' dir='ltr'><strong>vesanam</strong></span> <span class='ocrx_word' id='word_1_379' title='bbox 1381 3619 1671 3707; x_wconf 87' lang='lat' dir='ltr'><strong>multitudinem,</strong></span> <span class='ocrx_word' id='word_1_380' title='bbox 1697 3624 1815 3693; x_wconf 85' lang='lat' dir='ltr'><strong>ventri</strong></span> <span class='ocrx_word' id='word_1_381' title='bbox 1831 3624 1925 3715; x_wconf 87' lang='lat' dir='ltr'><strong>leges</strong></span> <span class='ocrx_word' id='word_1_382' title='bbox 1943 3628 2108 3705; x_wconf 87' lang='lat' dir='ltr'><strong>dictaret.</strong></span> 
     </span>
     <span class='ocr_line' id='line_1_35' title="bbox 157 3716 2187 3819; baseline -0 -19"><span class='ocrx_word' id='word_1_383' title='bbox 157 3731 237 3802; x_wconf 90' lang='lat' dir='ltr'><strong>iura</strong></span> <span class='ocrx_word' id='word_1_384' title='bbox 269 3726 394 3810; x_wconf 90' lang='lat' dir='ltr'><strong>violat,</strong></span> <span class='ocrx_word' id='word_1_385' title='bbox 433 3747 515 3794; x_wconf 90' lang='lat' dir='ltr'><strong>cum</strong></span> <span class='ocrx_word' id='word_1_386' title='bbox 548 3724 718 3792; x_wconf 87' lang='lat' dir='ltr'><strong>adversus</strong></span> <span class='ocrx_word' id='word_1_387' title='bbox 752 3746 856 3794; x_wconf 88' lang='lat' dir='ltr'><strong>suum</strong></span> <span class='ocrx_word' id='word_1_388' title='bbox 891 3729 1147 3817; x_wconf 86' lang='lat' dir='ltr'><strong>magistratum,</strong></span> <span class='ocrx_word' id='word_1_389' title='bbox 1299 3718 1397 3790; x_wconf 90' lang='lat' dir='ltr'><strong>ldem</strong></span> <span class='ocrx_word' id='word_1_390' title='bbox 1419 3744 1482 3812; x_wconf 88' lang='lat' dir='ltr'><strong>ego</strong></span> <span class='ocrx_word' id='word_1_391' title='bbox 1505 3716 1596 3790; x_wconf 90' lang='lat' dir='ltr'><strong>mihi</strong></span> <span class='ocrx_word' id='word_1_392' title='bbox 1617 3747 1759 3819; x_wconf 92' lang='lat' dir='ltr'><strong>quoque</strong></span> <span class='ocrx_word' id='word_1_393' title='bbox 1785 3725 1942 3799; x_wconf 87' lang='lat' dir='ltr'><strong>accidere</strong></span> <span class='ocrx_word' id='word_1_394' title='bbox 1963 3755 2128 3815; x_wconf 90' lang='lat' dir='ltr'><strong>vererer,</strong></span> <span class='ocrx_word' id='word_1_395' title='bbox 2161 3729 2187 3801; x_wconf 88' lang='lat' dir='ltr'><strong>si</strong></span> 
     </span>
     <span class='ocr_line' id='line_1_36' title="bbox 155 3818 2186 3928; baseline -0.001 -24"><span class='ocrx_word' id='word_1_396' title='bbox 155 3856 261 3928; x_wconf 88' lang='lat' dir='ltr'><strong>quem</strong></span> <span class='ocrx_word' id='word_1_397' title='bbox 284 3842 318 3900; x_wconf 90' lang='lat' dir='ltr'><strong>et</strong></span> <span class='ocrx_word' id='word_1_398' title='bbox 341 3825 503 3897; x_wconf 87' lang='lat' dir='ltr'><strong>doctrina</strong></span> <span class='ocrx_word' id='word_1_399' title='bbox 532 3823 717 3915; x_wconf 78' lang='lat' dir='ltr'><strong>religionis</strong></span> <span class='ocrx_word' id='word_1_400' title='bbox 744 3838 779 3894; x_wconf 88' lang='lat' dir='ltr'><strong>et</strong></span> <span class='ocrx_word' id='word_1_401' title='bbox 804 3827 963 3899; x_wconf 87' lang='lat' dir='ltr'><strong>omniurn</strong></span> <span class='ocrx_word' id='word_1_402' title='bbox 988 3833 1146 3920; x_wconf 87' lang='lat' dir='ltr'><strong>gentium</strong></span> <span class='ocrx_word' id='word_1_403' title='bbox 1200 3818 1286 3894; x_wconf 88' lang='lat' dir='ltr'><strong>haec</strong></span> <span class='ocrx_word' id='word_1_404' title='bbox 1302 3823 1437 3908; x_wconf 90' lang='lat' dir='ltr'><strong>oratio,</strong></span> <span class='ocrx_word' id='word_1_405' title='bbox 1459 3848 1565 3918; x_wconf 90' lang='lat' dir='ltr'><strong>quarn</strong></span> <span class='ocrx_word' id='word_1_406' title='bbox 1588 3826 1688 3896; x_wconf 89' lang='lat' dir='ltr'><strong>iussu</strong></span> <span class='ocrx_word' id='word_1_407' title='bbox 1709 3843 1979 3921; x_wconf 89' lang='lat' dir='ltr'><strong>praeceptorum</strong></span> <span class='ocrx_word' id='word_1_408' title='bbox 1995 3836 2040 3905; x_wconf 91' lang='lat' dir='ltr'><strong>de</strong></span> <span class='ocrx_word' id='word_1_409' title='bbox 2056 3835 2186 3907; x_wconf 89' lang='lat' dir='ltr'><strong>sobrie·</strong></span> 
     </span>
     <span class='ocr_line' id='line_1_37' title="bbox 154 3926 2187 4026; baseline -0.001 -20"><span class='ocrx_word' id='word_1_410' title='bbox 154 3936 248 4026; x_wconf 89' lang='lat' dir='ltr'><strong>leges</strong></span> <span class='ocrx_word' id='word_1_411' title='bbox 269 3933 363 4003; x_wconf 90' lang='lat' dir='ltr'><strong>bona</strong></span> <span class='ocrx_word' id='word_1_412' title='bbox 386 3929 455 3998; x_wconf 88' lang='lat' dir='ltr'><strong>fide</strong></span> <span class='ocrx_word' id='word_1_413' title='bbox 474 3926 544 3997; x_wconf 93' lang='lat' dir='ltr'><strong>coli</strong></span> <span class='ocrx_word' id='word_1_414' title='bbox 560 3927 801 4020; x_wconf 88' lang='lat' dir='ltr'><strong>praecipiunt,</strong></span> <span class='ocrx_word' id='word_1_415' title='bbox 834 3953 931 4001; x_wconf 85' lang='lat' dir='ltr'><strong>arma</strong></span> <span class='ocrx_word' id='word_1_416' title='bbox 946 3934 1051 4024; x_wconf 87' lang='lat' dir='ltr'><strong>capit.</strong></span> <span class='ocrx_word' id='word_1_417' title='bbox 1099 3929 1151 4025; x_wconf 85' lang='lat' dir='ltr'><strong>Et</strong></span> <span class='ocrx_word' id='word_1_418' title='bbox 1199 3939 1269 3999; x_wconf 89' lang='lat' dir='ltr'><strong>tate</strong></span> <span class='ocrx_word' id='word_1_419' title='bbox 1283 3950 1323 3995; x_wconf 90' lang='lat' dir='ltr'><strong>ac</strong></span> <span class='ocrx_word' id='word_1_420' title='bbox 1337 3927 1569 4018; x_wconf 88' lang='lat' dir='ltr'><strong>temperantia</strong></span> <span class='ocrx_word' id='word_1_421' title='bbox 1590 3928 1751 4015; x_wconf 89' lang='lat' dir='ltr'><strong>institui,</strong></span> <span class='ocrx_word' id='word_1_422' title='bbox 1775 3927 1866 4000; x_wconf 92' lang='lat' dir='ltr'><strong>mihi</strong></span> <span class='ocrx_word' id='word_1_423' title='bbox 1880 3934 2014 4006; x_wconf 90' lang='lat' dir='ltr'><strong>alicubi</strong></span> <span class='ocrx_word' id='word_1_424' title='bbox 2035 3937 2187 4011; x_wconf 74' lang='lat' dir='ltr'><strong>incocto</strong></span> 
     </span>
     <span class='ocr_line' id='line_1_38' title="bbox 156 4023 2187 4135; baseline -0.004 -28"><span class='ocrx_word' id='word_1_425' title='bbox 156 4063 237 4107; x_wconf 88' lang='lat' dir='ltr'><strong>curn</strong></span> <span class='ocrx_word' id='word_1_426' title='bbox 261 4034 346 4104; x_wconf 89' lang='lat' dir='ltr'><strong>talia</strong></span> <span class='ocrx_word' id='word_1_427' title='bbox 366 4030 502 4102; x_wconf 87' lang='lat' dir='ltr'><strong>luerint</strong></span> <span class='ocrx_word' id='word_1_428' title='bbox 519 4029 676 4122; x_wconf 82' lang='lat' dir='ltr'><strong>auspicia</strong></span> <span class='ocrx_word' id='word_1_429' title='bbox 696 4029 783 4098; x_wconf 83' lang='lat' dir='ltr'><strong>novi</strong></span> <span class='ocrx_word' id='word_1_430' title='bbox 800 4029 960 4123; x_wconf 89' lang='lat' dir='ltr'><strong>imperii,</strong></span> <span class='ocrx_word' id='word_1_431' title='bbox 986 4028 1081 4103; x_wconf 91' lang='lat' dir='ltr'><strong>nibil</strong></span> <span class='ocrx_word' id='word_1_432' title='bbox 1098 4049 1149 4107; x_wconf 88' lang='lat' dir='ltr'><strong>est</strong></span> <span class='ocrx_word' id='word_1_433' title='bbox 1199 4028 1320 4119; x_wconf 83' lang='lat' dir='ltr'><strong>vulgi,</strong></span> <span class='ocrx_word' id='word_1_434' title='bbox 1343 4053 1384 4099; x_wconf 89' lang='lat' dir='ltr'><strong>ac</strong></span> <span class='ocrx_word' id='word_1_435' title='bbox 1398 4023 1614 4114; x_wconf 89' lang='lat' dir='ltr'><strong>heluonum,</strong></span> <span class='ocrx_word' id='word_1_436' title='bbox 1640 4054 1704 4122; x_wconf 89' lang='lat' dir='ltr'><strong>pro</strong></span> <span class='ocrx_word' id='word_1_437' title='bbox 1720 4033 1821 4102; x_wconf 89' lang='lat' dir='ltr'><strong>nulla</strong></span> <span class='ocrx_word' id='word_1_438' title='bbox 1834 4058 1873 4105; x_wconf 90' lang='lat' dir='ltr'><strong>re</strong></span> <span class='ocrx_word' id='word_1_439' title='bbox 1886 4039 1998 4129; x_wconf 88' lang='lat' dir='ltr'><strong>magis</strong></span> <span class='ocrx_word' id='word_1_440' title='bbox 2007 4063 2118 4135; x_wconf 79' lang='lat' dir='ltr'><strong>quam</strong></span> <span class='ocrx_word' id='word_1_441' title='bbox 2128 4064 2187 4134; x_wconf 75' lang='lat' dir='ltr'><strong>pm</strong></span> 
     </span>
     <span class='ocr_line' id='line_1_39' title="bbox 157 4126 2188 4236; baseline -0.01 -2"><span class='ocrx_word' id='word_1_442' title='bbox 157 4130 885 4234; x_wconf 55' lang='grc' dir='ltr'><strong>(11]θᾶΠιίῑθωῦῑθῑῖῑῖΰῐῦῑΐὸἕῐθΰωεεεε.</strong></span> <span class='ocrx_word' id='word_1_443' title='bbox 937 4134 1037 4225; x_wconf 85' lang='lat' dir='ltr'><strong>Quid</strong></span> <span class='ocrx_word' id='word_1_444' title='bbox 1052 4138 1147 4208; x_wconf 89' lang='lat' dir='ltr'><strong>enim</strong></span> <span class='ocrx_word' id='word_1_445' title='bbox 1200 4146 1322 4203; x_wconf 88' lang='lat' dir='ltr'><strong>ventre</strong></span> <span class='ocrx_word' id='word_1_446' title='bbox 1335 4132 1569 4202; x_wconf 89' lang='lat' dir='ltr'><strong>sollicitorum</strong></span> <span class='ocrx_word' id='word_1_447' title='bbox 1585 4126 1748 4205; x_wconf 87' lang='lat' dir='ltr'><strong>habenda</strong></span> <span class='ocrx_word' id='word_1_448' title='bbox 1763 4150 1866 4207; x_wconf 86' lang='lat' dir='ltr'><strong>esset:</strong></span> <span class='ocrx_word' id='word_1_449' title='bbox 1891 4133 1931 4208; x_wconf 91' lang='lat' dir='ltr'><strong>hi</strong></span> <span class='ocrx_word' id='word_1_450' title='bbox 1945 4142 2043 4212; x_wconf 90' lang='lat' dir='ltr'><strong>enim</strong></span> <span class='ocrx_word' id='word_1_451' title='bbox 2057 4144 2106 4212; x_wconf 84' lang='lat' dir='ltr'><strong>ad</strong></span> <span class='ocrx_word' id='word_1_452' title='bbox 2120 4143 2188 4236; x_wconf 91' lang='lat' dir='ltr'><strong>pri·</strong></span> 
     </span>
     <span class='ocr_line' id='line_1_40' title="bbox 158 4230 2187 4329; baseline -0.004 -17"><span class='ocrx_word' id='word_1_453' title='bbox 158 4238 286 4312; x_wconf 88' lang='lat' dir='ltr'><strong>accidit</strong></span> <span class='ocrx_word' id='word_1_454' title='bbox 300 4237 391 4306; x_wconf 89' lang='lat' dir='ltr'><strong>inito</strong></span> <span class='ocrx_word' id='word_1_455' title='bbox 407 4234 558 4323; x_wconf 76' lang='lat' dir='ltr'><strong>regnoi&#39;</strong></span> <span class='ocrx_word' id='word_1_456' title='bbox 581 4230 677 4303; x_wconf 91' lang='lat' dir='ltr'><strong>Num</strong></span> <span class='ocrx_word' id='word_1_457' title='bbox 691 4234 846 4306; x_wconf 87' lang='lat' dir='ltr'><strong>restituit</strong></span> <span class='ocrx_word' id='word_1_458' title='bbox 861 4238 1010 4329; x_wconf 82' lang='lat' dir='ltr'><strong>pacem?</strong></span> <span class='ocrx_word' id='word_1_459' title='bbox 1053 4237 1148 4309; x_wconf 90' lang='lat' dir='ltr'><strong>Num</strong></span> <span class='ocrx_word' id='word_1_460' title='bbox 1200 4259 1294 4305; x_wconf 91' lang='lat' dir='ltr'><strong>mam</strong></span> <span class='ocrx_word' id='word_1_461' title='bbox 1324 4234 1441 4305; x_wconf 87' lang='lat' dir='ltr'><strong>statim</strong></span> <span class='ocrx_word' id='word_1_462' title='bbox 1468 4233 1689 4306; x_wconf 88' lang='lat' dir='ltr'><strong>mentionem</strong></span> <span class='ocrx_word' id='word_1_463' title='bbox 1719 4238 1937 4326; x_wconf 85' lang='lat' dir='ltr'><strong>sobrietatis,</strong></span> <span class='ocrx_word' id='word_1_464' title='bbox 1968 4269 2027 4314; x_wconf 83' lang='lat' dir='ltr'><strong>me</strong></span> <span class='ocrx_word' id='word_1_465' title='bbox 2055 4244 2133 4317; x_wconf 74' lang='lat' dir='ltr'><strong>risu</strong></span> <span class='ocrx_word' id='word_1_466' title='bbox 2157 4258 2187 4317; x_wconf 72' lang='lat' dir='ltr'><strong>es</strong></span> 
     </span>
     <span class='ocr_line' id='line_1_41' title="bbox 157 4333 2206 4436; baseline -0.033 -23"><span class='ocrx_word' id='word_1_467' title='bbox 157 4338 301 4414; x_wconf 85' lang='lat' dir='ltr'><strong>sustulit</strong></span> <span class='ocrx_word' id='word_1_468' title='bbox 334 4333 573 4406; x_wconf 79' lang='lat' dir='ltr'><strong>Ecclesiamm</strong></span> <span class='ocrx_word' id='word_1_469' title='bbox 600 4336 862 4407; x_wconf 82' lang='lat' dir='ltr'><strong>dissensiones?</strong></span> <span class='ocrx_word' id='word_1_470' title='bbox 905 4337 1150 4436; x_wconf 85' lang='lat' dir='ltr'><strong>Nequaquam,</strong></span> <span class='ocrx_word' id='word_1_471' title='bbox 1200 4336 1415 4408; x_wconf 89' lang='lat' dir='ltr'><strong>clamoribus</strong></span> <span class='ocrx_word' id='word_1_472' title='bbox 1437 4338 1686 4429; x_wconf 86' lang='lat' dir='ltr'><strong>exploderont,</strong></span> <span class='ocrx_word' id='word_1_473' title='bbox 1713 4354 1775 4411; x_wconf 89' lang='lat' dir='ltr'><strong>aut</strong></span> <span class='ocrx_word' id='word_1_474' title='bbox 1792 4341 2019 4434; x_wconf 63' lang='lat' dir='ltr'><strong>indignam,es</strong></span> <span class='ocrx_word' id='word_1_475' title='bbox 2039 4336 2206 4419; x_wconf 59' lang='lat' dir='ltr'>emedio.</span> 
     </span>
     <span class='ocr_line' id='line_1_42' title="bbox 158 4437 2187 4534; baseline 0.002 -17"><span class='ocrx_word' id='word_1_476' title='bbox 158 4446 220 4517; x_wconf 89' lang='lat' dir='ltr'><strong>sed</strong></span> <span class='ocrx_word' id='word_1_477' title='bbox 236 4441 403 4511; x_wconf 89' lang='lat' dir='ltr'><strong>morbum</strong></span> <span class='ocrx_word' id='word_1_478' title='bbox 418 4437 662 4529; x_wconf 88' lang='lat' dir='ltr'><strong>intempestive</strong></span> <span class='ocrx_word' id='word_1_479' title='bbox 678 4438 888 4511; x_wconf 89' lang='lat' dir='ltr'><strong>medicando</strong></span> <span class='ocrx_word' id='word_1_480' title='bbox 905 4444 1019 4514; x_wconf 90' lang='lat' dir='ltr'><strong>multo</strong></span> <span class='ocrx_word' id='word_1_481' title='bbox 1039 4445 1149 4534; x_wconf 87' lang='lat' dir='ltr'><strong>magis</strong></span> <span class='ocrx_word' id='word_1_482' title='bbox 1200 4440 1467 4533; x_wconf 85' lang='lat' dir='ltr'><strong>proturbarent:</strong></span> <span class='ocrx_word' id='word_1_483' title='bbox 1493 4442 1680 4511; x_wconf 91' lang='lat' dir='ltr'><strong>nonenim</strong></span> <span class='ocrx_word' id='word_1_484' title='bbox 1702 4443 1877 4516; x_wconf 88' lang='lat' dir='ltr'><strong>immitius</strong></span> <span class='ocrx_word' id='word_1_485' title='bbox 1896 4449 2008 4520; x_wconf 87' lang='lat' dir='ltr'><strong>saevit</strong></span> <span class='ocrx_word' id='word_1_486' title='bbox 2022 4450 2078 4521; x_wconf 87' lang='lat' dir='ltr'><strong>ira</strong></span> <span class='ocrx_word' id='word_1_487' title='bbox 2102 4451 2187 4523; x_wconf 85' lang='lat' dir='ltr'><strong>lese·</strong></span> 
     </span>
     <span class='ocr_line' id='line_1_43' title="bbox 158 4540 2187 4640; baseline -0.004 -13"><span class='ocrx_word' id='word_1_488' title='bbox 158 4541 396 4618; x_wconf 55' lang='lat' dir='ltr'><strong>exacerbavi&amp;</strong></span> <span class='ocrx_word' id='word_1_489' title='bbox 436 4563 518 4609; x_wconf 73' lang='lat' dir='ltr'><strong>nam</strong></span> <span class='ocrx_word' id='word_1_490' title='bbox 554 4553 713 4632; x_wconf 68' lang='lat' dir='ltr'><strong>sttscepto</strong></span> <span class='ocrx_word' id='word_1_491' title='bbox 748 4541 844 4612; x_wconf 92' lang='lat' dir='ltr'><strong>bello</strong></span> <span class='ocrx_word' id='word_1_492' title='bbox 877 4540 971 4614; x_wconf 93' lang='lat' dir='ltr'><strong>nihil</strong></span> <span class='ocrx_word' id='word_1_493' title='bbox 999 4570 1149 4640; x_wconf 89' lang='lat' dir='ltr'><strong>usquam</strong></span> <span class='ocrx_word' id='word_1_494' title='bbox 1200 4567 1287 4628; x_wconf 90' lang='lat' dir='ltr'><strong>nae,</strong></span> <span class='ocrx_word' id='word_1_495' title='bbox 1312 4544 1468 4635; x_wconf 89' lang='lat' dir='ltr'><strong>abreptis</strong></span> <span class='ocrx_word' id='word_1_496' title='bbox 1482 4544 1626 4629; x_wconf 87' lang='lat' dir='ltr'><strong>catulis,</strong></span> <span class='ocrx_word' id='word_1_497' title='bbox 1651 4570 1758 4637; x_wconf 90' lang='lat' dir='ltr'><strong>quam</strong></span> <span class='ocrx_word' id='word_1_498' title='bbox 1776 4547 1877 4619; x_wconf 88' lang='lat' dir='ltr'><strong>furor</strong></span> <span class='ocrx_word' id='word_1_499' title='bbox 1891 4549 2041 4622; x_wconf 86' lang='lat' dir='ltr'><strong>istorum</strong></span> <span class='ocrx_word' id='word_1_500' title='bbox 2065 4548 2187 4625; x_wconf 89' lang='lat' dir='ltr'><strong>heluo-</strong></span> 
     </span>
     <span class='ocr_line' id='line_1_44' title="bbox 156 4638 2187 4743; baseline -0.005 -17"><span class='ocrx_word' id='word_1_501' title='bbox 156 4646 391 4741; x_wconf 78' lang='lat' dir='ltr'><strong>lranquillum</strong></span> <span class='ocrx_word' id='word_1_502' title='bbox 424 4654 511 4715; x_wconf 80' lang='lat' dir='ltr'><strong>erat.</strong></span> <span class='ocrx_word' id='word_1_503' title='bbox 568 4638 637 4711; x_wconf 86' lang='lat' dir='ltr'><strong>Hic</strong></span> <span class='ocrx_word' id='word_1_504' title='bbox 660 4640 816 4732; x_wconf 91' lang='lat' dir='ltr'><strong>primum</strong></span> <span class='ocrx_word' id='word_1_505' title='bbox 843 4638 977 4743; x_wconf 83' lang='lat' dir='ltr'><strong>mutuis</strong></span> <span class='ocrx_word' id='word_1_506' title='bbox 1005 4671 1150 4719; x_wconf 89' lang='lat' dir='ltr'><strong>accensa</strong></span> <span class='ocrx_word' id='word_1_507' title='bbox 1200 4671 1306 4730; x_wconf 91' lang='lat' dir='ltr'><strong>num,</strong></span> <span class='ocrx_word' id='word_1_508' title='bbox 1331 4647 1475 4739; x_wconf 90' lang='lat' dir='ltr'><strong>quando</strong></span> <span class='ocrx_word' id='word_1_509' title='bbox 1500 4645 1617 4716; x_wconf 89' lang='lat' dir='ltr'><strong>ventri</strong></span> <span class='ocrx_word' id='word_1_510' title='bbox 1641 4669 1706 4716; x_wconf 92' lang='lat' dir='ltr'><strong>suo</strong></span> <span class='ocrx_word' id='word_1_511' title='bbox 1727 4661 1762 4719; x_wconf 89' lang='lat' dir='ltr'><strong>et</strong></span> <span class='ocrx_word' id='word_1_512' title='bbox 1783 4650 1885 4739; x_wconf 82' lang='lat' dir='ltr'><strong>gulae</strong></span> <span class='ocrx_word' id='word_1_513' title='bbox 1900 4653 2006 4725; x_wconf 89' lang='lat' dir='ltr'><strong>linem</strong></span> <span class='ocrx_word' id='word_1_514' title='bbox 2026 4658 2187 4728; x_wconf 82' lang='lat' dir='ltr'><strong>modum.</strong></span> 
     </span>
     <span class='ocr_line' id='line_1_45' title="bbox 158 4744 1568 4845; baseline -0.012 -26"><span class='ocrx_word' id='word_1_515' title='bbox 158 4751 268 4833; x_wconf 92' lang='lat' dir='ltr'><strong>odiis,</strong></span> <span class='ocrx_word' id='word_1_516' title='bbox 288 4761 439 4840; x_wconf 90' lang='lat' dir='ltr'><strong>utraque</strong></span> <span class='ocrx_word' id='word_1_517' title='bbox 452 4768 533 4840; x_wconf 91' lang='lat' dir='ltr'><strong>pars</strong></span> <span class='ocrx_word' id='word_1_518' title='bbox 548 4744 726 4814; x_wconf 87' lang='lat' dir='ltr'><strong>crudelius</strong></span> <span class='ocrx_word' id='word_1_519' title='bbox 740 4746 875 4832; x_wconf 82' lang='lat' dir='ltr'><strong>saevire</strong></span> <span class='ocrx_word' id='word_1_520' title='bbox 887 4752 1020 4842; x_wconf 89' lang='lat' dir='ltr'><strong>coepit,</strong></span> <span class='ocrx_word' id='word_1_521' title='bbox 1041 4776 1148 4845; x_wconf 85' lang='lat' dir='ltr'><strong>quam</strong></span> <span class='ocrx_word' id='word_1_522' title='bbox 1199 4772 1269 4843; x_wconf 85' lang='lat' dir='ltr'><strong>que</strong></span> <span class='ocrx_word' id='word_1_523' title='bbox 1282 4748 1391 4819; x_wconf 79' lang='lat' dir='ltr'><strong>statui</strong></span> <span class='ocrx_word' id='word_1_524' title='bbox 1405 4749 1568 4818; x_wconf 61' lang='lat' dir='ltr'><strong>audiunt,</strong></span> 
     </span>
    </p>

    <p class='ocr_par' dir='ltr' id='par_1_16' title="bbox 158 4844 2187 5150">
     <span class='ocr_line' id='line_1_46' title="bbox 158 4844 2186 4947; baseline -0.003 -15"><span class='ocrx_word' id='word_1_525' title='bbox 158 4864 259 4921; x_wconf 65' lang='lat' dir='ltr'><strong>antea</strong></span> <span class='ocrx_word' id='word_1_526' title='bbox 275 4872 444 4941; x_wconf 73' lang='lat' dir='ltr'><strong>unquam·</strong></span> <span class='ocrx_word' id='word_1_527' title='bbox 496 4844 679 4916; x_wconf 85' lang='lat' dir='ltr'><strong>Postremo</strong></span> <span class='ocrx_word' id='word_1_528' title='bbox 697 4864 943 4943; x_wconf 88' lang='lat' dir='ltr'><strong>praeterquam</strong></span> <span class='ocrx_word' id='word_1_529' title='bbox 959 4855 1054 4947; x_wconf 94' lang='lat' dir='ltr'><strong>quod</strong></span> <span class='ocrx_word' id='word_1_530' title='bbox 1073 4853 1149 4923; x_wconf 81' lang='lat' dir='ltr'><strong>eri·</strong></span> <span class='ocrx_word' id='word_1_531' title='bbox 1302 4850 1423 4940; x_wconf 89' lang='lat' dir='ltr'><strong>Quare</strong></span> <span class='ocrx_word' id='word_1_532' title='bbox 1450 4850 1478 4918; x_wconf 90' lang='lat' dir='ltr'><strong>si</strong></span> <span class='ocrx_word' id='word_1_533' title='bbox 1510 4851 1549 4919; x_wconf 91' lang='lat' dir='ltr'><strong>in</strong></span> <span class='ocrx_word' id='word_1_534' title='bbox 1572 4849 1636 4920; x_wconf 89' lang='lat' dir='ltr'><strong>tali</strong></span> <span class='ocrx_word' id='word_1_535' title='bbox 1663 4846 1802 4923; x_wconf 91' lang='lat' dir='ltr'><strong>theatro</strong></span> <span class='ocrx_word' id='word_1_536' title='bbox 1825 4858 2068 4946; x_wconf 89' lang='lat' dir='ltr'><strong>perorandum</strong></span> <span class='ocrx_word' id='word_1_537' title='bbox 2094 4874 2186 4945; x_wconf 84' lang='lat' dir='ltr'><strong>esset,</strong></span> 
     </span>
     <span class='ocr_line' id='line_1_47' title="bbox 159 4946 2187 5053; baseline 0.002 -30"><span class='ocrx_word' id='word_1_538' title='bbox 159 4966 215 5023; x_wconf 89' lang='lat' dir='ltr'><strong>tus</strong></span> <span class='ocrx_word' id='word_1_539' title='bbox 242 4949 419 5038; x_wconf 87' lang='lat' dir='ltr'><strong>Principis</strong></span> <span class='ocrx_word' id='word_1_540' title='bbox 450 4948 521 5020; x_wconf 86' lang='lat' dir='ltr'><strong>fuit</strong></span> <span class='ocrx_word' id='word_1_541' title='bbox 544 4948 782 5037; x_wconf 88' lang='lat' dir='ltr'><strong>miserrimus,</strong></span> <span class='ocrx_word' id='word_1_542' title='bbox 822 4964 895 5023; x_wconf 92' lang='lat' dir='ltr'><strong>tota</strong></span> <span class='ocrx_word' id='word_1_543' title='bbox 925 4956 1031 5026; x_wconf 90' lang='lat' dir='ltr'><strong>etiarn</strong></span> <span class='ocrx_word' id='word_1_544' title='bbox 1058 4955 1148 5027; x_wconf 92' lang='lat' dir='ltr'><strong>ditio</strong></span> <span class='ocrx_word' id='word_1_545' title='bbox 1200 4977 1340 5024; x_wconf 89' lang='lat' dir='ltr'><strong>causam</strong></span> <span class='ocrx_word' id='word_1_546' title='bbox 1363 4947 1454 5022; x_wconf 90' lang='lat' dir='ltr'><strong>mihi</strong></span> <span class='ocrx_word' id='word_1_547' title='bbox 1474 4947 1564 5022; x_wconf 90' lang='lat' dir='ltr'><strong>hanc</strong></span> <span class='ocrx_word' id='word_1_548' title='bbox 1579 4952 1869 5047; x_wconf 88' lang='lat' dir='ltr'><strong>relinquendam,</strong></span> <span class='ocrx_word' id='word_1_549' title='bbox 1893 4973 1927 5029; x_wconf 90' lang='lat' dir='ltr'><strong>et</strong></span> <span class='ocrx_word' id='word_1_550' title='bbox 1941 4961 2056 5053; x_wconf 87' lang='lat' dir='ltr'><strong>capite</strong></span> <span class='ocrx_word' id='word_1_551' title='bbox 2079 4946 2187 5037; x_wconf 84' lang='lat' dir='ltr'><strong>obvo-</strong></span> 
     </span>
     <span class='ocr_line' id='line_1_48' title="bbox 158 5049 1946 5150; baseline -0.001 -25"><span class='ocrx_word' id='word_1_552' title='bbox 158 5054 287 5125; x_wconf 90' lang='lat' dir='ltr'><strong>amisso</strong></span> <span class='ocrx_word' id='word_1_553' title='bbox 311 5049 478 5142; x_wconf 90' lang='lat' dir='ltr'><strong>Principe</strong></span> <span class='ocrx_word' id='word_1_554' title='bbox 508 5050 702 5122; x_wconf 89' lang='lat' dir='ltr'><strong>victoribus</strong></span> <span class='ocrx_word' id='word_1_555' title='bbox 725 5055 876 5144; x_wconf 91' lang='lat' dir='ltr'><strong>praedae</strong></span> <span class='ocrx_word' id='word_1_556' title='bbox 903 5057 982 5132; x_wconf 89' lang='lat' dir='ltr'><strong>suit.</strong></span> <span class='ocrx_word' id='word_1_557' title='bbox 1041 5056 1149 5129; x_wconf 91' lang='lat' dir='ltr'><strong>Hunc</strong></span> <span class='ocrx_word' id='word_1_558' title='bbox 1199 5056 1298 5142; x_wconf 92' lang='lat' dir='ltr'><strong>luto,</strong></span> <span class='ocrx_word' id='word_1_559' title='bbox 1319 5080 1389 5150; x_wconf 88' lang='lat' dir='ltr'><strong>qua</strong></span> <span class='ocrx_word' id='word_1_560' title='bbox 1405 5078 1541 5148; x_wconf 89' lang='lat' dir='ltr'><strong>possem</strong></span> <span class='ocrx_word' id='word_1_561' title='bbox 1558 5058 1758 5126; x_wconf 81' lang='lat' dir='ltr'><strong>exeundum</strong></span> <span class='ocrx_word' id='word_1_562' title='bbox 1774 5071 1946 5149; x_wconf 84' lang='lat' dir='ltr'><strong>putarem,</strong></span> 
     </span>
    </p>

    <p class='ocr_par' dir='ltr' id='par_1_17' title="bbox 153 5150 2187 5565">
     <span class='ocr_line' id='line_1_49' title="bbox 157 5150 2187 5246; baseline -0.003 -19"><span class='ocrx_word' id='word_1_563' title='bbox 157 5157 288 5227; x_wconf 81' lang='lat' dir='ltr'><strong>exitum</strong></span> <span class='ocrx_word' id='word_1_564' title='bbox 304 5152 538 5243; x_wconf 88' lang='lat' dir='ltr'><strong>superstitiosi</strong></span> <span class='ocrx_word' id='word_1_565' title='bbox 555 5153 695 5222; x_wconf 91' lang='lat' dir='ltr'><strong>consilii</strong></span> <span class='ocrx_word' id='word_1_566' title='bbox 712 5155 900 5245; x_wconf 82' lang='lat' dir='ltr'><strong>diligenter</strong></span> <span class='ocrx_word' id='word_1_567' title='bbox 915 5161 1149 5246; x_wconf 89' lang='lat' dir='ltr'><strong>considerate,</strong></span> <span class='ocrx_word' id='word_1_568' title='bbox 1301 5155 1393 5229; x_wconf 91' lang='lat' dir='ltr'><strong>Cum</strong></span> <span class='ocrx_word' id='word_1_569' title='bbox 1414 5182 1499 5228; x_wconf 85' lang='lat' dir='ltr'><strong>vero</strong></span> <span class='ocrx_word' id='word_1_570' title='bbox 1524 5157 1564 5226; x_wconf 92' lang='lat' dir='ltr'><strong>in</strong></span> <span class='ocrx_word' id='word_1_571' title='bbox 1581 5150 1652 5227; x_wconf 22' lang='lat' dir='ltr'><strong>,hoc</strong></span> <span class='ocrx_word' id='word_1_572' title='bbox 1671 5159 1957 5234; x_wconf 86' lang='lat' dir='ltr'><strong>doctissimorum</strong></span> <span class='ocrx_word' id='word_1_573' title='bbox 1978 5164 2142 5237; x_wconf 67' lang='lat' dir='ltr'><strong>visorum</strong></span> <span class='ocrx_word' id='word_1_574' title='bbox 2156 5177 2187 5236; x_wconf 64' lang='lat' dir='ltr'><strong>ss</strong></span> 
     </span>
     <span class='ocr_line' id='line_1_50' title="bbox 157 5254 2185 5355; baseline 0.004 -25"><span class='ocrx_word' id='word_1_575' title='bbox 157 5272 191 5330; x_wconf 91' lang='lat' dir='ltr'><strong>et</strong></span> <span class='ocrx_word' id='word_1_576' title='bbox 210 5282 312 5349; x_wconf 82' lang='lat' dir='ltr'><strong>saepe</strong></span> <span class='ocrx_word' id='word_1_577' title='bbox 333 5254 436 5324; x_wconf 88' lang='lat' dir='ltr'><strong>vobis</strong></span> <span class='ocrx_word' id='word_1_578' title='bbox 460 5277 606 5324; x_wconf 86' lang='lat' dir='ltr'><strong>manum</strong></span> <span class='ocrx_word' id='word_1_579' title='bbox 633 5255 734 5325; x_wconf 90' lang='lat' dir='ltr'><strong>illam</strong></span> <span class='ocrx_word' id='word_1_580' title='bbox 752 5254 931 5353; x_wconf 86' lang='lat' dir='ltr'><strong>Principis</strong></span> <span class='ocrx_word' id='word_1_581' title='bbox 955 5266 1147 5355; x_wconf 86' lang='lat' dir='ltr'><strong>praecisam</strong></span> <span class='ocrx_word' id='word_1_582' title='bbox 1198 5262 1462 5332; x_wconf 90' lang='lat' dir='ltr'><strong>adolescentum</strong></span> <span class='ocrx_word' id='word_1_583' title='bbox 1478 5283 1660 5345; x_wconf 89' lang='lat' dir='ltr'><strong>consessu,</strong></span> <span class='ocrx_word' id='word_1_584' title='bbox 1685 5262 1816 5354; x_wconf 92' lang='lat' dir='ltr'><strong>quibus</strong></span> <span class='ocrx_word' id='word_1_585' title='bbox 1837 5288 1916 5334; x_wconf 91' lang='lat' dir='ltr'><strong>curn</strong></span> <span class='ocrx_word' id='word_1_586' title='bbox 1934 5261 2185 5339; x_wconf 77' lang='lat' dir='ltr'><strong>honestissimis</strong></span> 
     </span>
     <span class='ocr_line' id='line_1_51' title="bbox 155 5354 2185 5455; baseline -0.005 -4"><span class='ocrx_word' id='word_1_587' title='bbox 155 5362 202 5431; x_wconf 74' lang='lat'><strong>⁰¹³</strong></span> <span class='ocrx_word' id='word_1_588' title='bbox 231 5360 353 5432; x_wconf 69' lang='lat' dir='ltr'><strong>⁰⁶l¹l⁰⁸</strong></span> <span class='ocrx_word' id='word_1_589' title='bbox 373 5354 512 5448; x_wconf 69' lang='grc' dir='ltr'><strong>Ρθΰῖῑθ,</strong></span> <span class='ocrx_word' id='word_1_590' title='bbox 546 5380 591 5425; x_wconf 70' lang='lat'><strong>¹¹⁸</strong></span> <span class='ocrx_word' id='word_1_591' title='bbox 615 5356 684 5449; x_wconf 72' lang='lat' dir='ltr'><strong>ipsi</strong></span> <span class='ocrx_word' id='word_1_592' title='bbox 712 5381 871 5452; x_wconf 88' lang='lat' dir='ltr'><strong>unquam</strong></span> <span class='ocrx_word' id='word_1_593' title='bbox 896 5366 1147 5455; x_wconf 88' lang='lat' dir='ltr'><strong>superstitione</strong></span> <span class='ocrx_word' id='word_1_594' title='bbox 1199 5363 1433 5452; x_wconf 88' lang='lat' dir='ltr'><strong>ingenuarum</strong></span> <span class='ocrx_word' id='word_1_595' title='bbox 1458 5365 1589 5434; x_wconf 85' lang='lat' dir='ltr'><strong>artium</strong></span> <span class='ocrx_word' id='word_1_596' title='bbox 1609 5364 1756 5448; x_wconf 90' lang='lat' dir='ltr'><strong>studiis,</strong></span> <span class='ocrx_word' id='word_1_597' title='bbox 1782 5390 1863 5435; x_wconf 92' lang='lat' dir='ltr'><strong>cum</strong></span> <span class='ocrx_word' id='word_1_598' title='bbox 1883 5364 2114 5455; x_wconf 90' lang='lat' dir='ltr'><strong>Musis,·hoc</strong></span> <span class='ocrx_word' id='word_1_599' title='bbox 2128 5382 2185 5455; x_wconf 84' lang='lat' dir='ltr'><strong>cst,</strong></span> 
     </span>
     <span class='ocr_line' id='line_1_52' title="bbox 153 5457 2183 5565; baseline 0.003 -32"><span class='ocrx_word' id='word_1_600' title='bbox 153 5463 318 5548; x_wconf 90' lang='lat' dir='ltr'><strong>adducti,</strong></span> <span class='ocrx_word' id='word_1_601' title='bbox 343 5457 618 5549; x_wconf 83' lang='lat' dir='ltr'><strong>Magistratuum</strong></span> <span class='ocrx_word' id='word_1_602' title='bbox 633 5459 860 5535; x_wconf 82' lang='lat' dir='ltr'><strong>autoritatem</strong></span> <span class='ocrx_word' id='word_1_603' title='bbox 874 5463 1032 5539; x_wconf 80' lang='lat' dir='ltr'><strong>laedatis.</strong></span> <span class='ocrx_word' id='word_1_604' title='bbox 1080 5464 1145 5538; x_wconf 89' lang='lat' dir='ltr'><strong>llla</strong></span> <span class='ocrx_word' id='word_1_605' title='bbox 1197 5489 1277 5537; x_wconf 92' lang='lat' dir='ltr'><strong>cum</strong></span> <span class='ocrx_word' id='word_1_606' title='bbox 1291 5461 1512 5538; x_wconf 86' lang='lat' dir='ltr'><strong>humanitate</strong></span> <span class='ocrx_word' id='word_1_607' title='bbox 1524 5465 1776 5539; x_wconf 90' lang='lat' dir='ltr'><strong>commercium</strong></span> <span class='ocrx_word' id='word_1_608' title='bbox 1795 5482 1865 5555; x_wconf 86' lang='lat' dir='ltr'><strong>est,</strong></span> <span class='ocrx_word' id='word_1_609' title='bbox 1890 5471 2023 5565; x_wconf 81' lang='lat' dir='ltr'><strong>quibus</strong></span> <span class='ocrx_word' id='word_1_610' title='bbox 2035 5473 2118 5564; x_wconf 91' lang='lat' dir='ltr'><strong>plus</strong></span> <span class='ocrx_word' id='word_1_611' title='bbox 2133 5493 2183 5545; x_wconf 85' lang='lat' dir='ltr'><strong>ss·</strong></span> 
     </span>
    </p>
   </div>
   <div class='ocr_carea' id='block_1_10' title="bbox 0 0 2351 6020">
    <p class='ocr_par' dir='ltr' id='par_1_18' title="bbox 0 0 2351 6020">
     <span class='ocr_line' id='line_1_53' title="bbox 0 0 2351 6020; baseline 0 0"><span class='ocrx_word' id='word_1_612' title='bbox 0 0 2351 6020; x_wconf 95' lang='lat' dir='ltr'><strong> </strong></span> 
     </span>
    </p>
   </div>
  </div>
 </body>
</html>
