4664 6022
131 306 180 383 91
636 300 796 384 DECL.
830 302 907 379 DE
941 296 1247 380 GRADIBUS
1280 298 1668 377 DlSCENTlUM.
1705 292 1709 317 '
2117 316 2167 390 98

126 476 231 551 conio
250 501 388 549 ornans
401 473 528 550 Deum.
580 474 723 549 Etenim
741 503 820 548 cum
837 477 982 572 qnidam
1000 479 1126 547 admo·
1175 476 1302 545 factam
1326 473 1532 565 deploretis:
1567 472 1700 545 Verum
1729 477 1860 550 interea
1885 487 2023 572 postulo
2045 504 2163 563 tamen

125 596 228 653 neret
243 581 366 652 favere
379 578 494 651 Deum
510 582 670 666 afflictis,
698 582 772 670 ipse
786 580 933 650 subiecit
950 580 1044 649 clara
1062 605 1125 648 vo·
1174 577 1214 645 in
1230 571 1285 644 his
1301 577 1470 667 querelis,
1493 591 1532 645 ut
1548 578 1655 646 oflicii
1672 579 1776 648 etiam
1792 585 1899 652 vestri
1919 596 2164 682 recordemini,

124 706 163 755 ee
184 697 299 776 atque
320 685 445 753 alacri:
477 681 517 752 ld
534 709 617 754 vero
638 678 728 753 mibi
745 696 946 752 constanter
966 685 1010 751 de
1030 681 1124 773 opti·
1173 701 1213 748 ec
1227 678 1356 767 gratias
1380 680 1537 748 reseratis
1553 676 1629 747 Deo
1647 706 1709 769 pro
1728 683 1790 751 illo
1815 689 1957 757 cumulo
1974 693 2163 766 beneficio·
2226 733 2229 737 ·

123 808 181 857 mo
199 784 281 856 Deo
304 810 384 855 meo
407 786 590 877 promitto:
641 782 757 854 Multa
782 784 927 873 insuper
951 798 1123 876 precatus,
1173 804 1270 860 rum,
1297 781 1361 871 qui
1387 781 1449 851 tali
1472 779 1638 871 Principe
1662 784 1764 853 vobis
1782 788 1946 876 contigit,
1977 809 2163 867 etmemo.

123 886 325 960 condonari
345 887 412 956 sibi
431 888 460 956 si
479 912 583 981 quem
600 888 774 957 laesisset:
798 887 933 955 mentio
951 886 1121 955 etiamfa-
1172 883 1261 952 riam
1287 883 1459 952 virtutum
1488 881 1664 974 Principis
1692 887 1821 957 animis
1848 894 1973 963 vestris
2001 896 2164 989 infigatis,

123 1002 175 1061 cta
196 1012 347 1070 eornm,
373 989 503 1081 quibus
526 989 715 1059 videbatur
735 988 931 1073 subiratus,
944 998 995 1057 'ut
1011 988 1121 1057 senti·
1172 984 1401 1076 cogitetisque
1417 983 1500 1076 quid
1520 986 1616 1054 illius
1634 987 1738 1056 etiam
1763 992 1926 1062 manibus
1944 1021 2008 1085 pro
2024 1023 2161 1071 summo

123 1104 201 1163 rent
236 1091 440 1181 depositum
469 1091 592 1160 odium
618 1090 738 1163 fuisse.
797 1088 916 1159 Multa
940 1089 1121 1159 constituit
1171 1086 1293 1155 labore
1309 1102 1342 1156 et
1362 1086 1500 1175 magnis
1513 1089 1711 1173 aerumnis,
1737 1107 1849 1161 restra
1867 1119 1968 1166 cansa
1983 1103 2163 1194 susceptis,
2221 1102 2240 1125 ⁴

126 1191 336 1283 dellepub.
370 1194 485 1285 deque
512 1193 662 1283 privatis
685 1193 811 1277 rebus,
853 1193 977 1282 eodem
1001 1192 1121 1279 vigore
1171 1189 1338 1257 debeatis.
1915 1186 1920 1193 '

130 1293 255 1375 mimi,
291 1317 364 1386 quo
395 1294 434 1389 in
459 1296 591 1385 optima
615 1293 819 1364 valetudine
843 1294 978 1373 luerat,
1012 1316 1120 1386 quae·
1272 1287 1417 1358 Debetis
1441 1301 1557 1358 autem
1574 1283 1642 1358 hoc
1660 1291 1834 1381 primum,
1859 1309 1899 1364 ut
1916 1297 2063 1369 salutem
2084 1306 2163 1374 ani.

126 1399 206 1468 dem
231 1396 309 1488 ipse
333 1395 438 1485 legit,
463 1395 575 1465 multa
596 1395 760 1488 dictavit,
784 1396 902 1464 verbis
927 1409 962 1465 et
975 1409 1119 1464 senten·
1170 1415 1248 1461 mae
1263 1391 1361 1460 illius
1376 1391 1444 1482 piis
1460 1390 1623 1481 precibus
1639 1394 1718 1462 Deo
1737 1401 2006 1482 commendetis,
2033 1406 2162 1476 deinde

123 1499 182 1571 tiis
196 1498 248 1568 ita
263 1497 465 1578 collocatis,
491 1512 531 1568 ut
546 1498 730 1590 pristinam
747 1498 876 1567 mentis
891 1496 1120 1566 acrimoniam
1170 1508 1209 1564 ut
1217 1493 1380 1582 religiose
1396 1493 1547 1584 pareatis
1562 1494 1704 1581 optimis
1717 1493 1963 1588 Principibus,
1986 1504 2047 1596 qui
2057 1500 2163 1578 huius

123 1621 342 1695 agnosceres,
366 1611 545 1692 postremo
558 1624 599 1669 ex
608 1599 780 1670 sententia
792 1599 993 1669 constitutis
1003 1599 1121 1667 omni·
1170 1595 1282 1664 vicem
1297 1596 1471 1677 subeunt,
1497 1607 1533 1663 et
1553 1596 1715 1683 publicae
1738 1599 1861 1668 salutis
1878 1607 2164 1695 tranquillitatis-

123 1700 207 1787 hs,
231 1699 418 1771 lenissimo
437 1723 566 1789 genere
582 1702 705 1772 mortis
722 1701 895 1771 extinctus
914 1714 983 1784 est,
1008 1716 1047 1771 ut
1063 1724 1121 1769 sa·
1170 1721 1239 1789 que
1253 1699 1424 1776 tuendae,
1448 1697 1755 1767 turbulentissimo
1769 1713 1863 1770 statu
1879 1705 1986 1775 totius
1999 1703 2163 1802 Europae

123 1802 169 1877 tis
200 1804 410 1895 adpareret,
444 1815 479 1872 et
505 1803 638 1872 morbis
662 1804 822 1892 corporis
844 1803 939 1871 vires
963 1803 1028 1871 diu
1050 1802 1118 1871 iam
1169 1799 1389 1889 provinciam
1419 1798 1626 1888 suscipiunt.
1691 1797 1794 1869 Hanc
1824 1828 1888 1893 pro
1913 1804 2164 1897 pulcherrimis

123 1904 254 1977 fractas
278 1903 405 1989 luisse,
430 1917 466 1974 et
487 1905 646 1973 animum
671 1904 754 1974 satis
772 1904 1044 1996 obsequentem,
1068 1905 1120 1973 fa-
1170 1900 1306 1969 mcritis
1334 1898 1508 1969 Friderici
1534 1923 1657 1999 manes
1687 1904 1835 1989 gratiam
1870 1908 2025 1978 debitam
2058 1937 2163 2005 repo.
2287 1906 2290 1911 ’

123 2006 302 2099 cilemque
324 2007 369 2076 ad
395 2000 492 2075 hunc
515 2021 708 2076 extremum
735 2019 851 2077 actum
873 2007 1014 2074 fabulae
1037 2029 1121 2075 suae
1170 2014 1289 2081 scunt,
1322 2024 1428 2093 quam
1452 2000 1521 2068 nisi
1546 2001 1641 2090 large
1668 2007 1932 2094 praestiteritis,
1965 2014 2162 2104 suscipietis

123 2108 321 2181 mentae.
372 2105 527 2196 Magnus
539 2108 685 2200 quidam
700 2107 860 2176 virinter
871 2104 1122 2178 Graecosscri-
1171 2126 1246 2171 non
1270 2102 1464 2192 simplicem
1488 2103 1660 2192 culpam'
1701 2103 1783 2174 Non
1806 2109 1900 2176 enim
1927 2112 2058 2203 ingrati
2082 2132 2162 2187 tan-

123 2208 218 2305 psit,
243 2204 516 2301 Philosophiam
539 2209 664 2279 mortis
688 2209 1020 2278 commentationem
1039 2232 1121 2293 esse,
1172 2219 1247 2275 tum
1278 2204 1445 2272 adversus
1478 2203 1763 2276 benemerentem
1800 2206 2020 2284 Fridericum
2055 2220 2164 2306 eritis,

123 2323 300 2407 putetque
330 2310 369 2378 in
398 2335 440 2380 eo
468 2334 641 2380 summam
664 2334 736 2380 esse
760 2310 988 2402 sapientiam,
1023 2311 1051 2381 si
1077 2312 1119 2380 ad
1170 2307 1231 2375 sed
1247 2305 1348 2397 impii
1364 2305 1468 2374 etiam
1483 2305 1521 2372 in
1537 2304 1651 2374 Deum
1668 2321 1702 2376 et
1723 2322 1881 2378 autorem
1899 2314 2162 2403 beneficiorum,

125 2427 279 2485 mortem
304 2412 507 2482 obeundam
533 2413 623 2483 bene
645 2427 868 2503 comparatus
890 2413 1120 2483 assuefactus·
1172 2432 1262 2501 quae
1298 2408 1396 2476 illius
1424 2406 1573 2496 imperio
1601 2409 1783 2500 accepistis
1809 2424 1843 2482 et
1874 2417 2051 2505 auspicem
2075 2426 2161 2491 novi

126 2514 334 2611 qnel'uerit.
386 2512 455 2585 Sed
474 2538 555 2584 erim
571 2526 654 2607 puta
671 2526 765 2583 recte
782 2515 1032 2595 assuefactum,
1060 2513 1122 2607 qui
1172 2509 1328 2600 imperii.
1377 2506 1450 2578 Nec
1467 2509 1534 2577 erit
1548 2508 1694 2598 impune
1710 2512 1964 2601 ingratitudine
1977 2516 2092 2589 Deum
2108 2525 2164 2592 ol-

127 2618 172 2688 ad
185 2612 325 2688 Christi
346 2615 567 2707 exemplum,
591 2612 777 2704 Evangelii
800 2640 902 2685 causa
928 2617 1039 2686 multa
1065 2631 1122 2685 tu·
1171 2613 1327 2686 lendere.
1385 2608 1517 2678 Precor
1537 2623 1654 2678 autem
1680 2610 1815 2698 Deum,
1841 2614 2068 2692 utFriderici
2085 2628 2165 2694 ani-

127 2718 223 2794 lerit.
281 2715 352 2787 Hic
373 2742 458 2787 vero
481 2733 602 2788 noster
623 2741 732 2810 qnam
755 2717 852 2787 varie
876 2734 1060 2811 quassatus
1082 2742 1122 2786 ac
1172 2738 1264 2783 mam
1279 2736 1344 2805 pro
1359 2735 1420 2781 sua
1437 2712 1677 2781 misericordia
1689 2729 1803 2784 servet
1818 2741 1857 2785 ac
1875 2730 2035 2807 tueatur,
2059 2727 2162 2795 deiu-

127 2833 274 2891 vexatus
303 2834 355 2889 est
383 2843 496 2889 annos
525 2820 596 2890 iam
624 2819 761 2912 aliquot
788 2819 971 2909 religionis
996 2820 1124 2889 causa?
1172 2818 1236 2900 de,
1262 2828 1308 2884 ut
1332 2838 1465 2883 novum
1484 2808 1754 2898 hocimperium
1780 2818 1898 2886 fratris
1921 2822 2095 2913 lortunet,
2127 2846 2162 2899 et

130 2920 231 3012 Quae
260 2921 389 2992 mortis
419 2935 454 2990 et
484 2921 582 2992 exitii
607 2917 820 2990 simulachra
842 2922 977 2993 interea
1001 2922 1122 2991 animo
1172 2913 1229 2986 his
1251 2915 1390 2984 miseris
1414 2915 1633 3004 temporibus
1657 2913 1719 2984 bas
1741 2920 1900 3007 regiones
1924 2940 2163 3017 protegat„et

132 3024 313 3093 obversata
341 3024 451 3093 sunt?
483 3038 524 3094 ut
544 3046 681 3114 sperem
705 3023 841 3092 venisse
863 3026 1122 3115 aduextremam
1174 3020 1276 3088 vobis
1297 3030 1449 3085 mentem
1476 3018 1553 3096 det,
1579 3020 1739 3106 publicae
1757 3024 2024 3116 tranquillitatis
2041 3053 2165 3101 aman-

129 3119 221 3195 lmnc
246 3148 403 3217 pugnam
429 3125 700 3216 paratissimum.
761 3123 868 3212 Quod
893 3149 973 3196 cum
999 3129 1045 3195 ita
1068 3127 1123 3208 sit,
1174 3135 1263 3205 tem,
1296 3131 1335 3188 nt
1358 3117 1541 3208 Principes
1562 3134 1715 3204 vestros,
1748 3128 2045 3212 queamdmodum
2071 3135 2164 3202 divi·
2253 3166 2262 3183 ·

128 3241 161 3299 et
182 3250 270 3298 cum
291 3227 354 3296 ille
369 3230 555 3299 commode
571 3223 663 3295 banc
678 3225 916 3296 calamitosam
933 3227 1042 3297 vitam
1061 3230 1124 3294 de·
1173 3224 1270 3292 nitus
1293 3233 1534 3311 praeceptum,
1562 3242 1698 3290 summa
1722 3222 1790 3290 fide
1812 3226 2052 3323 religioneque
2070 3236 2165 3306 cola·

127 3329 310 3422 posuerit,
334 3329 555 3418 gratulemur
570 3327 600 3394 τ’
617 3327 734 3435 aptius
748 3327 857 3397 talem
872 3327 964 3397 vitae
977 3329 1122 3407 exitum,
1174 3326 1230 3397 tis.
1281 3320 1378 3410 Dixi.

129 3431 168 3500 in
183 3455 260 3525 quo
275 3443 347 3502 tam
362 3430 475 3501 multa
490 3430 589 3518 signa
605 3415 742 3513 ertlnt,
767 3442 808 3497 ut
822 3428 1123 3498 immortalitatem

132 3536 303 3624 adeptus,
336 3556 412 3601 non
440 3531 597 3601 amisisse
626 3531 759 3616 vitam,
791 3530 920 3601 merito
942 3530 1037 3600 credi
1061 3531 1123 3599 de·
1179 3556 2165 3587 -···-·-·-·-·--·-------—-----.

133 3635 226 3706 beat.
278 3628 326 3705 Et
343 3657 425 3704 cum
440 3633 516 3724 ipse
531 3656 643 3726 aequo
660 3633 780 3711 animo
797 3632 992 3702 discesserit
1007 3656 1026 3701 e
1042 3633 1124 3717 vita,
1183 3700 1187 3709 ,

131 3738 287 3808 feramus
308 3735 375 3826 ipsi
395 3735 500 3806 etiam
522 3736 697 3827 patienter
719 3734 935 3804 voluntatem
959 3733 1046 3819 Dei,
1071 3747 1124 3802 at·
1173 3732 1242 3809 No.
1259 3734 1318 3810 10.
1994 3773 2042 3818 sn.
2061 3757 2153 3823 1525⁸

133 3862 201 3933 que
216 3851 382 3929 optemus
395 3836 531 3928 potius,
554 3850 594 3906 ut
608 3836 718 3906 simili
735 3836 861 3907 mortis
875 3859 1019 3925 genere,
1043 3860 1124 3905 cum
1175 3833 1303 3859 Μ’
1986 3842 2159 3876 Μ

133 3932 218 4009 binc
240 3939 484 4025 evocabimur,
510 3940 756 4028 defatigamur.
806 3936 983 4009 Foelicem
1005 3937 1126 4006 existi·
1345 3937 1421 4022 De
1452 3939 1678 4051 gradibug
1713 3942 1996 4035 dipcenpgum·

134 4064 272 4114 memus
302 4040 525 4111 Fridericum
555 4042 681 4124 fuisse,
724 4041 763 4108 in
794 4039 894 4108 cuius
926 4040 997 4107 vita
1028 4053 1124 4107 tanta

135 4143 243 4215 luerit
266 4142 499 4237 aequabilitas
521 4144 702 4226 fortunae,
735 4141 868 4234 quique
892 4142 990 4209 illam
1014 4141 1125 4209 animi
1244 4098 1356 4223 Pr‘qdqt
1375 4100 1851 4237 pqqqqurqgssqteiqefflpwqqqsq·
1867 4105 1939 4244 lidi.)
1948 4126 2078 4236 ’editicii
2089 4119 2167 4242 §prqd

136 4246 188 4317 tui
210 4246 393 4316 lenitatem
414 4244 766 4336 moderationemque
788 4244 831 4310 ad
855 4258 1049 4312 extremum
1066 4267 1120 4310 us-
1276 4235 1309 4292 T·
1325 4237 1347 4295 ¹·
1366 4256 1392 4308 Ρ·
1407 4239 1483 4298 ⁴¹⁷··
1507 4236 1636 4292 Rietmd.
1654 4235 1689 4294 T·
1706 4238 1729 4292 Ι·
1748 4257 1776 4310 p.
1792 4239 1851 4297 ¹³⁰·
2019 4219 2027 4248 ³
2159 4228 2166 4243 ⁸

138 4372 204 4443 qne
232 4347 399 4440 spiritum
430 4345 627 4416 retinuerit.
688 4345 815 4414 Pacem
846 4346 976 4412 dedere
1006 4343 1122 4434 superi

137 4473 365 4542 peromnem
388 4449 519 4532 vitam,
544 4470 645 4517 niens
666 4447 814 4535 contigit
836 4470 924 4538 quae
948 4459 978 4514 et
1004 4446 1041 4513 in
1067 4469 1125 4533 ge-

139 4555 244 4622 renda
259 4550 397 4643 Repub.
413 4550 496 4643 quia
511 4563 584 4619 tuta
601 4571 740 4637 semper
755 4548 901 4616 consilia
915 4548 1009 4617 bello
1027 4572 1126 4636 prae·
1177 4535 1303 4620 Notus
1325 4560 1377 4616 est
1398 4543 1509 4616 Ennii
1533 4548 1726 4618 versiculus
1749 4550 1792 4618 dc
1818 4554 1993 4623 veteribus
2010 4559 2170 4631 moribus

139 4654 288 4737 lerebat,
322 4676 500 4746 nusquam
523 4675 542 4720 a
568 4652 710 4720 fortuna
736 4650 902 4719 destituta
928 4662 997 4734 est,
1031 4651 1127 4718 etin
1179 4650 1447 4720 conservandis:

141 4756 285 4847 privatis
317 4755 423 4824 rebus
452 4753 571 4847 siquid
602 4752 739 4821 adversi
769 4752 857 4836 full,
890 4764 930 4821 ul
953 4764 1038 4821 sunl
1059 4745 1130 4819 ltu·
1281 4756 1417 4820 Moribus
1432 4760 1563 4840 antiquis
1577 4779 1623 4818 res
1638 4771 1695 4820 stet
1708 4755 1847 4822 Romans
1866 4765 2006 4846 virisque.

141 4879 261 4943 mana,
304 4856 548 4926 moderatione
584 4852 697 4923 animi
732 4854 999 4947 constantiaque
1036 4853 1131 4923 vicit·
1183 4855 1279 4925 ldem
1296 4854 1451 4946 prolecto
1467 4853 1734 4922 inreliteraria
1758 4857 1967 4946 praestiterit
1983 4863 2117 4929 servari
2133 4863 2172 4931 in

142 4955 205 5031 llic
217 4959 275 5029 illi
290 4960 381 5027 vitae
396 4980 520 5030 cursus
533 4957 601 5025 fuit
616 4978 778 5039 securus,
799 4969 833 5024 et
846 4956 970 5039 loelix,
991 4956 1130 5048 qualem
1181 4956 1351 5026 iaciendis
1370 4954 1537 5043 gradibus
1561 4955 1790 5040 discentium,
1818 4957 1879 5050 qui
1903 4984 1974 5029 sion
2002 4963 2171 5033 mediocri

143 5075 261 5154 optare
285 5061 354 5129 sibi
378 5060 440 5128 alii
464 5057 646 5151 Principes
665 5058 792 5126 merito
814 5057 976 5129 debeant.
1036 5053 1132 5146 Aga·
1183 5058 1372 5151 prudentia
1388 5080 1408 5123 a
1423 5054 1618 5124 maioribus
1640 5057 1811 5141 instituti,
1835 5084 1930 5129 nctnc
1946 5087 2065 5133 errore
2083 5090 2173 5157 quo·

145 5186 217 5234 mus
242 5165 361 5254 itaque
384 5161 511 5252 gratias
525 5158 620 5246 Deo,
644 5160 706 5252 qui
728 5159 781 5226 illi
805 5170 909 5227 autor
924 5170 1041 5228 tantae
1057 5161 1131 5226 foe·
1183 5163 1263 5229 dam
1285 5154 1491 5240 bominum,
1525 5156 1587 5249 qui
1611 5158 1778 5228 videntur
1804 5162 2021 5252 conspirasse
2045 5169 2087 5233 ad
2109 5168 2173 5234 ab·

146 5263 284 5338 licitatis
306 5265 391 5348 fuit,
424 5263 556 5355 quique
581 5260 1130 5350 regionibusnostristamsaln-
1183 5263 1331 5332 olendos
1356 5258 1462 5327 semel
1486 5282 1609 5326 omnes
1641 5250 1773 5328 vetere's
1796 5285 1929 5344 mores,
1968 5265 2174 5334 delendam-

147 5378 266 5453 tsrem,
291 5381 433 5458 tamque
448 5366 608 5434 foelicem
624 5362 825 5454 Principem
842 5361 1003 5431 donavit.
1050 5359 1132 5430 Non
1184 5389 1252 5458 que
1285 5361 1486 5432 universam
1523 5359 1662 5427 civilem
1697 5362 1943 5452 disciplinam,
1984 5356 2186 5458 antiquam

151 5468 254 5539 debeo
269 5464 470 5560 probibere,
492 5491 537 5535 ne
550 5466 721 5551 iacturam
737 5463 915 5557 publicam
927 5457 1132 5532 bocamisso
1185 5481 1256 5540 tur.
1306 5462 1430 5557 Neque
1446 5483 1509 5552 ego
1527 5485 1623 5530 nune
1639 5477 1839 5553 suggestum
1855 5468 2044 5535 conscendi
2061 5469 2176 5559 digh-

193 5576 372 5641 llrcura.
399 5573 504 5640 Orsa.
530 5560 614 5640 Vos.
642 5570 708 5638 xl.
1230 5602 1235 5609 ’
1538 5560 1563 5630 7

1228 4399 1288 4467 Dc
1309 4394 1488 4492 gradibus
1512 4396 1736 4469 discentium
1761 4405 1885 4474 oratio
1910 4402 2007 4478 Pte.
2029 4411 2118 4480 Met.
