4664 6022
164 245 243 322 809
649 243 812 325 DECL.
862 242 939 324 DE
971 241 1304 367 rumsutco
1336 242 1743 331 BARBAROSSA.
2141 268 2219 344 ⁸10

159 443 241 495 „ou
262 432 426 515 pomp,
452 419 528 515 59⁸0
548 420 589 492 in
610 420 685 492 acie
709 421 807 493 inm·
828 421 1080 514 ,aurigarum
1095 447 1166 518 pu.
1217 419 1352 491 bellum
1394 422 1655 514 potentissimas
1688 451 1845 526 quasque
1882 431 2005 510 ltaliae
2043 441 2210 519 civitates.

158 546 293 617 gnare,
318 524 358 594 in
371 514 699 619 oppugnationibus
723 524 863 618 primm
879 528 1070 598 ascendere
1084 552 1164 598 mu·
1218 518 1430 611 Queruntur
1451 526 1520 596 sibi
1548 528 1604 598 ius
1625 537 1851 625 quarundam
1879 537 2062 613 civitatum
2086 547 2210 621 adem·

159 649 240 713 ros,
272 625 428 722 denique
458 626 751 721 praestantissimi
772 626 883 700 Ducis
914 641 950 700 et
977 629 1163 701 fortissimi
1215 637 1316 718 ptum
1334 649 1418 699 esse.
1472 626 1671 702 Hortautur
1687 647 1726 706 ut
1743 638 1993 711 communibus
2009 647 2121 739 copiis
2136 646 2208 725 lta-

157 729 289 800 militis
302 752 409 822 opera
430 729 551 801 omnia
565 729 668 801 obire
683 730 831 804 solebat.
884 728 1008 825 ltaque
1024 755 1162 824 semper
1214 726 1283 797 liae
1299 727 1446 800 libertas
1461 730 1684 811 defendatur.
1735 733 1832 809 Haec
1854 742 2001 817 fuerunt
2020 752 2205 842 asperrimi

156 831 315 903 maxima
329 831 509 904 celeritate
522 831 682 923 ingentia
694 833 789 904 bella
804 834 966 905 coniecit.
997 829 1159 904 Primum
1212 841 1247 899 et
1268 829 1432 902 diuturni
1462 834 1549 903 belli
1576 833 1689 907 initia.
1748 837 1840 913 Cum
1860 859 1977 916 autem
2002 846 2205 927 Fridericus

156 934 299 1006 bellum
320 958 402 1005 cum
416 933 530 1006 Danis
550 935 677 1025 gessit,
704 934 806 1007 cuius
823 934 937 1027 gentis
960 934 1047 1005 olim
1068 960 1159 1030 quo-
1213 928 1426 1023 intelligeret
1450 932 1589 1005 ltaliam
1616 953 1725 1010 totam
1751 941 1788 1011 in
1811 947 1918 1017 armis
1940 971 2031 1035 esse,
2064 976 2202 1031 summa

156 1060 228 1133 que
254 1058 432 1107 summam
453 1037 702 1109 tortitudinem
723 1037 849 1122 fuisse,
871 1034 1039 1108 historiae
1060 1035 1159 1108 Cim·
1209 1034 1386 1105 celeritate
1400 1038 1592 1108 exercitum
1610 1040 1647 1109 in
1665 1039 1801 1114 ltaliam
1818 1048 1925 1121 ducit.
1973 1048 2132 1128 Historia
2147 1076 2200 1134 est

156 1139 309 1211 brorum
334 1152 526 1224 testantur,
553 1140 613 1234 qui
631 1163 738 1234 quam
761 1139 1005 1209 formidabiles
1022 1139 1155 1210 fuerint
1207 1134 1367 1226 longior,
1392 1163 1497 1232 quam
1522 1153 1561 1211 ut
1587 1142 1624 1211 in
1650 1144 1906 1218 declamatione
1928 1161 2101 1228 recenseri
2125 1173 2199 1233 tota

158 1240 240 1313 arbi
255 1237 409 1326 Romae,
435 1242 572 1336 quoties
588 1242 844 1313 trucidaverint
858 1239 1041 1314 Romanos
1057 1266 1154 1312 exer·
1208 1240 1328 1328 possit.
1362 1240 1430 1311 Sed
1448 1266 1630 1333 excerpam
1648 1250 1819 1340 quaedam
1836 1253 1944 1333 fercla,
1971 1280 2061 1349 qrrae
2079 1277 2199 1333 osten-

156 1343 269 1423 ritus,
295 1368 370 1413 non
389 1344 569 1435 ignoratis.
621 1341 740 1414 Hodie
756 1344 861 1415 etiam
880 1358 977 1415 tauta
996 1340 1153 1415 Danicae
1206 1342 1296 1409 dunt
1311 1354 1344 1411 et
1362 1358 1493 1435 quanta
1507 1344 1616 1414 animi
1639 1349 1884 1438 magnitudine
1901 1355 2005 1426 leserit
2026 1360 2099 1451 ipse
2114 1363 2196 1435 Fri·

154 1445 272 1537 geutis
287 1445 479 1531 tortitudo,
503 1459 625 1517 tantus
641 1469 725 1516 usus
744 1446 892 1516 militiae
907 1460 975 1531 est,
1001 1458 1042 1517 ut
1058 1441 1151 1516 nihil
1205 1442 1358 1533 derisus,
1375 1456 1409 1515 et
1418 1459 1569 1539 quantos
1586 1463 1843 1546 motusquanta
1859 1457 2034 1530 celeritate
2048 1488 2196 1555 oppres.

154 1549 388 1639 degenerasse
417 1573 438 1618 a
465 1544 621 1619 Cimbris
653 1549 725 1617 illis
749 1548 926 1618 veteribus
953 1549 1152 1625 videantur.
1203 1544 1302 1615 serit.
1354 1544 1435 1617 ltali
1461 1548 1652 1621 exercitum
1685 1551 1722 1621 in
1746 1554 1916 1627 ulteriore
1945 1562 2020 1651 ripa
2044 1561 2196 1640 Abduae

153 1644 1070 1741 OccupaveruntDaniLubccam‚etexercitustoto
1088 1650 1149 1720 illo
1202 1638 1398 1734 habebant,
1431 1645 1633 1722 Germanus
1655 1652 1693 1722 in
1718 1655 1895 1731 citeriore·
1946 1658 2108 1761 Cumque
2134 1694 2194 1741 ar-

152 1750 278 1823 litture
294 1745 470 1823 habehant
486 1753 715 1826 firmissimos.
764 1751 833 1824 Sed
849 1751 1148 1823 Fridericuscum
1201 1748 1421 1820 bitrarentur
1438 1749 1516 1822 ltali
1541 1777 1576 1822 se
1599 1767 1693 1826 tutos
1709 1780 1782 1827 esse
1798 1776 1943 1852 propter
1963 1766 2116 1851 flumen,
2140 1774 2192 1843 le-

152 1854 331 1924 iudicaret
343 1855 570 1925 utilissimum
588 1879 674 1938 esse,
702 1854 856 1944 primum
876 1877 996 1925 rursus
1014 1856 1149 1946 eripere
1200 1850 1329 1921 rociter
1344 1868 1538 1944 provocant
1556 1851 1774 1929 Germanos:
1808 1862 1847 1931 iu
1865 1864 1980 1955 ipsum
1998 1869 2102 1940 etiam
2121 1871 2192 1944 lm-

151 1951 320 2027 hostibus
337 1957 442 2037 belli,
467 1980 583 2025 arcem
600 1980 639 2026 ac
662 1973 836 2046 receptam
852 1953 1028 2027 Lubecam
1052 1956 1148 2027 obsi·
1200 1966 1396 2044 peratorem
1413 1957 1567 2028 convitia
1584 1961 1835 2052 superbissime
1854 1966 1989 2043 dicunt.
2029 1967 2106 2043 Etsi
2120 1976 2191 2047 flu-

150 2057 263 2128 dione
290 2057 421 2143 cinxit,
452 2082 597 2150 sperans
623 2059 717 2143 fore,
750 2073 790 2129 ut
816 2052 932 2128 hostes
962 2058 1147 2129 liberaturi
1200 2078 1282 2124 men
1306 2055 1539 2144 intumuerat,
1565 2076 1606 2131 ut
1629 2063 1741 2131 traiici
1758 2068 2018 2141 exercitussinc
2033 2076 2188 2163 periculo

151 2160 281 2230 urbem
298 2160 479 2252 periculo,
505 2160 689 2253 pugnandi
707 2160 1028 2252 copiamlacerent.
1071 2158 1146 2234 Nec
1198 2179 1272 2227 nou
1287 2172 1423 2251 posset,
1449 2173 1566 2230 tamen
1584 2159 1785 2234 Fridericus
1801 2168 1988 2261 impatiens
2005 2190 2189 2250 contume-

150 2260 280 2333 tetetttr
303 2262 531 2335 Fridericum
562 2257 629 2333 hoc
660 2263 860 2337 consilium.
919 2260 1043 2356 ltaque
1065 2287 1145 2332 rum
1197 2258 1284 2340 liae,
1321 2261 1503 2331 traducere
1532 2265 1729 2335 exercitum·
1753 2271 1903 2341 asseruit
1929 2288 1965 2344 et
1987 2274 2129 2349 flumini
2150 2307 2188 2353 se

146 2364 292 2459 aliquot
313 2364 475 2456 praeliis,
499 2390 589 2459 quae
611 2365 745 2435 interea
763 2367 847 2434 drrm
864 2366 989 2435 urbem
1006 2364 1145 2436 obsidet
1196 2360 1333 2452 primus
1363 2364 1562 2440 committit.
1628 2362 1840 2459 Exemplum
1873 2373 2099 2465 imperatoris
2129 2406 2186 2453 se-

148 2466 474 2553 commissariatus,
499 2467 661 2560 superior
676 2466 815 2550 luisset,
841 2481 978 2559 recepta
993 2463 1145 2551 Luheca,
1196 2477 1358 2555 quuntur
1376 2464 1528 2554 primum
1544 2467 1691 2561 equites,
1718 2471 1849 2541 deiude
1863 2489 1897 2545 et
1912 2476 2082 2569 legiones3
2112 2509 2186 2556 uon

147 2568 363 2641 eumnollet
380 2569 554 2662 implicari
569 2570 740 2648 diuturno
755 2569 859 2653 bello,
883 2568 1088 2659 praesertim
1106 2568 1143 2636 iu
1196 2567 1404 2635 struuieruut
1433 2565 1511 2636 ltali
1536 2585 1664 2652 castra,
1702 2596 1776 2640 uon
1799 2574 2042 2653 instruxerunt
2063 2586 2184 2667 aciem,

145 2668 222 2741 illis
237 2670 347 2752 locis,
373 2690 407 2743 et
419 2685 558 2761 gentem
575 2672 804 2742 fortissimam
819 2672 885 2740 sibi
904 2670 1094 2741 conciliare
1109 2687 1144 2741 et
1196 2666 1277 2759 quia
1296 2667 1373 2735 lor-0
1391 2692 1427 2736 se
1443 2683 1541 2740 littus
1556 2674 1630 2741 lore
1647 2688 1864 2763 putaverant.
1902 2678 1953 2750 lta
1972 2682 2009 2751 in
2031 2684 2185 2778 impara-

142 2772 346 2861 adiungere
359 2774 463 2845 certis
479 2773 745 2844 conditionibus
759 2774 900 2859 mallet,
925 2773 1027 2843 sacile
1048 2772 1144 2842 obti-
1194 2781 1248 2837 tos
1264 2769 1382 2839 subito
1401 2770 1481 2839 facit
1501 2772 1671 2869 impetum
1687 2772 1907 2865 Fridericus,
1927 2796 1961 2853 et
1977 2796 2089 2856 totum
2111 2787 2185 2860 lta.

142 2874 230 2947 nuit
244 2875 434 2946 autoritate
446 2899 521 2955 stra,
543 2890 583 2947 ut
599 2873 678 2948 Res
690 2873 848 2945 Danicus
864 2878 907 2945 ad
922 2899 959 2944 se
974 2875 1013 2943 iu
1029 2892 1144 2946 castra
1195 2869 1302 2938 licum
1318 2873 1506 2942 exercitum
1521 2874 1614 2946 ludit
1628 2890 1659 2946 et
1678 2878 1786 2967 lugat.
1833 2877 1930 2953 Herae
1946 2908 2018 2957 una
2036 2888 2183 2965 victoria

146 2976 308 3060 reniret,
333 2978 378 3047 de
393 3002 476 3069 pace
489 2978 740 3051 collocuturus.
793 2973 848 3046 lbi
867 2977 1011 3065 exponit
1027 2973 1143 3069 lmpe-
1194 2975 1449 3064 propemodum
1472 2976 1579 3059 totius
1608 2976 1726 3046 ltaliae
1748 2985 2000 3073 possessionem
2028 2987 2185 3082 impera·

143 3092 247 3151 rator
268 3100 308 3149 se
329 3080 463 3150 bellum
486 3080 696 3172 suscepisse,
723 3102 797 3147 uon
815 3092 852 3150 ut
868 3079 984 3149 aliena
1000 3094 1142 3171 appete-
1194 3075 1262 3144 tori
1297 3075 1466 3160 restituit3
1518 3103 1598 3148 nam
1635 3075 1796 3152 hostibus
1830 3089 2014 3177 repressis,
2054 3094 2182 3167 multas

143 3196 223 3267 ret,
249 3183 374 3255 sethut
396 3181 483 3254 hstes
505 3204 589 3252 suos
606 3194 782 3252 tueretur:
806 3180 902 3250 idem
927 3182 958 3249 si
972 3179 1066 3251 Dani
1088 3180 1142 3249 sa·
1194 3176 1323 3244 deinde
1343 3177 1721 3271 civitatesoccupavil,
1752 3185 2122 3287 sociosconlirmavit,
2150 3211 2185 3270 et

144 3298 273 3355 terent
287 3308 328 3353 ac
345 3306 409 3354 suo
426 3308 535 3374 reguo
550 3283 708 3355 conteuti
723 3296 858 3365 essent,
882 3304 920 3351 se
935 3306 1008 3351 uon
1024 3281 1140 3379 solum
1193 3277 1367 3368 praesidia
1389 3278 1492 3348 certis
1511 3282 1653 3372 oppidis
1678 3284 1856 3375 imposuit.
1916 3287 2003 3363 Erat
2026 3294 2095 3364 iam
2116 3300 2181 3368 de·

149 3408 275 3476 pacem
296 3387 447 3456 cumeis
469 3388 645 3456 loctunam
667 3407 759 3469 esse,
790 3385 851 3453 sed
873 3408 996 3453 eorum
1017 3382 1141 3452 aurici·
1193 3379 1382 3465 bellatum,
1415 3380 1486 3449 uisi
1511 3383 1781 3454 ecclesiasticum
1804 3383 1954 3461 schisma
1976 3417 2099 3466 rursus
2123 3400 2182 3468 in·

147 3486 240 3557 tiam
262 3486 365 3559 etiarn
388 3502 565 3579 expetere,
592 3487 676 3581 quia
700 3486 833 3557 invitus
848 3486 982 3556 bellum
1004 3496 1141 3577 gereret
1190 3481 1401 3550 ssumm³⁸⁸el
1426 3475 1494 3550 boc
1526 3483 1671 3557 bellum·
1732 3481 1869 3558 Romae
1892 3493 1965 3562 duo
1990 3492 2180 3571 Pontifices

142 3612 232 3659 eum
245 3612 284 3659 ea
301 3590 458 3674 natione,
480 3615 587 3683 quam
602 3588 775 3661 iudicaret
788 3602 972 3678 cognatam
989 3584 1141 3658 Germa-
1190 3581 1298 3652 creati
1314 3595 1433 3667 eraut,
1458 3608 1610 3677 quorum
1635 3586 1724 3657 alter
1739 3586 1958 3681 Alexander,
1983 3594 2179 3689 imperato·

142 3691 261 3765 nicae.
295 3692 388 3764 Daui
405 3717 478 3761 non
497 3707 570 3763 tam
586 3691 686 3761 lracti
704 3690 823 3775 armis,
843 3689 923 3784 (etsi
942 3687 1142 3782 Imperator
1190 3709 1265 3756 rem
1280 3681 1504 3756 anathemate
1517 3702 1715 3774 execratur,
1747 3706 1930 3782 propterea
1947 3700 2044 3791 quod
2063 3698 2180 3795 impe-

141 3817 222 3863 uon
237 3795 354 3864 solum
378 3795 564 3886 prudentia
586 3807 620 3864 et
634 3793 846 3864 fortitudine
864 3792 1053 3882 singulari,
1077 3792 1138 3860 sed
1190 3801 1287 3858 rator
1302 3787 1483 3857 videretur
1497 3788 1598 3858 alteri
1614 3794 1725 3881 magis
1738 3792 1865 3865 lavere.
1911 3796 2076 3873 Incendit
2090 3799 2178 3877 Ale-

140 3896 255 3968 etiam
289 3921 417 3985 rnagns
450 3896 639 3967 rusticitate
673 3895 808 3965 bellum
845 3895 935 3964 illud
968 3889 1138 3988 gesserat)
1190 3890 1325 3959 xauder
1345 3890 1546 3959 universam
1567 3889 1726 3979 ltaliam,
1754 3918 1793 3964 ae
1810 3898 1995 3990 praecipue
2012 3900 2178 3995 Venetos,

141 3986 380 4093 quam‘capti
412 3999 552 4070 iusticia
585 4012 620 4067 et
652 3991 873 4067 humanitate
900 3994 1140 4087 lmperatoris,
1189 3993 1359 4061 adversus
1374 3988 1608 4065 Fridericum.
1647 3994 1794 4086 Semper
1808 3999 1954 4071 ambitio
1972 4006 2178 4094 pontificum

120 4100 244 4193 ,pacis
260 4101 484 4171 conditiones
500 4099 689 4190 accipiunt.
743 4097 793 4170 lta
814 4098 944 4168 bellum
967 4098 1092 4190 ingens
1106 4111 1139 4167 et
1190 4108 1225 4163 et
1256 4092 1426 4163 ordinum
1461 4093 1775 4167 ecclesiasticorum
1808 4098 1965 4190 ingeni&
2004 4109 2177 4182 tumultus

143 4203 387 4295 periculosum
411 4227 486 4274 non
508 4202 625 4272 solum
650 4200 775 4286 armis,
802 4200 990 4270 sedetiam
1016 4199 1140 4293 aequi·
1190 4196 1336 4287 peperit.
1386 4192 1470 4266 Nou
1486 4194 1612 4266 leviter
1623 4211 1740 4267 autem
1764 4200 1866 4271 iuitio
1883 4207 2109 4294 perturbatus
2124 4226 2177 4282 est

141 4305 231 4379 tatis
246 4306 418 4397 opinione
440 4304 590 4375 coniecit
607 4315 642 4375 et
656 4299 792 4393 Regem
814 4300 972 4373 virinum
992 4301 1060 4372 sibi
1077 4302 1139 4369 de·
1190 4294 1392 4367 fridericus
1406 4297 1588 4368 mentione
1604 4293 1848 4388 anathematis,
1871 4306 1994 4378 scribit
2009 4312 2052 4379 ad
2069 4311 2178 4383 colle-

141 4407 298 4485 vinxit„
325 4406 422 4478 Haec
438 4404 578 4496 Regum
599 4405 745 4475 societas
763 4416 868 4498 atque
884 4402 1038 4474 amicitia
1057 4402 1140 4472 diu·
1189 4398 1286 4489 glum
1305 4394 1562 4482 cardinalium,
1587 4414 1627 4471 ut
1642 4425 1699 4472 res
1715 4402 1967 4478 diiudicentur.
2003 4407 2072 4480 Sed
2091 4410 2177 4482 Ale-

141 4524 290 4582 turnum
305 4525 338 4582 et
354 4525 484 4582 certam
498 4532 619 4601 pacem
633 4507 705 4577 illis
723 4507 810 4576 locis
827 4506 972 4599 peperit.
1012 4503 1138 4576 Postea
1190 4502 1322 4570 xander
1337 4511 1428 4570 vetat
1445 4500 1698 4590 cognitionem,
1721 4520 1904 4598 propterea
1920 4510 2015 4602 quod
2031 4506 2177 4587 haberet
2194 4558 2197 4562 ·

142 4613 326 4702 ingressor
343 4613 499 4696 tetiam,
521 4608 659 4683 Romae
682 4610 725 4679 de
746 4633 844 4679 more
863 4621 1052 4679 coronatus
1074 4620 1136 4678 est.
1190 4603 1228 4671 tn
1253 4603 1414 4694 partibus
1436 4603 1605 4673 maiorem
1623 4602 1744 4674 trottae
1765 4622 1899 4698 partem
1924 4621 1958 4678 er
1973 4607 2115 4699 Gallos
2142 4631 2177 4687 et

141 4714 188 4785 ln
205 4739 247 4785 eo
267 4714 392 4784 itinere
410 4713 698 4784 Mediolanenses
721 4735 795 4779 non
815 4724 885 4781 tam
908 4709 1016 4780 armis
1031 4732 1137 4803 quam
1191 4704 1334 4799 nequid
1353 4700 1534 4773 aCaesare
1551 4706 1697 4796 periculi
1713 4720 1812 4792 essct,
1839 4708 1967 4798 recepit
1983 4733 2019 4780 se
2033 4712 2071 4782 in
2087 4712 2179 4787 Gal·-

141 4816 337 4889 autoritate
350 4815 574 4909 compescuit,
598 4815 660 4908 qui
676 4812 868 4905 cupiditate
883 4812 1139 4882 dominationis
1191 4808 1287 4880 liam·
1340 4803 1458 4876 Movit
1481 4800 1567 4876 baec
1594 4809 1806 4878 conlumelfe
1832 4808 1991 4880 fflifflssm
2021 4809 2179 4890 hominis

142 4919 284 4989 vicinas
316 4920 487 5012 quasdam
520 4916 678 4988 civitates
709 4914 841 4985 iniuste
871 4926 1138 5006 occupaverant
1190 4906 1319 4991 Suevi,
1341 4928 1451 5001 qnare
1471 4906 1601 4995 iratus,
1626 4910 1759 4980 bellum
1773 4910 1941 4980 acerrime
1955 4914 2063 5004 gerit,
2085 4923 2180 4990 mul-

141 5024 219 5095 sea
237 5016 324 5093 haee
339 5020 466 5091 lenitas
483 5033 600 5112 postea
620 5017 756 5089 occasio
771 5016 839 5087 luit
862 5014 1016 5107 ingentis
1036 5014 1138 5083 belli:
1189 5023 1245 5080 tos
1260 5005 1414 5079 hostium
1433 5008 1604 5082 exercitus
1620 5012 1723 5084 delet.
1764 5005 1814 5081 Et
1826 5011 1911 5105 quia
1927 5012 2179 5091 Mediolanen-

144 5138 336 5217 postquam
354 5126 550 5214 imperator
564 5123 601 5189 in
610 5118 842 5199 Germaniam
859 5118 976 5202 rediit,
996 5114 1140 5187 Medio-
1189 5112 1281 5182 sium
1298 5109 1507 5203 praecipuae
1520 5110 1662 5183 fueraut
1679 5112 1717 5181 in
1734 5134 1774 5181 ea
1787 5114 2034 5189 coniuratione
2053 5136 2191 5212 partes,

145 5222 747 5316 lunensesimperatorisleuitatem
767 5220 1046 5312 interpretantur
1066 5239 1139 5287 esse
1192 5212 1437 5284 Mediolanum
1474 5211 1509 5280 vi
1540 5226 1680 5307 captum
1710 5210 1856 5305 diripit,
1895 5216 2007 5291 dimit
2038 5245 2077 5290 Μ
2104 5226 2180 5297 ⁸⁰¹⁰

121 5340 359 5398 ·metumaut
375 5324 700 5396 anirrtimolliticm.
752 5320 873 5412 Quare
895 5322 966 5392 ism
982 5322 1140 5411 despon-
1191 5328 1335 5409 aequat;
1368 5311 1504 5406 reliqua
1525 5310 1776 5404 Longobardia
1795 5330 1951 5407 recepta,
1975 5319 2014 5387 iu
2029 5318 2182 5394 Germa·

143 5430 234 5500 deut
256 5428 325 5500 sibi
353 5428 543 5520 imperium
563 5424 853 5516 Longobardiar,
881 5422 1075 5494 sollicitant
1095 5420 1139 5490 ad
1193 5419 1292 5487 uiam
1315 5414 1455 5485 reducit
1469 5416 1688 5586 paucum,
1713 5414 1797 5511 quia
1815 5414 1917 5491 italia
1939 5432 2078 5512 pecata,
2104 5448 2183 5499 cae.
