4672 6016
144 283 218 359 931
704 273 868 358 unct.
901 275 978 356 DE
1009 274 1322 359 noemma
1356 273 1624 368 PHYstcA.
2117 276 2181 354 fit
2224 76 2229 375 i

148 451 340 531 domestica
366 453 525 549 exempla
549 447 807 547 συμπαθείας,
847 453 1002 527 illustria
1030 447 1143 525 habe-
1195 451 1264 527 No.
1284 454 1368 532 119.
2041 476 2094 526 sss.
2108 457 2189 525 titt.

147 558 296 633 musio
329 581 477 651 corpore
504 552 685 644 humano,
723 556 764 627 in
790 561 931 656 στοργῇ
953 571 1141 651 parentum
1202 551 1376 587 *Ν
2036 546 2190 579 '⁸⁸'

149 685 232 753 erga
253 661 435 752 sobolem,
465 671 501 731 et
521 682 600 750 erga
626 672 805 750 cognatos.
864 657 983 750 Quam
1009 659 1145 729 miran-
1415 660 1492 750 Β(
1525 659 1737 749 doctrina
1769 657 1989 776 phygim,
2224 578 2228 807 Ι

151 767 239 836 dum
262 764 389 835 foedus
412 773 464 832 est
486 761 648 832 omnium
675 762 770 833 inter
790 785 863 833 sese
885 764 1146 847 membrorum,
1858 876 1884 903 ·.
1902 835 2046 895 ΒΜ
2060 836 2149 894 m.
2175 841 2195 895 ι

152 864 299 957 capitis,
326 864 462 946 cordis,
484 863 629 944 ventris,
655 862 777 956 epatis,
801 876 837 935 et
850 863 1028 935 aliorum?
1052 886 1146 934 aca-
1268 838 1685 980 ¹⁰§JJ22D-{did'ssr’2lgg'
1701 839 1914 966 {iffiflqm
1936 904 2064 966 mord.
2085 906 2126 965 a
2173 909 2195 973 g

154 969 230 1063 pite
244 968 365 1052 nervi,
390 989 410 1036 a
428 967 535 1037 corde
553 966 701 1037 arteriae
722 979 758 1037 et
782 966 926 1059 spiritus
947 967 986 1036 in
1009 979 1145 1038 caetera
1302 980 1527 1040 minusculum
1540 979 1717 1036 munnae.
2223 956 2228 1087 1

155 1071 314 1140 membra
330 1081 590 1160 propagamur,
610 1092 630 1139 a
646 1067 846 1141 ventriculo
867 1081 901 1139 et
920 1081 1021 1161 epate
1044 1093 1148 1162 prae-

155 1183 303 1266 paratur
319 1170 596 1257 nutrimentum,
622 1185 657 1241 et
670 1172 789 1242 omnia
804 1171 927 1242 multis
943 1171 1096 1241 vinculis
1114 1185 1149 1243 et
1202 1161 1331 1234 0t‘022'0
1348 1155 1398 1233 de
1415 1154 1588 1231 &Omina
1600 1154 1781 1252 Pdftt'ssfls
1811 1158 1997 1229 t'sssst'issifl
2019 1174 2048 1227 ⁰
2067 1152 2197 1229 ΡΜ*

157 1272 282 1345 officiis
306 1295 466 1342 connexa
491 1286 586 1347 sunt.
636 1270 776 1344 Deinde
800 1287 886 1344 sunt
908 1266 1149 1346 ἀντιπάθειαι
1422 1261 1585 1339 Edem·
1634 1265 1682 1346 (d
1697 1264 1753 1332 14·
1768 1263 1856 1349 Ant·
1870 1260 2001 1342 1⁶5⁰)

156 1374 325 1444 mirificae
340 1378 418 1446 τῶν
435 1369 647 1469 δυναμίων.
673 1375 743 1447 alia
765 1371 914 1448 attrahit
934 1376 1151 1447 convenien-

158 1477 226 1563 tia,
260 1476 331 1546 alia
363 1476 506 1569 expellit
536 1477 680 1549 inutilia
707 1492 742 1551 et
767 1479 1000 1550 adversantia.
1032 1479 1071 1548 in
1094 1473 1152 1546 his

158 1578 329 1650 omnibus
352 1580 462 1664 ordo,
494 1580 557 1674 qui
581 1581 738 1651 ostendit
766 1581 975 1673 sapientiam
1005 1581 1153 1674 opificis,

160 1678 403 1753 testimonium
420 1693 472 1751 est
489 1684 532 1752 de
550 1678 639 1756 Deo.
691 1679 881 1775 Copulatio
897 1707 982 1755 vero
998 1708 1071 1753 non
1095 1705 1154 1752 so·

159 1784 236 1853 lum
259 1775 329 1852 hoc
352 1796 493 1870 monet,
523 1797 564 1855 ut
585 1784 754 1855 omnibus
773 1785 899 1856 officiis
920 1784 1155 1856 consociatio-

160 1909 244 1957 nem
273 1883 343 1976 ipsi
370 1897 551 1956 tueamur:
585 1888 774 1957 sedetiam
798 1900 839 1959 ut
863 1888 1014 1959 sciamus
1036 1888 1152 1961 Deum

1203 1414 1351 1504 Multae
1373 1439 1458 1497 sunt
1478 1418 1750 1495 honestissimae
1775 1443 1928 1509 causae,
1957 1443 2035 1492 cur
2057 1413 2144 1492 haec
2159 1444 2201 1493 ss·

1206 1529 1391 1602 nunciatio
1419 1526 1614 1599 testimonii
1644 1524 1787 1619 publice
1818 1523 1894 1600 hat.
1970 1518 2059 1594 Nec
2081 1518 2201 1599 sontii

1206 1654 1416 1722 congressus·
1428 1643 1566 1701 tantum
1585 1622 1771 1721 prophana
1786 1624 2018 1719 spectacula,
2040 1627 2105 1697 sed
2118 1624 2200 1727 sid

1206 1734 1456 1808 communibus
1468 1732 1559 1803 votis
1575 1727 1652 1802 Deo
1669 1725 1866 1800 Ecclesiam
1885 1738 1924 1799 et
1943 1726 2080 1801 studia
2094 1726 2201 1801 dous

1207 1864 1292 1920 nae,
1319 1829 1719 1919 necessariaEcclesiae,
1743 1830 2018 1902 commendate
2033 1830 2202 1909 nosdese,

1206 1939 1255 2013 Et
1282 1939 1452 2010 usitatum
1478 1951 1529 2008 est
1555 1935 1702 2007 recitare
1730 1928 1789 2004 hic
1812 1932 2202 2019 commonefactionsn

1207 2041 1426 2114 discentibus
1448 2038 1584 2113 utilem.
1643 2035 1804 2108 Primum
1828 2035 1953 2127 igitur
1980 2048 2067 2109 toto
2088 2050 2201 2130 pectus

1208 2145 1338 2239 gratias
1361 2167 1426 2234 ago
1447 2138 1524 2213 Deo
1553 2137 1812 2232 omnipotenti,
1845 2151 2015 2210 aeterno
2036 2140 2130 2233 patn'
2146 2137 2200 2213 tts

1208 2246 1299 2319 mini
1315 2245 1426 2317 nostri
1443 2241 1524 2315 lesu
1536 2237 1691 2329 Christi,
1715 2238 1904 2312 conditori
1922 2241 2031 2313 coeli
2046 2254 2085 2314 et
2099 2254 2198 2331 terra,

1210 2365 1243 2422 et
1259 2346 1447 2420 hominum
1467 2359 1502 2417 ct
1516 2345 1668 2417 aliarum
1683 2356 1967 2434 creaturarum,
1997 2358 2040 2418 et
2058 2345 2130 2417 ttio
2144 2344 2196 2416 ε’·

1209 2452 1368 2525 Domino
1387 2462 1510 2521 nostro
1535 2445 1615 2519 lesu
1635 2440 1797 2528 Christo,
1831 2457 1871 2517 et
1895 2443 2075 2540 Spiritui
2095 2460 2196 2533 mss,

1211 2559 1306 2652 quod
1319 2549 1490 2624 hactenus
1504 2551 1696 2622 clementer
1710 2546 1867 2619 servavit
1883 2541 2004 2621 hunc
2025 2551 2193 2623 dooen'n

266 2649 339 2724 Sed
363 2675 522 2739 causam,
568 2677 633 2725 cnr
664 2648 751 2727 haec
782 2655 946 2728 miranda
978 2654 1158 2749 copulatio
1211 2675 1246 2731 et
1260 2654 1472 2730 discentium
1487 2667 1639 2726 coetum.
1689 2648 1745 2724 Ac
1759 2649 1918 2742 supplex
1943 2676 2044 2737 oro,
2061 2662 2193 2726 musti

164 2753 258 2825 facta
274 2754 338 2840 sit,
362 2749 455 2825 hanc
470 2777 544 2826 esse
559 2769 695 2829 certum
712 2771 784 2842 est,
806 2773 849 2831 ut
867 2783 949 2831 vere
964 2772 1160 2830 statuamus
1211 2776 1245 2834 et
1260 2773 1357 2852 regat
1374 2781 1440 2829 nos
1456 2758 1642 2847 deinceps,
1667 2775 1733 2824 nec
1749 2752 1842 2824 sinat
1866 2752 1912 2823 in
1940 2748 2190 2849 hisregissn'h

164 2877 276 2947 genus
288 2851 487 2927 humanum
495 2853 572 2927 Deo
588 2882 692 2930 curae
708 2883 801 2947 esse,
825 2885 906 2931 cum
922 2873 1080 2931 nostram
1094 2883 1160 2930 na·
1211 2861 1368 2953 extingui
1383 2861 1496 2930 lucem
1512 2854 1718 2946 Evangelii,
1739 2867 1774 2926 et
1797 2854 1879 2926 lieri
1900 2856 2114 2932 barbuim
2132 2877 2182 2924 ss·

165 2970 304 3042 turam,
328 2956 452 3027 divina
475 2959 544 3029 sibi
564 2955 633 3031 hoc
659 2975 802 3034 aeterno
823 2962 967 3034 foedere
986 2963 1159 3034 adiunxe-
1211 2966 1379 3038 stitatem:
1406 2962 1468 3033 sed
1484 2982 1623 3052 semper
1638 2958 1733 3031 inter
1748 2980 1814 3028 nos
1829 2957 1909 3028 sihi
1930 2955 2174 3035 Eeelss‘nosl·

165 3057 226 3131 rit.
274 3056 404 3150 Diligit
417 3059 526 3150 igitur
539 3075 708 3155 cognatos
721 3088 824 3150 vere,
848 3065 1012 3136 adficitur
1027 3064 1159 3136 nostris
1210 3069 1314 3161 ligat,
1338 3091 1359 3138 a
1383 3088 1452 3161 qna
1475 3087 1558 3133 vere
1579 3054 1765 3134 invocetur
1780 3072 1815 3131 et
1826 3060 2070 3149 celebretur,
2086 3074 2184 3153 ειμι

166 3161 367 3247 aerumnis,
399 3184 466 3232 nos
490 3163 664 3253 gubernat
684 3179 720 3238 et
742 3167 912 3243 defendit.
962 3164 1066 3239 Hanc
1089 3167 1159 3237 mi·
1210 3183 1303 3262 tegat
1331 3164 1486 3262 hospitia
1508 3161 1705 3251 Ecclesiae,
1743 3176 1779 3236 et
1804 3163 1942 3237 studia
1977 3164 2180 3240 donum

166 3265 315 3336 randasn
330 3256 573 3357 συμπάθειαν
588 3267 653 3337 filii
670 3265 738 3339 Dei
753 3294 832 3340 cum
853 3292 980 3360 genere
1000 3264 1157 3341 humano
1210 3272 1419 3368 disciplinae
1434 3282 1585 3343 tueatur.

167 3367 523 3486 etiamconsiderate,
547 3369 685 3463 quoties
699 3386 909 3444 naturarum
925 3370 1156 3443 consociatio·
1311 3389 1452 3464 Deinde
1470 3387 1553 3484 quia
1576 3399 1612 3459 ει
1632 3386 1677 3457 de
1696 3381 1828 3457 nostris
1845 3386 2009 3462 artibus
2021 3378 2173 3485 ,liquati

165 3491 250 3538 nem
276 3481 487 3553 sntuemsns,
520 3482 554 3541 et
576 3471 782 3544 divinorum
805 3498 953 3566 opernm
977 3497 1098 3544 causas
1118 3473 1157 3542 in
1210 3495 1362 3568 cendum
1379 3508 1450 3579 ω,
1475 3514 1556 3562 cum
1572 3513 1690 3560 meum
1705 3510 1839 3559 munus
1860 3488 1913 3562 rit
1937 3491 1984 3562 in
2009 3487 2180 3564 hahetis

166 3570 347 3643 mentibus
376 3570 567 3662 diligenter
597 3576 766 3668 qsraerite.
824 3573 913 3648 Vult
940 3576 1035 3646 enim
1060 3572 1157 3647 Deus
1210 3598 1295 3685 mig,
1316 3591 1483 3691 Physica,
1499 3592 1601 3664 initia
1617 3590 1774 3679 tradere,
1796 3591 1844 3661 ad
1861 3591 1901 3662 id
1921 3588 2182 3667 studimiu'

165 3666 260 3743 hanc
272 3694 339 3743 nos
353 3672 562 3764 sapientiam
581 3673 620 3745 in
643 3670 710 3748 hac
731 3678 874 3749 mortali
896 3677 968 3749 vita
991 3678 1159 3764 exordiri,
1209 3724 1266 3773 m
1282 3694 1463 3771 adhomri
1480 3692 1634 3771 decrevi,

166 3774 305 3845 tametsi
316 3774 409 3844 acies
422 3768 599 3847 humanae
613 3778 742 3849 mentis
755 3780 869 3851 multo
878 3779 1158 3866 imbecilliorest,
1310 3813 1376 3890 Es,
1388 3830 1506 3888 ,utem
1523 3825 1772 3907 argumentum
1792 3810 1918 3907 „3923
1943 3812 2186 3913 ampliata

165 3898 272 3969 quam
288 3890 328 3948 ut
345 3877 519 3966 fulgorem
535 3877 679 3999 disinae
694 3881 1027 4003 lucisferrepossit,
1048 3883 1157 4003 aspici
1210 3921 1267 3994 cui
1285 3921 1314 3991 εἰ
1329 3944 1386 3990 me
1408 3943 1529 4012 parem
1545 3915 1761 4001 amman,
1784 3915 1921 3988 ,idm
1943 3912 2024 3991 boc
2046 3918 2186 4008 αἱμα

165 3979 243 4049 vult
267 3991 386 4049 tamen
408 4002 471 4049 sua
491 3983 660 4068 conssha,
686 3997 719 4055 et
741 3978 903 4055 inchoan
923 3980 1016 4056 hanc
1035 4009 1159 4076 cogns-

165 4079 319 4166 tionem,
352 4096 471 4170 postea
498 4083 537 4152 in
561 4087 662 4155 omni
685 4085 892 4157 aeternitate
915 4088 1031 4158 studia
1053 4101 1159 4159 erunt

165 4180 316 4252 clariora
332 4197 367 4252 et
382 4183 553 4254 dulciora.
578 4186 708 4258 deinde
723 4188 1021 4260 consociationem
1039 4191 1078 4260 in
1094 4185 1159 4260 hac

164 4285 422 4355 consuetudine
435 4280 642 4376 hominnm,
668 4304 704 4362 et
719 4290 925 4383 praesertim
943 4292 981 4360 in
991 4287 1160 4380 Ecclesia,

163 4384 316 4458 fideliter
333 4386 518 4463 tueamini.

162 1999 324 2061 autorem
348 1985 473 2057 talium
496 1988 752 2078 cogitationum
776 2003 812 2061 et
833 1991 1035 2077 foederum,
1063 1989 1156 2059 velle

162 2088 349 2159 nobiscum
362 2089 470 2160 etiam
483 2091 688 2183 copulatum
706 2114 790 2161 esse.
852 2093 959 2183 Quod
980 2105 1021 2163 ut
1045 2092 1158 2183 magis

163 2188 322 2283 conspici
345 2204 482 2283 posset,
514 2192 686 2264 immensa
706 2193 864 2265 bonitate
884 2194 1028 2264 divinae
1050 2207 1158 2265 natu·

162 2315 223 2363 rae
236 2289 398 2385 copulata
412 2307 463 2364 est
479 2288 634 2366 humana
657 2295 696 2365 in
720 2296 806 2372 filio.
858 2295 1072 2387 Magnitudo
1087 2291 1159 2367 hu-

162 2394 221 2466 ius
237 2406 357 2467 tentae
378 2394 432 2466 rei
454 2397 607 2493 perspici
624 2399 671 2470 ab
694 2391 860 2473 humanis
880 2399 1061 2472 mentibus
1083 2422 1158 2470 non

161 2509 292 2593 potest.

1211 4021 1380 4095 imbecilli
1395 4043 1544 4113 corpore
1559 4018 1658 4090 velut
1666 4015 1769 4091 Atlas
1783 4017 1934 4089 coelum
1954 4022 2058 4092 velle
2068 4012 2183 4092 hund

1211 4127 1398 4198 sustinere.
1450 4121 1536 4195 Ideo
1560 4120 1655 4192 enim
1672 4118 1768 4193 Deus
1785 4133 1887 4191 tanta
1907 4134 1998 4195 arte
2012 4119 2087 4195 hoc
2098 4108 2186 4205 od

1211 4229 1392 4322 opificium
1407 4224 1583 4305 condidit,
1608 4221 1694 4317 qnia
1709 4220 1823 4294 voluit
1839 4216 1914 4294 hoc
1933 4222 2189 4318 pulchesxin·

1212 4327 1414 4415 theatrum,
1436 4324 1679 4398 testimonium
1695 4346 1770 4395 esse
1785 4346 1872 4395 susc
1893 4327 2122 4419 sapientise:
2141 4317 2189 4391 sd

1213 4433 1321 4525 igitur
1336 4431 1374 4502 id
1389 4430 1548 4502 studiose
1566 4424 1720 4520 adspici,
1743 4437 1785 4497 ut
1806 4426 1968 4518 vestigia
1985 4427 2061 4502 Dei
2087 4443 2119 4500 et
2135 4445 2190 4520 ps*

267 4535 322 4608 Te
347 4560 431 4609 vero
455 4537 505 4608 fili
528 4536 595 4609 Dei
623 4536 735 4615 εῑκών
763 4542 903 4618 aeterni
934 4543 1061 4638 patris,
1096 4540 1160 4638 qui
1213 4533 1391 4608 videntiae
1405 4533 1504 4622 signa
1521 4549 1742 4626 quaeramus
1794 4523 1876 4599 Hoc
1890 4532 2073 4604 studium
2093 4521 2190 4621 siqu·

162 4634 356 4711 humanam
379 4653 541 4712 naturam
565 4640 731 4730 induisti,
756 4659 903 4739 propter
922 4670 1041 4716 veram
1064 4665 1160 4738 ovpo
1212 4639 1466 4730 sdspematur,
1491 4645 1555 4705 aut
1576 4630 1713 4703 iudicat
1734 4628 1864 4702 inutile
1885 4653 1996 4716 esse,
2028 4629 2126 4706 huns
2140 4642 2190 4699 stt

162 4735 329 4814 πάθειαν
347 4754 443 4812 tuam
466 4767 547 4835 erga
571 4767 683 4836 genus
704 4742 925 4835 humanum,
951 4748 1159 4819 ardentibus
1211 4741 1326 4812 solum
1344 4752 1384 4809 ut
1400 4737 1597 4819 furentem,
1623 4732 1810 4804 sedetiam
1829 4755 1920 4803 cnm
1944 4726 2189 4809 voluntante

163 4844 257 4913 votis
281 4869 366 4931 oro,
404 4857 444 4916 ut
467 4846 561 4919 inter
589 4872 656 4919 nos
686 4849 753 4919 tibi
782 4863 990 4942 perpetuum
1019 4865 1158 4921 coetum
1210 4855 1446 4937 pugnantem,
1469 4837 1677 4918 Vifflssdums
1702 4846 1738 4905 0¹
1752 4834 1876 4926 Pl⁰⁶l¹¹
1900 4834 2124 4928 fusslffldffl
2141 4848 2190 4903 α

163 4945 327 5034 colligas,
360 4961 395 5017 et
428 4947 665 5038 plurimorum
688 4966 825 5023 mentes
853 4954 898 5022 ad
931 4953 1157 5024 concordiam
1210 4947 1345 5018 scitote.
1386 4937 1463 5012 Etsi
1478 4938 1587 5031 igitur
1603 4961 1668 5009 nec
1683 4934 1900 5028 cogitatione
1916 4932 2189 5012 humanam·

162 5046 300 5128 flectas,
331 5072 396 5118 nec
415 5049 572 5140 extingui
587 5053 683 5122 sinas
701 5047 786 5124 haec
801 5050 952 5126 honesta
974 5057 1156 5127 literarum
1210 5049 1256 5121 tis
1271 5038 1546 5137 comprehendi,
1572 5063 1638 5111 nec
1651 5038 1725 5112 nlla
1741 5037 1957 5132 eloquentia
1984 5040 2120 5136 exponi
2137 5056 2190 5107 Ι·

162 5162 199 5219 et
217 5148 379 5219 omnium
395 5151 637 5222 doctrinarum
654 5156 789 5226 studia:
815 5158 876 5227 sed
894 5181 961 5228 nos
983 5159 1157 5250 gubernes
1208 5151 1349 5244 plitudo
1367 5143 1475 5218 huius
1491 5141 1693 5232 argumenti
1714 5155 1850 5233 potest,
1875 5158 2026 5237 quanta
2048 5142 2189 5237 sapient!

162 5264 196 5323 et
210 5274 344 5334 serves,
369 5251 463 5321 utin
479 5254 577 5323 omni
594 5258 820 5343 aeternitate,
846 5272 905 5329 tua
924 5255 1156 5354 συμπαθείᾳ,
1210 5255 1276 5338 tii,
1302 5265 1338 5323 θῑ
1352 5273 1459 5343 (tuam
1474 5246 1573 5317 ”⁶¹5⁸
1589 5258 1735 5317 mlum
1750 5242 2023 5335 ⁰⁰⁰⁸id⁶¹³fi⁰s
2048 5247 2188 5319 ΒΜ·

163 5366 195 5421 et
230 5354 425 5444 sapientiae
456 5367 490 5425 et
524 5357 680 5430 iustitiae
710 5362 1035 5435 communicatione
1059 5364 1158 5434 frua·
1208 5379 1289 5427 rum
1305 5348 1495 5423 hominurn
1512 5347 1595 5418 libri
1605 5402 1616 5432 ε
1641 5368 1847 5441 (tumtum
1863 5348 1987 5423 mul&
2004 5356 2186 5421 ΜΒΝ*

159 5478 252 5528 mur.
304 5454 399 5528 Dixi.
1210 5472 1330 5529 tamen
1346 5453 1509 5526 evolvere
1526 5463 1635 5524 totam
1649 5462 1814 5523 naturam
1836 5472 1967 5523 rernm
1988 5462 2184 5551 nequas!
