4664 6022
140 307 213 384 ιιι
611 292 771 374 nucu.
804 292 881 370 uu
914 290 1120 371 unaue.
1151 293 1210 369 nv
1244 290 1728 375 Amruuurrcuu.
2117 252 2193 377 sss

148 480 295 562 delicet,
325 489 584 550 numerantem.
643 469 742 542 Haec
781 494 885 543 causa
920 486 990 560 est,
1024 495 1089 542 cnr
1115 486 1151 543 et
1202 493 1408 542 communes
1432 469 1639 564 disciplinas
1657 472 1755 543 illam
1777 486 1912 566 partem
1933 474 1978 546 de
1994 474 2201 549 motihuset

149 599 286 656 veteres
303 579 432 654 Graeci
450 593 530 674 post
546 574 816 648 Grammaticen
832 600 914 646 mox
936 575 1152 646 tradiderint
1202 574 1387 645 effectibus
1401 574 1611 645 coelestibus
1625 577 1834 667 adiungaut.
1860 575 1968 648 Hunc
1984 578 2118 666 virum,
2138 580 2201 674 qui

151 683 433 770 Arithmetieeu,
469 682 600 754 deinde
644 678 750 749 tertio
785 679 865 748 loco
901 679 1153 771 proponebant
1201 678 1405 747 universam
1418 671 1690 769 Philosophiam
1712 681 2075 773 auimocomplexns,
2101 704 2200 753 area-

150 789 388 872 Dialecticen,
416 800 541 882 quarto
560 781 815 856 Geometriam.
858 780 1039 854 Videbam
1056 782 1150 851 enim
1201 804 1265 849 nas
1282 803 1402 881 causas
1419 781 1656 872 plurimarum
1674 784 1912 854 mutationum
1934 785 1973 854 iu
1991 800 2141 872 natura,
2166 798 2201 856 et

151 893 369 969 Dialecticeu
387 891 489 960 initia
505 910 644 957 sumere
658 887 703 956 ab
719 880 976 971 Aritbmetica,
1001 898 1035 955 et
1050 909 1151 955 exer·
1201 878 1391 953 homiuum
1416 884 1508 968 vita,
1532 895 1567 953 et
1589 885 1704 956 loutes
1727 887 1888 973 virtutis,
1912 902 1946 960 et
1963 883 2199 961 honestorum

153 997 276 1068 citatio
291 990 603 1087 multiplicationis
619 1003 654 1060 et
671 988 876 1071 divisionis,
896 989 1030 1082 optime
1046 1013 1150 1081 prae·
1202 987 1400 1056 officiorum
1418 986 1606 1076 intelligit,
1632 1004 1726 1059 recte
1743 991 1885 1061 beatum
1900 992 2116 1079 dixerimus,
2133 990 2199 1062 sio-

155 1112 259 1194 parat
281 1099 422 1188 ingenia
447 1097 491 1166 ad
515 1093 758 1189 Syllogismos.
816 1089 905 1163 Item
927 1092 979 1161 vis
1001 1094 1150 1161 demon·
1202 1103 1243 1160 nt
1258 1103 1293 1159 et
1311 1086 1493 1178 Vergilius
1508 1092 1766 1182 sapientissime
1783 1093 1888 1164 dixit:

155 1202 338 1275 strationis
367 1201 495 1270 melius
516 1197 669 1285 intelligi
695 1208 826 1289 potest,
861 1196 999 1285 cognita
1024 1190 1149 1265 Arith-
1310 1199 1420 1262 Foelix
1438 1205 1491 1285 qni
1504 1207 1718 1282 potuitrerum
1732 1224 1912 1286 cognoscere
1926 1222 2043 1283 ceusu,

155 1306 302 1378 metica:
329 1304 413 1398 quia
437 1298 524 1372 haec
541 1296 648 1370 habet
664 1300 815 1368 maxime
832 1298 987 1368 illustres
1002 1301 1150 1367 demon·
1641 1297 1738 1374 Dixi,

154 1409 356 1481 strationes.
407 1404 591 1476 Praeterea
607 1402 712 1472 multi
728 1402 799 1470 loci
822 1402 859 1469 in
883 1401 1069 1472 autoribus
1092 1426 1151 1470 oc·

155 1526 325 1596 currunt,
356 1509 418 1605 qui
443 1509 519 1577 siue
542 1501 608 1574 bac
629 1517 703 1575 arte
725 1529 800 1573 non
820 1519 967 1597 possunt
989 1504 1152 1593 intelligi.
1216 1543 1265 1551 -—

154 1611 385 1712 Pythagorici
407 1613 553 1702 figurate
576 1610 631 1678 usi
656 1622 739 1679 sunt
754 1609 936 1678 vocabulis
952 1602 1152 1678 arithmeti-

157 1721 226 1805 eis,
252 1741 364 1812 eaque
388 1714 650 1787 transtulerunt
673 1712 717 1780 ad
740 1707 929 1805 Physicam
955 1725 988 1780 et
1011 1713 1056 1781 ad
1073 1736 1150 1785 ruo-
1202 1708 1266 1784 Nr.
1282 1708 1343 1782 40.
1980 1718 2218 1804 (so.1536.?)'

156 1823 268 1892 ralem
283 1813 567 1910 Philosophiam.
620 1814 679 1887 Sic
692 1813 786 1885 enim
802 1810 1020 1909 Pythagoras
1035 1813 1151 1884 Deum
1203 1809 1333 1834 Μ
1982 1813 2197 1853 m

158 1924 337 1996 definivit:
379 1919 476 1991 Deus
498 1933 550 1989 est
572 1941 731 1987 excessus
752 1918 896 1986 maximi
918 1940 1149 1987 numerorum
1298 1917 1376 2004 De
1400 1916 1686 2019 astronomia
1711 1927 1758 2004 gt
1782 1919 2097 2033 geographia,

158 2053 264 2120 snpra
279 2027 480 2120 proximum
496 2046 696 2093 numerum.
751 2018 802 2090 lta
818 2021 933 2090 voluit
944 2021 1152 2110 siguificare,

157 2131 274 2203 Deum
297 2153 370 2200 esse
392 2151 522 2211 unsrm,
549 2139 584 2196 et
612 2125 756 2219 quidem
777 2147 952 2193 summam
976 2137 1152 2198 naturam.
1273 2116 1305 2170 ¹¹¹
1319 2114 1446 2240 3²3²ss
1465 2116 1500 2237 ff·
1515 2112 1536 2172 ¹·
1545 2114 1736 2240 &smnus
1766 2114 1886 2175 serven.
1903 2116 1937 2174 Τ·
1952 2117 1972 2175 ¹·
1990 2116 2095 2190 ΜΗ·
2111 2127 2138 2175 ‘⁸
2153 2117 2201 2174 ffi-

156 2232 249 2306 Nam
266 2232 451 2304 denarium
468 2229 636 2319 iutelligit
650 2227 1055 2310 maximumnumerum,
1069 2223 1151 2297 buic
1306 2205 1399 2241 ω’
1442 2204 1532 2256 ''¹'‘
1599 2227 1607 2244 ⁶

158 2337 342 2431 proximus
363 2347 413 2404 est
437 2333 670 2404 novenarius?
714 2326 887 2400 Excessus
911 2352 1017 2421 supra
1042 2355 1153 2407 novo·
1230 2367 1360 2438 Oratio
1383 2362 1430 2438 de
1444 2366 1684 2438 astronomia
1706 2364 2001 2464 Memphin
2048 2364 2179 2443 mna

157 2439 300 2511 narium
323 2453 375 2509 est
398 2437 535 2506 unitas:
563 2430 631 2504 boc
654 2435 762 2502 modo
779 2433 1009 2503 involverunt
1024 2457 1152 2502 nume·
1569 2466 1827 2568 Wnenbemae
2008 2418 2023 2461 '

156 2545 207 2614 ris
228 2556 339 2613 totam
369 2532 651 2631 Philosophiam.
709 2532 788 2605 Etsi
809 2550 926 2605 autem
950 2536 1076 2605 melius
1101 2548 1154 2606 est
1828 2524 1838 2545 ⁰

157 2659 250 2717 artes
267 2643 410 2739 proprie
426 2644 583 2726 tradere,
607 2654 643 2711 et
664 2662 737 2708 non
758 2639 941 2708 involvere
957 2652 1047 2709 totas
1064 2639 1154 2729 ligu-
1203 2626 1323 2709 Vetus
1338 2639 1468 2729 legitur
1483 2638 1641 2735 Sibyllae
1655 2643 1837 2713 oraculum
1856 2645 1900 2713 de
1914 2638 2092 2730 Athenis,
2117 2647 2201 2717 duas

157 2750 208 2821 ris
229 2762 263 2819 et
285 2746 561 2838 aenigmatibus,
593 2756 712 2813 tamen
744 2742 924 2811 interdum
956 2743 1061 2812 etiam
1091 2742 1152 2812 alii
1204 2744 1235 2811 ei
1260 2756 1373 2834 pestes
1396 2743 1503 2812 exitio
1530 2744 1667 2814 luturas
1690 2769 1782 2831 esse,
1816 2746 1974 2831 fraudes,
2006 2761 2040 2818 et
2056 2748 2199 2821 Ducum

157 2845 388 2942 Philosophi,
421 2849 481 2941 qui
513 2845 695 2938 perspicue
716 2839 987 2934 Philosophiam
1015 2846 1152 2916 tradere
1204 2845 1392 2935 ignaviam.
1444 2843 1515 2916 Sed
1537 2847 1568 2914 si
1591 2872 1815 2918 communem
1834 2843 2024 2920 homiuum
2043 2853 2201 2925 vitamet

159 2955 372 3033 voluerunt,
398 2945 569 3020 adhibent
585 2948 760 3040 exempla,
786 2944 1040 3031 Aritbmetica,
1062 2972 1153 3042 quae
1205 2948 1370 3018 interitus
1385 2945 1593 3037 Regnorum
1608 2950 1886 3034 consideramus,
1914 2977 1988 3022 uon
2004 2969 2082 3025 tarn
2094 2950 2197 3027 Arbe-

158 3081 234 3127 non
257 3055 456 3146 intelligere
480 3068 582 3145 turpe
607 3064 668 3121 est.
718 3049 820 3120 Plato
841 3076 921 3120 cum
942 3051 1047 3136 dicit,
1073 3075 1154 3119 mu-
1204 3053 1282 3136 nis,
1315 3076 1421 3145 quam
1453 3052 1621 3121 omnibus
1643 3055 1794 3124 urbibus
1814 3081 1853 3124 ac
1877 3055 2044 3148 Imperiis
2067 3058 2191 3155 Sibylla

158 3160 226 3231 tari
253 3157 361 3248 Resp.
390 3170 535 3250 propter
562 3155 727 3224 coelestes
749 3178 888 3239 causas,
920 3178 1011 3247 quae
1042 3168 1153 3224 certas
1206 3153 1394 3225 vaticinata
1420 3168 1481 3227 est.
1548 3150 1649 3224 Olim
1674 3153 1869 3228 Germania
1894 3175 1929 3232 et
1953 3161 2189 3254 magnitudine

158 3262 421 3334 vicissitudines
438 3283 555 3330 rerum
571 3257 730 3327 efficiunt
747 3257 785 3325 in
807 3258 1008 3328 civitatibus
1031 3270 1064 3327 et
1086 3257 1152 3324 im-
1205 3258 1405 3327 animorum
1424 3259 1635 3344 excellebat,
1659 3260 1747 3329 etin
1762 3261 1920 3332 consiliis
1933 3264 2098 3356 veritate,
2121 3288 2192 3337 esu·

157 3364 285 3459 periis,
328 3364 461 3458 inquit:
521 3360 833 3451 Quemadmodum
865 3361 995 3431 resistit
1025 3375 1152 3429 natura
1205 3363 1291 3430 dore
1314 3362 1456 3435 aclide.
1505 3360 1610 3432 Nunc
1635 3357 1773 3432 technis
1797 3378 1970 3451 certatur,
2003 3369 2191 3441 eluduntur

159 3470 198 3538 iu
231 3468 398 3552 vocibus,
434 3491 513 3535 cnm
549 3463 793 3558 sesquitertius
826 3465 960 3533 fundus
992 3464 1153 3554 iungitur
1205 3478 1297 3534 recta
1318 3464 1485 3549 consilia,
1509 3479 1610 3536 vetus
1632 3465 1694 3534 illa
1716 3468 1850 3556 gloriae
1872 3469 2043 3540 militaris
2063 3469 2190 3566 cupidi·

143 3571 346 3666 quinario,
373 3571 409 3637 id
430 3582 498 3655 est,
523 3592 602 3638 cum
626 3561 690 3637 drot
712 3563 907 3662 τεσσάρων
929 3567 1074 3636 additur
1088 3561 1152 3638 ded
1204 3583 1257 3640 tas
1286 3581 1320 3635 et
1347 3567 1519 3639 fortitudo
1540 3568 1693 3640 extincta
1716 3583 1778 3639 est.
1847 3569 1931 3642 ldeo
1954 3573 2090 3646 videtis
2110 3568 2188 3645 nihil

159 3670 286 3758 πέντε,
316 3669 384 3742 boc
400 3685 470 3754 est,
497 3695 576 3740 cum
601 3670 774 3759 completa
800 3684 852 3739 est
874 3664 1061 3738 harmonia
1088 3664 1152 3740 drot
1204 3692 1280 3739 esse
1303 3670 1561 3761 praesidiorum
1584 3670 1622 3739 iu
1639 3683 1737 3742 tanto
1754 3670 1914 3764 periculo
1930 3677 2100 3768 publico,
2128 3698 2186 3747 nnn

158 3781 302 3849 πασῶν.
355 3772 409 3846 lta
428 3799 508 3844 cum
526 3774 735 3842 circumacta
756 3785 806 3842 est
829 3772 1062 3862 imperiorum
1091 3795 1154 3862 pe·
1205 3773 1319 3841 solum
1344 3768 1577 3855 Germaniae,
1604 3774 1664 3842 sed
1689 3776 1877 3848 universae
1902 3779 2064 3873 reliquae
2085 3776 2188 3853 lton»
2237 3790 2239 3795 ’

157 3881 302 3964 riodus,
336 3892 448 3948 ruunt
469 3891 502 3946 et
522 3887 709 3944 mutantur
732 3870 890 3964 Respub.
950 3872 1092 3944 Adiecit
1119 3888 1153 3944 et
1214 3899 1281 3946 rae.
1336 3872 1388 3944 De
1411 3900 1483 3968 quo
1506 3877 1683 3963 cogitans,
1708 3880 1861 3948 maxime
1882 3906 1995 3971 angor
2016 3884 2188 3955 unimode

158 4007 297 4053 cansam
315 3976 426 4067 banc,
452 3980 534 4076 quia
556 4003 635 4048 cum
651 3976 749 4069 plani
770 3978 850 4045 cubi
867 3978 1092 4068 complentur
1108 3978 1150 4046 ad
1210 3975 1362 4047 Ecclesia
1393 3993 1427 4048 et
1455 3980 1498 4047 dc
1529 3979 1659 4049 nostris
1681 3982 1827 4067 studiis,
1857 3984 1990 4077 quibus
2013 3988 2188 4081 praecipue

158 4085 294 4156 solidos
316 4108 448 4178 usque,
475 4107 539 4151 nec
561 4080 655 4150 enim
680 4092 807 4149 natura
831 4080 983 4149 ulterius
1005 4103 1150 4172 progre-
1205 4080 1355 4151 Turcica
1385 4081 1566 4151 barbaries
1596 4082 1793 4154 vastitatem
1818 4101 1851 4156 et
1873 4089 2062 4162 interitum
2085 4090 2187 4161 urina

158 4187 278 4272 ditur,
309 4186 412 4256 multi
442 4185 632 4255 dissimiles
653 4182 794 4283 numeri
820 4197 1068 4274 procreantur:
1104 4183 1151 4253 ita
1205 4199 1272 4255 tur.
1325 4182 1540 4277 Quanquam
1562 4184 1671 4275 igitur
1693 4186 1901 4278 impendent
1913 4191 2041 4262 fatales
2057 4215 2187 4285 poenae,

158 4291 350 4379 degeneres
371 4288 484 4373 cives,
512 4288 575 4381 qui
599 4302 716 4358 tamen
742 4285 929 4376 potiuntur
950 4284 1093 4379 Repub.
1111 4310 1153 4355 ex
1202 4301 1242 4357 nt
1264 4287 1376 4356 multa
1398 4302 1482 4385 seint
1505 4312 1578 4356 non
1600 4289 1716 4358 solum
1739 4290 1780 4359 in
1803 4293 1923 4377 astris,
1951 4295 2013 4365 sed
2035 4297 2143 4368 etiam
2157 4294 2187 4366 iu

157 4391 475 4485 praestantioribus
495 4393 584 4476 orti,
609 4402 773 4459 evertunt
794 4387 953 4481 Respub.
981 4389 1149 4482 paulatim
1204 4390 1363 4459 moribus
1378 4386 1585 4471 bominum,
1611 4392 1730 4481 sigua,
1757 4409 1875 4465 tamon
1890 4391 1956 4466 bac
1973 4422 2032 4469 rue
2047 4424 2109 4493 spe
2122 4423 2187 4471 sus·

157 4497 331 4590 usquead
350 4495 548 4585 periodum.
601 4491 670 4562 llic
686 4517 730 4561 ue
745 4494 915 4563 vocabula
932 4494 1075 4586 quidem
1094 4492 1152 4560 in·
1204 4505 1321 4578 teuto,
1346 4489 1522 4563 Ecclesias
1538 4491 1614 4563 Deo
1639 4519 1743 4564 curae
1757 4497 1894 4567 futuras
1909 4522 2000 4583 esse,
2033 4517 2070 4573 et
2086 4504 2188 4576 hlium

158 4600 369 4688 telliguntur
392 4598 469 4666 sine
497 4591 742 4666 Aritbmetica.
799 4593 869 4666 Sed
894 4591 960 4664 hae
983 4597 1151 4667 utilitates
1203 4595 1270 4665 Dei
1300 4610 1608 4688 propugnatorum
1639 4613 1779 4668 nostros
1810 4615 1947 4686 coetus,
1997 4619 2040 4676 ut
2070 4604 2192 4678 Daniel

159 4702 310 4770 leviores
327 4715 429 4783 sunt,
455 4700 537 4767 illae
552 4714 636 4769 sunt
659 4721 826 4788 magnae,
853 4722 940 4792 quas
963 4723 1069 4789 supra
1092 4722 1148 4766 re·
1204 4699 1389 4789 praedixit.
1441 4697 1562 4788 Quare
1583 4695 1670 4771 baec
1692 4703 1809 4773 studia
1830 4704 1956 4785 uobis,
1990 4709 2192 4781 adolesceu·

158 4806 300 4888 censui,
334 4805 533 4897 quodcum
563 4800 601 4869 iu
635 4801 755 4870 multis
777 4801 855 4869 aliis
879 4803 971 4870 vitae
994 4800 1150 4892 negociis
1202 4814 1271 4881 tes,
1298 4827 1372 4871 nou
1387 4817 1470 4872 suut
1485 4802 1704 4890 abiicienda,
1729 4807 1995 4897 desperatione,
2023 4813 2082 4884 vel
2099 4838 2196 4905 prae·
2237 4888 2239 4901 ¹

158 4900 224 4973 bac
240 4919 314 4975 arte
329 4930 417 4995 opus
434 4906 497 4989 sit,
521 4918 595 4973 tum
613 4929 696 4973 vero
716 4905 793 4972 sine
808 4928 847 4972 ea
866 4905 908 4973 ad
929 4905 1027 4973 illam
1046 4928 1149 4995 prae·
1201 4904 1377 4991 miorum,
1403 4906 1460 4974 vel
1476 4905 1609 4976 salutis.
1662 4906 1737 4977 lmo
1754 4932 1796 4978 eo
1815 4910 1998 4982 ardentius
2013 4916 2198 4989 excitanda
2237 4914 2239 4927 '

158 5008 410 5077 stantissimam
434 5001 688 5097 Philosophiae
713 5020 847 5096 partem
873 5008 916 5075 de
940 5011 1047 5105 rebus
1067 5030 1146 5077 coe·
1200 5022 1302 5094 sunt,
1327 5023 1367 5079 ut
1390 5009 1496 5078 etiam
1522 5009 1614 5076 inter
1634 5010 1770 5079 medios
1793 5006 1911 5082 hostes
1927 5033 2205 5099 conserventur,

156 5111 305 5180 lestibus
320 5111 569 5202 nulluspateat
584 5110 710 5181 aditus.
763 5106 1150 5201 Haecmagnaetgra·
1199 5112 1229 5179 si
1255 5112 1302 5181 ita
1326 5113 1441 5180 ferent
1464 5113 1546 5180 lata.
1612 5106 1661 5181 Et
1684 5115 1854 5205 quoniam
1880 5112 1917 5186 hi
1939 5120 2057 5192 nostri
2079 5122 2239 5205 coeloe,

157 5215 210 5282 vis
233 5237 335 5283 causa
361 5226 432 5296 est,
447 5285 450 5291 ,
465 5237 556 5306 quae
580 5213 771 5282 accendere
794 5236 980 5302 generosas
1003 5228 1149 5284 naturas
1201 5238 1281 5305 pars
1298 5229 1379 5284 sunt
1397 5208 1597 5294 Ecclesiae,
1623 5216 1761 5307 quotics
1776 5219 2032 5304 convenimus,
2059 5225 2203 5319 quoties
2237 5266 2239 5271 .

155 5319 200 5385 ad
224 5312 316 5385 hanc
338 5329 449 5385 artem
471 5317 595 5401 debet,
621 5315 704 5409 quia
728 5313 790 5407 qui
808 5329 983 5406 expetunt·
998 5318 1148 5387 solidam
1199 5318 1243 5384 de
1259 5319 1386 5387 studiis
1399 5316 1605 5407 cogitamus,
1629 5320 1796 5390 accedant
1813 5320 1870 5413 pia
1888 5337 1983 5414 vota,
2003 5339 2038 5396 et
2055 5342 2200 5399 oremus

155 5420 372 5503 doctrinam,
398 5431 432 5487 et
451 5419 587 5507 magnis
611 5419 697 5487 viris
717 5418 879 5507 diguam,
903 5421 1071 5492 omuibus
1090 5418 1149 5487 in·
1199 5415 1334 5504 Deum,
1360 5419 1505 5490 Patrem
1527 5421 1728 5491 liberatoris
1750 5424 1863 5494 nostri
1883 5422 1962 5497 lesu
1979 5423 2134 5517 Christi,
2154 5434 2196 5501 ul

154 5522 267 5610 geniis
289 5522 427 5593 viribus
447 5522 660 5605 contendere
683 5520 834 5609 debent,
865 5535 904 5593 ut
925 5525 969 5593 ad
994 5538 1148 5596 caeteras
1198 5516 1392 5593 Ecclesiam
1419 5536 1454 5595 et
1474 5518 1622 5596 honesta
1648 5525 1764 5596 studia
1787 5527 1975 5619 defendat,
1998 5554 2067 5605 nos
2081 5535 2190 5607 servet
