4672 6016
139 326 218 402 aas
687 326 850 408 naon
888 327 966 406 on
999 319 1245 404 orrtcto
1278 321 1625 401 ratucmuu.
2098 340 2174 419 4⁸4

133 499 297 573 Proinde
317 501 477 596 quisquis
501 513 570 589 est,
599 500 662 596 qui
684 495 752 573 boc
778 517 916 574 tantum
941 527 1073 574 mitons
1093 502 1132 572 in
1182 497 1256 570 Nec
1279 513 1330 569 est
1343 497 1510 594 Synodus
1533 499 1609 568 sine
1630 498 1758 590 capite,
1783 501 1920 575 etiamsi
1940 530 2014 577 non
2033 515 2173 588 accedat

132 599 306 688 Ecclesia,
329 605 384 674 vel
400 605 493 675 inter
505 600 670 675 homines
685 605 845 691 sustinet,
871 605 1045 690 videlicet,
1070 606 1131 699 qui
1182 601 1353 672 autoritas
1370 601 1593 685 Pontificum,
1615 602 1676 694 qui
1691 604 1846 674 officium
1861 630 1965 678 suum
1980 614 2172 704 negligunt.

132 705 244 776 estin
261 707 429 792 excubiis,
456 721 497 778 ut
514 708 695 778 doctrinae
709 708 846 799 puritas
864 720 899 778 et
913 709 998 777 boni
1016 730 1130 777 mores
1180 699 1258 774 Etsi
1274 702 1369 772 enim
1385 699 1571 794 Episcopis
1586 726 1648 773 sua
1664 708 1859 778 reverentia
1876 711 2037 800 debetur,
2054 732 2171 790 tamen

133 822 411 893 conserventur,
436 811 466 878 is
489 810 568 879 iure
587 834 763 881 summum
782 812 929 900 gradum
948 809 1043 879 inter
1064 804 1130 879 ho·
1180 818 1255 877 tota
1278 801 1435 875 Ecclesia
1460 807 1666 874 mandatum
1691 800 1817 893 habet,
1843 825 1883 881 ut
1905 830 2023 885 caveat
2048 844 2173 909 pravas

133 909 252 978 mines
268 921 374 984 tenet.
414 907 462 982 Et
477 908 593 982 tantae
608 914 660 982 rei
678 935 797 982 curam
815 911 990 984 Romanis
1006 910 1130 981 Ponti·
1180 906 1385 999 opiniones,
1412 921 1445 977 et
1467 908 1627 994 dogmata
1652 907 1839 996 diiudicet,
1867 926 1907 982 ut
1932 916 2185 1009 inquitChri-'

132 1010 262 1081 litibus
280 1013 366 1079 olim
382 1010 518 1107 Synodi
534 1016 841 1087 commendarunt.
890 1012 994 1083 Nunc
1011 1026 1128 1084 autem
1180 1022 1269 1078 stus:
1295 1005 1809 1100 CaveteaPseudoprophetis.
1852 1009 1931 1083 Hoc
1947 1040 2172 1112 praeceptum
2224 1085 2225 1094 ,

133 1111 174 1183 in
192 1108 260 1183 hoc
273 1125 374 1186 tanto
388 1115 535 1187 dissidio
550 1117 647 1186 orbis
662 1132 848 1200 terrarum,
876 1128 910 1184 et
926 1116 1129 1206 ingentibus
1181 1113 1225 1179 ad
1247 1111 1450 1179 universam
1468 1106 1662 1179 Ecclesiam
1684 1113 1849 1202 pertinet.
1899 1112 2013 1208 Ergo,
2036 1125 2173 1197 etiamsi

130 1214 349 1305 religionum
364 1240 404 1285 ac
420 1217 536 1307 legum
552 1218 738 1310 periculis,
763 1219 862 1288 nulla
878 1240 987 1311 aequa
1006 1218 1128 1308 cogni·
1179 1210 1366 1281 Pontifices
1401 1212 1438 1279 id
1466 1211 1662 1301 negligant,
1700 1226 1818 1284 lamen
1849 1216 1984 1311 reliqua
2014 1218 2172 1299 Ecclesia

130 1315 185 1389 tio
209 1313 378 1387 hactenus
401 1317 561 1391 instituta
585 1334 648 1392 est.
708 1315 828 1391 Audio
854 1320 957 1389 etiam
982 1334 1128 1389 conten·
1181 1315 1423 1405 obtemperare
1438 1313 1553 1399 debet,
1579 1313 1763 1385 instituere
1774 1318 2013 1407 cognitionem
2028 1339 2060 1394 et
2077 1329 2173 1399 ‹ttiu-

130 1420 219 1490 dere
232 1419 383 1505 multos,
409 1417 502 1490 nihil
519 1444 608 1512 opus
624 1433 673 1492 est
692 1447 785 1493 nova
801 1421 1019 1511 cognitione,
1044 1421 1126 1514 quia
1181 1416 1406 1489 dicationem.
1459 1413 1499 1484 ld
1517 1428 1557 1484 ut
1575 1415 1645 1499 fiat,
1671 1418 1857 1509 praecipua
1875 1426 2032 1495 membra
2048 1423 2173 1501 Eccle-

131 1515 205 1592 hae
226 1542 282 1589 res
305 1536 407 1592 antea
431 1523 467 1590 in
485 1521 641 1618 Synodis
665 1524 847 1606 iudicatae¹
861 1538 896 1595 et
917 1524 1128 1593 constitutae
1178 1518 1250 1588 siae
1265 1517 1411 1587 caeteris
1425 1516 1559 1586 anteire
1576 1518 1717 1593 debent.

128 1622 218 1695 sint.
272 1619 393 1711 Quare
410 1648 482 1695 non
500 1626 544 1696 sit
561 1626 856 1717 permittendum,
880 1638 920 1694 ut
943 1648 1066 1694 rursus
1088 1627 1127 1693 in
1282 1614 1446 1704 Adhaec,
1478 1619 1542 1688 etsi
1576 1619 1723 1691 interest
1752 1620 1847 1689 inter
1877 1624 2030 1698 officium
2058 1631 2173 1704 civilis

128 1725 377 1821 quaestionem
403 1741 584 1803 vocentur.
642 1725 790 1797 Nullum
820 1727 989 1820 inquiunt
1020 1728 1126 1795 finem
1179 1719 1426 1809 Magistratus,
1460 1733 1495 1790 et
1517 1733 1721 1810 potestatem
1744 1724 2029 1815 ecclesiasticam,
2054 1746 2173 1806 tamen

127 1828 208 1899 tore
243 1828 412 1895 movendi
443 1832 626 1919 dogmata,
667 1829 696 1898 si
723 1829 952 1925 Synodorurn
979 1831 1128 1899 decretis
1181 1820 1410 1910 Magistratus
1424 1821 1538 1891 civilis
1551 1836 1667 1894 custos
1682 1837 1735 1894 est
1748 1824 1857 1895 totius
1874 1828 1959 1917 legis
1975 1831 2013 1900 in
2029 1848 2172 1907 externa

129 1942 337 2001 assuescant
352 1924 517 2001 homines
531 1932 711 2021 refragari.
764 1931 833 2004 Sed
851 1926 936 2001 haec
953 1932 1054 2000 facile
1070 1955 1128 2001 re·
1179 1924 1378 2015 disciplina·
1430 1922 1479 1995 Ul
1502 1918 1670 2016 prohibet
1696 1950 1735 1994 ³⁰
1762 1928 1867 2015 punit
1887 1934 1995 2000 armis
2025 1935 2175 2013 iniustas

126 2032 241 2105 fucari
263 2046 421 2122 possunt,
674 2082 677 2087 .
1180 2028 1321 2110 caedes,
1355 2027 1466 2110 furta,
1499 2041 1532 2097 et
1561 2027 1690 2096 similia
1714 2028 1840 2098 delicta
1871 2037 2066 2122 pugnantia
2092 2063 2172 2109 cum

228 2131 389 2203 Primum
405 2133 537 2203 multae
550 2157 647 2204 nunc
661 2133 841 2224 agitantur
856 2134 1129 2219 controversiae,
1179 2130 1331 2197 secunda
1353 2128 1474 2198 tabula
1498 2126 1686 2218 Decalogi,
1712 2130 1760 2199 ita
1784 2130 1896 2200 multo
1920 2138 2029 2226 magis
2047 2137 2173 2230 probi·

128 2236 178 2307 de
191 2235 387 2305 recentium
405 2248 603 2325 temporum
625 2238 812 2322 abusibus,
839 2261 1126 2331 quaenunquam
1180 2232 1263 2299 bere
1295 2253 1335 2299 ac
1359 2229 1488 2321 punire
1512 2230 1616 2300 debet
1648 2244 1788 2300 externa
1818 2233 1947 2305 scelera
1977 2244 2174 2329 pugnantia

130 2336 369 2408 inveteribus
385 2335 540 2430 Synodis
554 2339 702 2428 agitatae
718 2353 813 2409 sunt.
845 2336 1014 2409 Nondum
1032 2339 1127 2407 enim
1180 2354 1261 2401 cum
1296 2330 1410 2423 prima
1445 2331 1584 2414 tabula,
1629 2332 1793 2402 videlicet
1825 2333 2003 2407 idolorum
2039 2344 2175 2429 cultus,

132 2435 384 2510 qucclesiam
405 2433 441 2506 hi
459 2440 574 2509 morbi
599 2441 812 2512 invaserant.
864 2437 1003 2510 Deinde
1020 2464 1126 2534 quae·
1181 2427 1386 2522 blasphema
1420 2435 1602 2522 dogmata,
1653 2435 1827 2524 Periuria,
1873 2435 2173 2530 prophanationes

137 2528 220 2611 dim
236 2541 274 2608 in
293 2540 470 2611 veteribus
484 2539 639 2634 Synodis
654 2543 812 2626 decreta,
838 2567 928 2635 quae
950 2545 993 2612 ad
1009 2564 1129 2611 causas
1180 2534 1382 2603 manifestas
1424 2533 1704 2603 ceremoniarum
1740 2537 1912 2606 divinitus
1949 2546 2174 2621 traditarum.

128 2656 333 2737 praesentes
353 2643 548 2735 quadrant,
581 2645 692 2733 magis
715 2645 984 2737 patrocinantur
1004 2640 1128 2712 Eccle-
1180 2633 1288 2705 Errat
1304 2636 1367 2728 qui
1383 2636 1525 2705 nullum
1543 2659 1615 2704 csse
1638 2637 1827 2705 discrimen
1844 2637 1977 2713 iudicat
1991 2645 2088 2716 iuter
2103 2644 2175 2718 Ar-

124 2743 350 2825 ¹u’isuostris,
377 2767 483 2837 quam
499 2746 720 2815 adversariis.
758 2743 940 2816 Postremo
954 2749 1127 2840 quaedam
1180 2738 1395 2807 menterium
1420 2749 1454 2806 et
1470 2734 1738 2826 Magistratum,
1764 2739 1828 2832 qui
1851 2756 1968 2815 custos
1985 2761 2036 2819 est
2058 2750 2174 2822 civilis

130 2861 239 2919 antea
271 2847 398 2936 agitata
430 2860 514 2918 sunt
546 2863 693 2940 propter
724 2847 811 2917 alias
838 2847 1130 2931 circumstantias,
1180 2839 1368 2912 societatis·
1419 2832 1647 2908 Armenttrio
1672 2841 1755 2909 satis
1778 2854 1829 2912 eat
1857 2848 2032 2933 pecudum
2058 2855 2175 2924 ventri

129 2970 226 3044 quae
242 2970 343 3040 saepe
357 2948 495 3019 variant
510 2951 665 3038 negocia.
717 2948 894 3041 Tempore
912 2948 1130 3046 SynodiNi-
1180 2941 1390 3034 prospicere.
1442 2937 1511 3010 Sed
1530 2955 1645 3012 custos
1661 2941 1775 3012 civilis
1798 2945 1973 3017 societatis
1997 2976 2070 3022 non
2094 2968 2175 3025 tan-

130 3072 242 3122 eenae
264 3064 366 3119 erant
388 3050 426 3115 in
451 3072 518 3116 usu
541 3051 809 3120 satisfactiones:
842 3053 903 3120 sed
925 3066 1010 3121 tunc
1028 3062 1129 3119 erant
1181 3057 1256 3114 tum
1279 3064 1447 3132 corpora,
1479 3066 1619 3132 pacem,
1655 3056 1689 3112 et
1710 3040 1771 3139 (ut
1802 3047 2007 3146 itadicam)
2042 3057 2175 3128 ventris

130 3151 400 3240 castigationes,
427 3145 483 3211 vel
498 3149 646 3236 exempli
665 3172 765 3217 causa
785 3151 985 3234 institutae,
1012 3151 1068 3218 vel
1085 3152 1129 3218 ad
1181 3145 1276 3213 bona
1291 3142 1384 3212 tueri
1399 3141 1515 3227 debet,
1540 3145 1603 3212 sed
1620 3146 1820 3217 meminerit
1839 3172 1874 3217 se
1891 3173 1964 3222 esse
1979 3153 2045 3225 Dei
2065 3159 2176 3227 mini.

132 3250 373 3342 explorandos
394 3266 510 3314 mores
533 3269 677 3331 eorum,
709 3250 771 3341 qui
797 3250 958 3339 lapsuum
983 3274 1127 3319 suorum
1181 3258 1305 3314 suum.
1356 3240 1473 3311 Huius
1491 3242 1624 3332 gloriae
1640 3245 1794 3334 primum
1819 3252 1965 3337 serviat,
1993 3256 2176 3331 intueatur

131 3354 279 3422 veniam
298 3347 475 3441 petebant.
534 3344 647 3417 Nemo
672 3361 758 3418 tunc
781 3350 970 3441 affingebat
994 3364 1130 3440 specta·
1180 3345 1287 3412 finem
1303 3338 1686 3429 humanaesociemts,
1713 3342 1856 3418 ethunc
1877 3355 2064 3447 praecipue
2087 3361 2208 3433 sciat·

135 3453 219 3521 cula
244 3452 306 3521 illa
332 3449 458 3519 mereri
481 3449 724 3519 remissionem
747 3467 982 3542 peccatorum.
1034 3449 1130 3521 Haec
1180 3445 1249 3514 sibi
1266 3444 1435 3514 tuendum
1454 3466 1537 3513 esse.
1591 3443 1683 3515 Tota
1700 3450 1793 3516 enim
1811 3445 1896 3520 haec
1915 3455 2063 3530 societas
2079 3461 2175 3531 divi-

134 3553 314 3622 recentior
326 3566 418 3622 aetas
433 3551 620 3641 vestigium
636 3553 764 3624 retinet
779 3554 916 3647 antiqui
933 3553 1042 3639 ritus,
1068 3554 1130 3621 sed
1182 3547 1279 3616 nitus
1300 3545 1485 3638 praecipue
1506 3545 1667 3618 instituta
1689 3553 1799 3620 estad
1818 3547 1913 3623 hunc
1932 3555 2054 3646 finem,
2078 3574 2119 3632 ut
2136 3565 2176 3634 iu

131 3652 306 3746 pleraque
323 3653 484 3736 mutavit,
510 3668 545 3724 et
559 3653 687 3724 multas
703 3656 850 3724 adfinxit
865 3657 1036 3725 absurdas
1050 3655 1130 3744 opi·
1182 3671 1222 3718 ca
1251 3647 1449 3718 innotescat
1477 3670 1517 3716 ac
1542 3649 1738 3721 celebretur
1760 3648 1867 3728 Deus.
1921 3655 1962 3727 Id
1994 3661 2069 3731 tieri
2098 3688 2174 3735 non

133 3755 274 3828 niones.
314 3750 406 3824 Cum
422 3753 530 3842 igitur
545 3758 805 3825 controversiae
820 3757 1006 3851 pleraeque
1023 3752 1130 3826 huius
1181 3763 1314 3841 potest,
1346 3749 1417 3816 nisi
1438 3773 1509 3828 uua
1535 3750 1693 3822 viventes
1721 3754 1783 3822 alii
1806 3756 1896 3825 alios
1920 3760 1964 3828 de
1992 3765 2175 3838 voluntate

133 3857 325 3946 temporis,
347 3855 918 3945 nonsintagitataeaveteribus,
945 3859 1032 3928 etin
1048 3859 1130 3952 qui·
1180 3851 1267 3932 Dei,
1300 3853 1345 3920 de
1370 3851 1495 3920 officiis
1516 3846 1592 3921 Deo
1615 3854 1743 3942 gratis,
1773 3858 1817 3925 de
1841 3858 1911 3929 vita
1935 3875 2097 3948 aeterua,
2129 3871 2174 3938 de

131 3958 286 4031 busdam
305 3956 498 4027 adversarii
510 3959 613 4026 marii
629 3959 739 4048 magis
753 3961 978 4031 discesserint
996 3983 1015 4028 a
1033 3975 1130 4029 vete·
1181 3953 1348 4045 praemiis
1379 3953 1539 4044 piorum,
1570 3954 1614 4022 de
1640 3957 1831 4046 impiorum
1859 3964 1984 4051 poenis
2010 3968 2174 4042 doceant.

131 4084 216 4132 rum
233 4059 462 4153 Synodorurn
478 4059 644 4144 decretis,
668 4084 775 4154 quarn
797 4086 881 4148 nos,
909 4062 1079 4131 iniustum
1097 4075 1131 4130 et
1183 4054 1266 4124 ldeo
1284 4068 1356 4124 tam
1371 4054 1484 4124 multa
1503 4067 1587 4125 sunt
1605 4056 1745 4126 vincula
1762 4061 1952 4149 societatis,
1978 4072 2174 4159 generatio,

129 4161 278 4233 cmdele
311 4175 362 4230 est
391 4159 556 4249 delogere
586 4162 844 4251 cognitionem,
878 4188 942 4235 nec
973 4164 1129 4253 legitimo
1181 4157 1362 4241 educatio,
1387 4155 1582 4240 institutio,
1609 4157 1767 4250 imperia,
1794 4176 2003 4254 contractus,
2029 4172 2175 4260 iudicia,

129 4259 315 4336 Ecclesiae
346 4262 480 4330 iudicio
514 4263 638 4332 tollere
667 4287 821 4346 errores,
852 4290 892 4336 ac
925 4266 1129 4336 discordias.
1180 4273 1222 4330 ut
1246 4258 1286 4329 in
1309 4253 1487 4327 hactanta
1508 4259 1674 4328 varietate
1696 4264 1922 4350 negociorum
1945 4276 2173 4345 ostendamus

129 4363 236 4454 Quid
254 4365 519 4454 respondebunt
537 4362 742 4451 Pontifices,
768 4369 830 4460 qui
846 4379 1027 4458 praesunt,
1048 4391 1129 4437 cum
1181 4373 1338 4430 nostram
1363 4361 1406 4428 dc
1429 4357 1504 4428 Deo
1529 4362 1759 4449 sententiam,
1794 4381 1948 4439 nostram
1979 4377 2172 4464 professio·
2254 4361 2259 4372 ⁵

128 4466 230 4537 titius
258 4467 329 4535 Dei
362 4466 401 4532 in
431 4479 610 4556 postremo
634 4467 766 4536 indicio
790 4469 905 4559 palam
935 4468 1130 4559 apparebit,
1182 4485 1284 4546 nem,
1309 4473 1343 4532 et
1361 4473 1577 4552 praestemus
1593 4464 1841 4539 obedientiam.
1893 4469 1949 4542 Sit
1972 4473 2081 4561 igitur
2097 4477 2174 4566 pri-

129 4592 267 4662 eosque
282 4568 460 4638 accusabit
472 4569 709 4659 praetermissi
722 4569 841 4656 officii,
858 4574 1018 4641 ostendet
1034 4570 1130 4661 ipso-
1181 4588 1239 4633 ma
1256 4586 1339 4634 cura
1355 4560 1630 4651 Magistratoum
1644 4567 1816 4653 omnium,
1837 4583 1876 4640 ut
1896 4574 2084 4662 religiones
2102 4578 2173 4651 sint

128 4694 218 4743 rum
242 4671 297 4738 vel
319 4670 533 4760 pertinacia,
559 4672 615 4739 vel
636 4671 849 4760 negligentia
871 4672 1028 4744 infinitas
1050 4671 1129 4740 ani·
1180 4689 1309 4758 purae,
1334 4665 1450 4734 luceat
1463 4662 1501 4732 in
1517 4665 1676 4755 imperiis
1693 4670 1899 4742 mandatum
1916 4675 1960 4743 de
1977 4678 2172 4750 consessio·

128 4794 212 4845 maa
226 4795 248 4840 a
261 4769 337 4841 Deo
353 4771 492 4841 avulsas
505 4795 579 4842 esse
595 4795 635 4841 ac
651 4773 806 4862 periisse.
1180 4790 1238 4848 ne,
1258 4767 1354 4860 quod
1370 4780 1462 4836 certe
1477 4789 1551 4835 non
1568 4768 1682 4838 solum
1699 4771 1742 4838 ad
1757 4772 1913 4861 privatos
1926 4778 2089 4865 pertinet,
2111 4784 2173 4852 sed

239 4872 310 4945 Sed
332 4872 453 4943 sinon
471 4874 603 4944 faciant
622 4875 778 4944 officium
794 4873 1000 4959 Pontifices,
1022 4896 1130 4965 opor·
1181 4870 1287 4940 etiam
1302 4870 1346 4938 ad
1362 4890 1518 4937 summos
1532 4870 1795 4957 gubernatores,
1818 4887 1859 4943 ut
1876 4900 1942 4945 vor
1958 4879 2117 4954 coelestis
2132 4883 2172 4953 in

131 4975 228 5051 tebit
243 4999 290 5044 ne
305 4974 510 5049 Romanum
525 4974 778 5067 Imperatorem
796 4974 981 5072 Synodum
995 4999 1130 5045 convo-
1180 4970 1323 5041 Psalmo
1339 4982 1504 5040 testatur:
1529 4983 1563 5040 et
1578 4994 1674 5041 nunc
1690 4970 1805 5060 Reges
1820 4975 2024 5069 intelligite,
2049 4986 2171 5054 erudi·

131 5101 234 5164 care,
260 5091 296 5148 et
310 5078 443 5147 iudices
457 5077 604 5147 idoneos
618 5079 771 5168 deligere
787 5101 850 5148 suo
867 5092 901 5149 et
915 5076 1067 5173 Synodi,
1090 5100 1129 5147 ac
1181 5072 1272 5142 mini
1286 5072 1349 5165 qui
1362 5069 1526 5141 iudicatis
1538 5084 1678 5141 terram.
1723 5071 1818 5144 llaec
1833 5100 1970 5170 semper
1984 5087 2172 5177 praecipua

131 5181 292 5275 partium
311 5178 467 5248 iudicio?
499 5174 725 5270 Respondeo.
1180 5197 1264 5245 cura
1280 5172 1350 5243 luit
1361 5173 1501 5263 piorum
1516 5170 1744 5265 Principum,
1770 5177 1832 5268 qui
1849 5201 1946 5250 arma
1964 5206 2028 5273 pro
2047 5181 2172 5256 Eccle-

240 5276 300 5351 Ad
321 5303 452 5350 monus
474 5279 525 5371 pii
548 5279 774 5373 Imperatoris
797 5279 946 5350 maxime
964 5279 1129 5374 pertinet,
1181 5277 1232 5346 sia
1244 5272 1314 5344 Dei
1330 5275 1516 5365 gerebant,
1541 5288 1581 5344 ut
1602 5273 1732 5358 Moisi,
1757 5274 1898 5366 Iosoae,
1923 5279 2089 5371 Davidis,
2113 5285 2173 5357 lo-

131 5382 178 5454 in
192 5389 293 5454 tanto
310 5382 469 5472 periculo
491 5383 708 5455 cessantibus
723 5381 974 5461 Pontificibus,
996 5404 1131 5451 convo·
1182 5370 1325 5469 saphat,
1344 5371 1528 5449 Ezechiae.
1580 5373 1719 5446 Horum
1735 5378 1904 5452 victoriae
1927 5408 2001 5454 non
2026 5408 2068 5456 eo
2090 5412 2172 5479 spe·

136 5508 216 5555 care
231 5482 430 5579 Synodum,
456 5497 490 5554 et
507 5484 721 5555 constituere
735 5483 932 5575 legitimum
945 5481 1131 5558 indicium.
1182 5479 1342 5577 stabant,
1364 5492 1407 5551 nt
1419 5477 1573 5571 populus
1586 5477 1625 5547 in
1638 5475 1973 5652 ocqasvoluptatibus
1986 5487 2174 5576 frueretur,

188 5589 368 5656 Μιωτι.
386 5590 493 5659 Orrn.
506 5588 592 5659 Ver..
606 5587 669 5659 xl.
