4664 6022
129 293 213 376 689
832 300 994 376 unct.
1045 299 1120 377 DE
1154 294 1483 376 AMBROSIO.
1580 314 1584 323 '
2103 311 2180 388 690

131 473 219 547 bani
242 466 441 543 Bacchum:
473 495 535 543 vos
555 470 711 545 Romani
735 497 825 565 pene
846 476 949 547 obliti
972 462 1131 547 veterum
1185 486 1343 543 nostram
1366 471 1652 564 disputationem.
1704 473 1919 574 Quanquam
1943 482 2078 552 oblivio
2100 508 2181 554 coe-

133 598 334 661 sacrorum,
372 577 497 646 urbem
525 576 719 646 barbaricis
750 576 880 648 ritibus
907 579 1130 671 implevistis.
1183 576 1280 647 lestis
1304 575 1486 646 doctrinae
1511 590 1589 667 post
1612 570 1737 650 Nohae
1758 582 1850 653 tilios
1873 583 1968 654 inter
1990 598 2109 674 gentes
2124 609 2180 656 se·

137 675 184 750 At
201 679 242 748 in
256 676 415 749 Ecclesia
430 691 551 749 nostra
566 693 669 749 sonat
687 703 761 749 uua
777 693 811 751 et
828 682 949 751 eadem
965 678 1129 772 Evange-
1182 691 1262 749 enta
1282 692 1353 763 est,
1377 690 1495 748 tamen
1518 681 1648 750 mansit
1662 678 1838 770 Ecclesia,
1864 700 1897 757 et
1914 687 2074 757 doctrina
2092 689 2178 757 sub-

138 779 174 851 lii
195 805 268 852 vox
292 805 311 851 a
328 781 453 871 primis
469 782 674 870 parentibus
698 797 866 874 perpetua
889 784 1000 867 serie,
1026 786 1129 856 certis
1181 780 1266 850 inde
1282 793 1395 850 certos
1409 793 1512 850 testes
1528 796 1562 853 et
1579 787 1741 855 custodes
1757 782 1894 861 habuit.
1938 787 2176 859 Gravissimas

135 883 346 957 testimoniis
362 897 570 975 propagata:
589 897 623 954 et
638 896 678 954 ut
692 884 895 956 testimonia
913 901 1029 957 essent
1043 887 1128 959 illu·
1181 906 1301 953 causas
1318 878 1446 953 habuit
1462 882 1545 955 Sem
1560 909 1624 954 cur
1637 888 1729 976 patri
1752 891 1926 961 crederet:
1952 887 2049 962 hunc
2072 891 2176 962 audi·

134 987 279 1070 striora,
305 985 395 1055 ritus
411 986 524 1056 additi
541 999 624 1056 sunt
638 987 724 1057 alias
740 988 820 1072 alii,
846 990 908 1082 qui
926 995 1134 1081 temporum·
1180 986 1232 1056 vit
1248 980 1452 1069 Abraham,
1478 985 1578 1056 cuius
1593 991 1724 1077 posteri
1740 993 1957 1078 doctrinam,
1984 1005 2018 1063 et
2032 1016 2177 1064 conset-0

131 1088 302 1159 articulos
334 1086 591 1173 discernerent,
632 1103 665 1158 et
693 1101 861 1183 tanquam
891 1094 1052 1185 symbola
1082 1095 1126 1162 de
1180 1102 1311 1159 varunt
1343 1100 1378 1158 et
1409 1087 1516 1157 latius
1548 1108 1763 1180 sparserunt.
1815 1093 1905 1164 Nam
1937 1089 2066 1188 loseph
2099 1119 2176 1165 eam

127 1190 294 1263 doctrina
327 1203 538 1280 spectatores
576 1193 819 1269 admonerent.
884 1190 933 1265 Et
967 1195 1126 1264 discendi
1179 1188 1362 1284 Aegyptiis
1377 1191 1535 1274 tradidit,
1561 1205 1681 1281 postea
1698 1219 1761 1285 per
1774 1194 1916 1268 Moiseu
1929 1209 2097 1269 renovata
2112 1211 2176 1284 est,

123 1306 233 1366 eausa
250 1291 416 1387 instituti
424 1305 508 1363 sunt
522 1293 723 1387 frequentes
738 1306 773 1365 et
794 1291 934 1366 honesti
951 1311 1070 1368 coetus
1086 1322 1125 1367 ac
1179 1316 1286 1387 quam
1302 1290 1425 1376 losne,
1451 1287 1603 1362 Phinees
1618 1306 1653 1364 et
1666 1296 1728 1365 alii
1743 1300 1942 1371 audierunt.
1977 1297 2026 1372 Et
2040 1300 2174 1370 consti-

123 1414 337 1490 psnegyres.
388 1393 460 1465 Sed
475 1396 638 1466 doctrina
652 1397 721 1468 suit
738 1420 809 1467 una
825 1400 1017 1493 eademque
1034 1423 1126 1470 sem·
1179 1406 1295 1465 tutum
1317 1407 1368 1465 est
1391 1394 1578 1484 collegium
1604 1395 1834 1471 sacerdotum
1853 1404 1896 1472 ad
1921 1404 2087 1476 tuendam
2106 1403 2173 1472 do·

123 1510 210 1589 per,
241 1520 350 1592 quam
372 1497 412 1566 in
431 1510 503 1567 tam
523 1499 656 1569 crebris
681 1522 800 1570 reram
832 1495 1069 1572 humanarum
1092 1516 1126 1572 et
1178 1497 1348 1581 ctrinam,
1374 1511 1409 1566 et
1423 1497 1507 1566 libri
1522 1499 1608 1567 certi
1622 1503 1859 1574 commendati
1875 1519 1968 1576 sunt.
2010 1503 2173 1576 Subinde

123 1600 292 1673 omnium
315 1599 545 1691 imperiorum
568 1602 845 1688 mutationibus,
871 1605 910 1673 in
935 1618 988 1676 tot
1009 1605 1125 1690 bellis,
1177 1612 1297 1669 tamen
1320 1597 1482 1669 excitavit
1503 1597 1599 1669 Deus
1624 1599 1877 1676 instauratores
1899 1606 2100 1691 doctrinae,
2130 1619 2172 1677 nt

123 1702 401 1787 motionibus,
423 1701 569 1771 excidiis
583 1705 690 1774 etiam
706 1729 825 1775 earum
841 1707 1012 1795 gentium,
1035 1731 1126 1802 quae
1177 1701 1399 1785 Samuelem,
1431 1701 1531 1772 cuius
1547 1703 1735 1775 ‘auditores
1761 1708 1859 1777 lucre
1880 1704 2043 1790 Nathan,
2077 1705 2170 1788 Gad‚

123 1805 351 1897 praebebunt
376 1799 571 1895 hospitium
588 1803 785 1892 Ecclesiae,
812 1809 941 1879 deiude
962 1810 1001 1879 in
1018 1811 1125 1880 tantis
1177 1801 1305 1879 David.
1338 1801 1414 1872 Hos
1430 1805 1547 1874 statim
1563 1808 2016 1883 secutusAbiasSilonites:
2041 1810 2192 1889 deinde,

123 1902 298 2001 periculis
314 1919 408 1977 recte
428 1906 656 1988 sentientium
680 1924 921 1982 conservatam
945 1935 1017 1983 esse
1040 1936 1125 2004 pro·
1176 1903 1294 1992 Elias,
1323 1902 1481 1985 Eliseus,
1504 1902 1646 1988 Esaias,
1679 1906 1863 1996 Ieremias,
1888 1908 2072 1996 Ezechiel,
2097 1911 2171 1983 Da·

123 2006 219 2083 lecto
234 2009 440 2080 mirandum
458 2023 520 2082 est.
919 2009 924 2023 '
1177 2009 1270 2094 niel,
1302 2005 1453 2093 Esdras,
1490 2003 1701 2096 Nehemias,
1745 2010 1973 2098 Machabaei,
2011 2014 2171 2099 Simeon,

212 2144 358 2219 Deinde
374 2159 407 2216 et
422 2146 497 2237 ipsa
513 2147 700 2219 doctorum
716 2149 824 2220 series
839 2162 987 2222 testatur
1002 2149 1124 2240 singu-

123 2250 204 2323 tare
219 2248 287 2322 Dei
305 2248 515 2319 beneficium
533 2273 606 2320 esse
649 2245 757 2322 huius
775 2254 956 2322 doctrinae
981 2276 1124 2323 conser-

123 2353 321 2427 vationem.
374 2350 482 2423 Utin
504 2352 578 2431 acie
599 2307 761 2445 dispositi
779 2367 863 2425 sunt
879 2368 973 2427 certo
998 2357 1124 2426 ordine

123 2448 282 2543 bitites,
306 2467 348 2525 ut
370 2454 409 2523 in
430 2454 637 2545 praeliando
660 2456 721 2525 alii
738 2457 818 2527 aliis
839 2460 1048 2528 succedante
1075 2457 1123 2527 ita

123 2554 166 2631 bt·
176 2553 342 2629 Ecclesia
365 2555 489 2626 divino
515 2557 665 2627 consilio
687 2560 847 2630 doctores
865 2573 899 2629 et
920 2573 1024 2631 testes
1039 2584 1122 2629 vera

123 2658 320 2733 tutoritate
342 2657 495 2751 praediti
519 2659 599 2729 aliis
629 2674 880 2736 successerunt.
933 2661 1122 2732 Viventem

123 2756 252 2834 ‚idam
264 2758 452 2831 audierunt
466 2760 604 2854 aliquot
618 2763 744 2832 seculis
760 2756 859 2844 Seth,
884 2760 984 2835 Enos
1001 2778 1034 2833 et
1048 2762 1125 2833 He-

123 2857 237 2955 tnch.
291 2859 478 2933 Viventem
499 2858 600 2934 Enos
620 2864 759 2935 audivit
778 2861 903 2950 Noha,
929 2862 1026 2937 hunc
1043 2877 1124 2959 post

123 2962 306 3053 titurium
325 2964 458 3058 posteri
481 2987 594 3035 annos
617 2978 790 3038 trecentos
813 2981 847 3038 ct
864 2969 1123 3064 quinquaginta

123 3052 339 3153 finierunt,
370 3067 427 3138 cui
444 3064 525 3139 Sem
544 3068 638 3138 lilius
663 3068 726 3161 qui
749 3070 926 3162 principes
947 3067 1123 3140 Ecclesiae

123 3150 209 3257 hte
243 3167 423 3238 diluvium
455 3183 490 3239 et
514 3185 633 3260 postea
658 3194 789 3239 novam
811 3195 930 3241 rerum
957 3183 1121 3241 naturam

123 3272 243 3356 ndis,
266 3272 432 3341 successit
446 3267 615 3341 Abrahae
639 3272 817 3361 magister.
868 3270 959 3343 Nam
982 3286 1017 3344 et
1034 3272 1123 3342 viei-

123 3394 194 3447 ω
207 3373 310 3445 sedes
328 3367 546 3459 habuerunt,
570 3388 606 3444 et
620 3387 754 3444 veteres
769 3369 991 3445 Ebraeorum
1008 3370 1123 3445 histo-

123 3472 208 3549 ἢκ
228 3474 354 3547 docent
374 3474 458 3548 Sem
480 3475 588 3546 luisse
612 3499 691 3545 eum
715 3473 942 3557 Pontificem,
976 3476 1031 3546 cui
1056 3500 1123 3544 no-

123 3598 214 3651 men
240 3589 293 3649 est
315 3571 594 3653 Melchisedech.
651 3575 723 3649 Nec
747 3579 899 3650 dubium
924 3592 976 3650 est
1000 3573 1125 3670 laphet

172 3794 241 3855 tur
262 3781 398 3875 aliquot
421 3781 566 3861 seculis,
598 3782 703 3852 etiam
729 3782 769 3851 in
791 3783 924 3854 dissitis
946 3784 1122 3874 gentibus.

216 3884 309 3964 esia,
336 3884 400 3955 etsi
414 3882 585 3975 paulatim
610 3879 676 3954 hos
697 3885 884 3975 magistros
901 3886 1005 3957 multi
1024 3887 1124 3955 dese-

123 3997 299 4071 ruerunt,
329 3985 496 4080 venitque
512 3985 667 4057 deterior
681 4000 795 4074 aetas,
825 4012 895 4084 qna
919 3989 1048 4081 passim
1065 3989 1124 4059 lu·

123 4106 208 4185 gete
225 4090 362 4183 pudor,
387 4112 581 4182 verumque
597 4088 763 4182 fidesque.

123 3692 297 3959 Ξιεωιε
320 3679 502 3750 doctrinae
524 3681 704 3751 custodem
729 3681 791 3750 diu
816 3682 936 3752 luisse.
988 3679 1124 3752 Mansit

123 4298 128 4313 Ι
231 4224 330 4316 lnque
344 4231 455 4293 horum
468 4233 584 4294 subiere
601 4235 703 4293 locum
720 4230 901 4317 fraudesque
923 4233 1059 4318 dolique,

123 4416 126 4423 Ι
232 4331 424 4419 Insidiaeque
440 4348 470 4396 et
482 4340 526 4397 ria
540 4347 569 4397 et
584 4355 668 4396 arnor
680 4339 839 4398 sceleratus
854 4335 996 4398 habendi.

123 4458 264 4555 Bagna
289 4476 341 4532 est
364 4461 501 4532 diaboli
529 4460 704 4552 potentia,
736 4461 939 4533 insidiantis
967 4459 1124 4533 humano

123 4563 264 4663 generi,
288 4586 416 4654 magna
430 4558 619 4633 hominurn
634 4562 831 4634 infirmitas.
883 4561 969 4634 ldeo
987 4588 1125 4657 semper

123 4679 242 4759 mut
258 4689 374 4737 mores
387 4666 427 4736 in
441 4666 608 4748 deterius,
634 4689 674 4734 ac
689 4665 822 4737 mirum
835 4680 886 4736 est
903 4667 942 4734 in
959 4665 1123 4738 Sodomis

123 4782 271 4847 tanturn
293 4769 459 4839 exarsisse
478 4769 655 4854 furorem,
687 4791 768 4837 eum
791 4762 965 4838 haberent
988 4769 1125 4838 vicinos

123 4872 293 4949 huores
307 4868 389 4943 Sem
404 4882 440 4941 et
454 4863 649 4952 Abrabam,
671 4894 711 4938 ac
726 4871 838 4940 civem
856 4867 992 4940 Loth·
1008 4868 1125 4940 Testis

1176 2112 1326 2181 loannes
1345 2108 1502 2200 Baptista
1521 2135 1595 2180 non
1617 2113 1734 2204 longis
1752 2117 1947 2186 intervallis
1964 2117 2003 2185 in
2020 2118 2168 2186 eandem
2248 2134 2251 2139 ’

1175 2213 1364 2284 stationem
1379 2228 1637 2295 successerunt,
1663 2212 1728 2286 hos
1741 2218 1851 2288 secuti
1866 2215 2042 2302 Christus,
2067 2216 2168 2307 Apo-

1174 2316 1258 2388 stoli
1289 2327 1324 2385 et
1356 2309 1485 2384 horum
1509 2316 1676 2408 discipuli
1699 2314 1935 2409 Evangelium
1963 2331 2170 2412 sparserunt

1175 2419 1270 2489 inter
1285 2429 1424 2508 gentes,
1448 2418 1585 2506 magnis
1601 2422 1863 2492 certaminibus.

1277 2520 1393 2590 Multa
1419 2532 1522 2603 sunt,
1555 2544 1644 2613 quae
1667 2524 1798 2593 bonam
1821 2537 1974 2594 mentem
1995 2523 2169 2595 delectare

1177 2637 1334 2714 possunt,
1361 2622 1389 2690 si
1405 2621 1530 2691 seriem
1547 2623 1745 2696 consideret
1760 2627 1945 2698 doctorum
1963 2639 2167 2697 nostrorum

1175 2727 1260 2794 inde
1287 2747 1399 2817 usque
1422 2723 1468 2792 ab
1483 2725 1598 2793 Adam
1623 2727 1669 2794 ad
1691 2723 1944 2820 Apostolorum
1961 2728 2167 2818 discipulos.

1174 2826 1335 2897 Primum
1369 2824 1586 2915 conspicitur
1614 2825 1683 2898 Dei
1711 2830 1934 2920 providentia
1961 2831 2001 2899 in
2034 2830 2167 2900 tuenda

1174 2929 1354 3008 doctrina,
1378 2927 1470 3021 qui,
1488 2928 1554 2998 etsi
1576 2951 1702 3019 magna
1725 2932 1763 3000 in
1782 2928 1890 3004 lsrat'il
1912 2944 1946 3002 et
1962 2930 2067 3016 luda,
2093 2928 2168 3003 Re-

1174 3054 1257 3121 gum
1273 3053 1313 3099 ac
1326 3027 1575 3110 Sacerdotum,
1605 3043 1682 3102 tum
1698 3035 1923 3124 negligentia,
1949 3046 2025 3105 tum
2040 3033 2168 3125 impie-

1173 3147 1226 3203 tas
1250 3131 1336 3210 fuit,
1365 3143 1400 3200 et
1420 3153 1567 3219 magnae
1587 3132 1704 3203 clades
1729 3149 1891 3228 acceptae
1915 3149 2016 3221 sunt,
2048 3148 2168 3203 tamen

1174 3233 1383 3304 excellentes
1404 3231 1656 3320 gubernatores
1677 3235 1745 3327 piis
1758 3239 1910 3328 quadam
1927 3236 2096 3308 continua
2113 3258 2168 3305 se-

1174 3337 1227 3407 rie
1241 3334 1352 3405 dedit.
1393 3330 1473 3402 Hoc
1489 3335 1596 3403 modo
1611 3359 1724 3431 nsque
1742 3340 1786 3407 ad
1800 3338 1925 3409 mundi
1944 3340 2050 3408 finem
2065 3337 2167 3407 Deus

1175 3434 1370 3510 Ecclesiam
1386 3435 1646 3526 gubernatums
1669 3451 1738 3525 est,
1761 3439 1799 3508 in
1813 3465 1883 3534 qna
1898 3440 1963 3511 etsi
1980 3452 2101 3523 erunt,
2127 3450 2167 3511 ut

1175 3540 1246 3629 iarn
1280 3539 1438 3630 exempla
1465 3537 1599 3608 Ariana
1625 3538 1800 3627 vidimus,
1837 3541 1956 3632 magni
1983 3541 2168 3624 tumultus,

1176 3657 1296 3714 tamen
1312 3640 1410 3714 Deus
1426 3639 1566 3733 aliquos
1589 3642 1741 3713 subinde
1756 3643 1958 3715 defensores
1978 3656 2012 3713 et
2031 3643 2168 3713 instau-

1175 3757 1308 3816 ratores
1322 3765 1425 3812 verae
1438 3743 1620 3814 doctrinae
1637 3745 1814 3822 excitabit.
1857 3742 1999 3817 Deinde
2014 3746 2100 3840 quid
2116 3758 2170 3816 est

1175 3843 1383 3929 iucundius,
1407 3861 1521 3938 ‘quam
1548 3845 1670 3916 videre
1691 3848 1796 3917 talem
1818 3848 1990 3922 Senatum
2009 3871 2169 3919 summo·

1175 3973 1256 4020 rum
1273 3947 1454 4031 virorum,
1480 3946 1542 4039 qui
1559 3942 1738 4018 Ecclesiae
1753 3951 1860 4020 duces
1874 3951 2030 4034 luerunt,
2054 3962 2089 4021 et
2103 3972 2169 4018 an-

1176 4051 1412 4124 tecelluerunt
1426 4048 1492 4119 toti
1505 4049 1626 4139 generi
1642 4044 1800 4121 humano
1815 4051 1999 4143 sapientia,
2023 4050 2170 4138 iustitia,

1175 4152 1359 4236 doctriua,
1390 4152 1634 4240 magnitudine
1654 4151 1783 4238 animi,
1814 4153 1998 4225 sanctitate
2016 4177 2170 4237 morum,

1176 4255 1291 4344 gloria
1312 4276 1431 4324 rerum
1461 4267 1655 4342 gestarum,
1694 4254 1849 4348 denique
1873 4278 1936 4348 per
1958 4276 2049 4348 quos
2072 4255 2169 4324 viros

1177 4355 1275 4428 Deus
1294 4379 1331 4426 se
1353 4349 1512 4425 humano
1532 4355 1653 4445 generi
1675 4356 1860 4448 patefecit?
1911 4355 2017 4446 Quod
2035 4369 2170 4446 specta·

1177 4460 1299 4531 culum
1313 4457 1460 4546 cogitari
1482 4456 1675 4529 iucundius
1695 4471 1827 4552 potest,
1852 4482 1958 4554 quam
1974 4456 2096 4528 videre
2114 4469 2170 4526 ta-

1176 4561 1247 4632 lem
1261 4557 1425 4630 coetum?

1279 4659 1398 4751 Quam
1424 4676 1463 4731 tu
1483 4654 1572 4728 mihi
1594 4660 1718 4730 seriem
1739 4656 1951 4756 Symmache
1972 4673 2170 4732 vestrorum

1178 4767 1364 4835 doctorum
1384 4763 1532 4833 recitare
1556 4763 1678 4852 potes?
1716 4761 1878 4833 Minoem
1893 4763 1989 4833 dices
2006 4760 2101 4832 lovis
2116 4761 2171 4831 fa·

1177 4866 1380 4935 miliaritate
1396 4877 1430 4935 et
1446 4864 1625 4955 colloquio
1643 4887 1749 4935 usum
1765 4887 1877 4934 annos
1894 4887 2033 4936 novem.
2092 4860 2172 4934 Nu·

123 4974 204 5051 illis
233 4987 310 5042 erat
335 4972 463 5043 diluvii
485 4970 587 5058 Sem,
613 4966 796 5041 Abraham
822 4973 1031 5041 liberaverat
1056 4970 1124 5043 So-
1175 4990 1270 5036 mam
1284 4966 1391 5037 etiam
1406 4964 1604 5035 recensebis
1619 4961 1767 5056 Egeriae
1784 4964 1932 5038 monitis
1951 4965 2044 5056 leges
2065 4979 2099 5036 et
2114 4989 2173 5036 ce-

123 5078 279 5153 dnmeos
292 5072 476 5164 profligato
493 5068 615 5144 hostili
632 5074 798 5144 exercitu.
840 5073 909 5145 Sed
926 5097 991 5143 nec
1007 5097 1124 5142 exem·
1176 5069 1354 5139 remonias
1369 5079 1640 5160 proponentem.
1689 5063 1768 5136 Etsi
1791 5082 1874 5137 sunt
1891 5069 2045 5138 absurda
2061 5089 2174 5161 quae-0

123 5180 233 5277 flam
252 5175 400 5260 diluvii,
424 5198 490 5245 uec
512 5189 626 5244 metus
650 5176 805 5246 ullarum
822 5199 1034 5267 poenarum,
1059 5199 1124 5245 nec
1176 5173 1257 5241 dam
1273 5171 1311 5239 in
1320 5167 1469 5241 Graecis
1481 5168 1629 5259 legibus,
1650 5167 1855 5259 praesertim
1871 5170 1916 5239 de
1931 5168 2122 5240 connubiis
2137 5180 2173 5238 et

123 5279 304 5357 ntoritas
328 5272 457 5348 horum
484 5275 661 5361 virorum,
698 5300 763 5346 nec
789 5277 956 5347 beneficia
981 5276 1123 5359 divina,
1174 5272 1359 5358 sodalitiis,
1374 5287 1492 5346 tamen
1506 5270 1686 5341 adsentior
1700 5270 1807 5341 fuisse
1820 5269 2008 5364 aliquoties
2023 5288 2172 5360 magnos

123 5407 222 5481 quae
245 5405 309 5472 per
325 5373 390 5448 hos
404 5377 625 5467 contigerant
642 5378 781 5448 flectere
801 5381 846 5450 ad
866 5381 1029 5449 meliores
1044 5402 1123 5449 mo·
1174 5377 1442 5468 gubernatores,
1467 5374 1528 5466 qui
1543 5372 1663 5442 civiles
1679 5395 1795 5442 mores
1811 5373 2104 5452 emendaverunt,
2130 5392 2173 5439 ae

123 5510 187 5560 res
201 5479 298 5556 hanc
319 5481 588 5553 multitudinem
607 5494 813 5573 potuerunt.
871 5480 943 5554 Sed
959 5483 1065 5552 redeo
1078 5482 1124 5552 ad
1175 5477 1400 5572 disciplinam
1417 5478 1463 5548 ad
1479 5488 1625 5547 naturae
1641 5475 1753 5564 teges,
1779 5487 1952 5568 quantum
1976 5485 2173 5566 potuemnt
