4664 6022
69 308 147 388 stt
630 306 792 387 DECL.
826 307 902 389 DE
934 302 1251 388 nocrttttta
1282 304 1550 391 ANATOM·
1763 299 1768 305 ’
2036 319 2113 399 942

68 488 220 559 brorum
242 482 397 581 positus,
423 483 655 573 substantias,
681 468 874 580 'qualitates
892 499 934 560 ει
955 484 1071 557 officia
1119 478 1287 555 Hasnana
1303 483 1574 574 mensagnoseit
1588 498 1699 557 artem
1716 501 1751 561 et
1765 489 1949 581 opificem,
1967 503 2002 563 et
2016 492 2113 567 videt

69 589 175 676 scire,
188 613 230 661 ac
245 591 447 675 observare,
464 612 555 682 quae
571 587 702 683 quibus
714 588 904 660 foveantur
916 602 980 661 aut
996 588 1071 659 lae-
1118 583 1159 655 in
1167 585 1283 676 seipsa
1298 586 1598 677 expressissimum
1615 592 1659 660 de
1667 589 1747 663 Deo
1762 592 2005 664 testimonium
2015 596 2112 666 noti-

68 693 215 769 dantur.
265 689 364 764 Haec
391 690 720 786 quantulacumque
742 689 899 782 cognitio
924 691 1070 785 prodest
1119 685 1190 758 cias
1205 710 1436 758 numerorum
1451 703 1485 761 et
1499 689 1654 778 ordinis,
1676 693 1865 765 discrimen
1879 690 2109 768 honestarum

68 795 115 866 ad
131 793 297 866 vitandos
316 794 449 865 multos
464 795 626 879 morbos,
652 817 756 883 saepe
774 793 881 866 etiam
907 788 1069 884 philoso·
1118 802 1153 861 ει
1182 790 1340 882 turpium
1374 789 1573 880 actionum,
1612 818 1702 889 quae
1730 795 1770 865 in
1799 812 1917 869 mente
1949 793 2107 872 humana

67 893 174 990 phica
188 896 372 987 diligentia
389 896 520 989 depelli
536 910 687 988 possunt
701 919 828 966 recens
850 896 925 966 nati
950 894 1069 966 morbi
1117 890 1218 984 quasi
1234 905 1377 963 aeterno
1390 908 1490 986 septo
1505 896 1691 967 distinctae
1705 912 1801 973 sunt.
1850 896 1925 973 Res
1948 902 2034 973 tales
2057 901 2107 975 ita

67 1011 260 1093 antequam
276 1000 525 1082 confirmatur,
551 998 820 1092 quibuspostea
843 997 973 1069 medici
990 999 1068 1068 fru-
1117 996 1397 1066 casuexatomis
1410 997 1580 1069 conflatas
1596 1022 1668 1069 esse
1684 998 1903 1090 impossibile
1919 1017 1982 1078 est.
2033 1003 2107 1076 Ita·

67 1116 141 1175 stra
157 1096 369 1172 adhiberent
383 1100 550 1171 remedia.
602 1098 644 1171 ld
661 1101 737 1170 fieri
753 1123 828 1171 non
843 1113 975 1193 potest,
997 1099 1068 1171 nisi
1116 1120 1188 1189 que
1221 1119 1322 1188 saepe
1351 1099 1452 1191 quasi
1477 1099 1620 1171 intuens
1643 1096 1847 1185 hominem,
1880 1104 1977 1175 etin
2001 1106 2105 1179 nohis

67 1203 229 1295 corporis
259 1198 409 1274 humani
437 1201 638 1273 aedilicium
660 1203 781 1296 aliquo
807 1205 915 1274 modo
938 1215 1066 1274 notum
1115 1198 1203 1290 ipsis
1222 1192 1309 1269 haec
1330 1200 1476 1291 vestigia
1499 1203 1571 1276 Dei
1593 1204 1764 1290 lustrans,
1795 1200 2005 1278 cohorresco
2028 1222 2104 1280 toto

65 1306 126 1382 sit.
178 1304 291 1398 Saepe
315 1306 354 1375 in
378 1305 506 1375 subitis
528 1304 696 1395 periculis
718 1304 855 1376 orificio
876 1304 1065 1376 ventriculi
1115 1323 1286 1394 corpore,
1311 1326 1352 1374 ac
1367 1303 1470 1375 doleo
1487 1318 1621 1378 tantam
1636 1306 1707 1376 Dei
1721 1307 1978 1397 neglectionem
1999 1310 2105 1382 nobis

65 1407 236 1481 accidunt
250 1408 455 1491 accidentia,
481 1431 572 1501 quae
587 1407 627 1476 in
642 1419 803 1500 tempore
818 1408 1062 1478 animadversa
1114 1403 1303 1494 obrepere,
1341 1429 1421 1474 cum
1458 1419 1529 1476 tam
1559 1407 1744 1500 perspicua
1779 1423 1813 1480 et
1839 1434 1914 1480 non
1943 1411 2105 1484 fallentia

66 1511 172 1584 facile
200 1510 314 1581 arceri
343 1522 509 1606 possunt,
550 1509 709 1602 neglecta
737 1534 822 1581 vero
852 1533 974 1582 necem
1000 1510 1066 1580 ad·
1113 1506 1318 1577 testimonia
1335 1508 1380 1576 de
1401 1530 1475 1578 sese
1489 1511 1595 1580 nobis
1611 1511 1844 1602 impresserit,
1867 1514 1928 1584 sed
1949 1512 2105 1584 assensio

66 1615 201 1686 ferunt.
1113 1607 1158 1677 de
1187 1608 1414 1699 providentia
1439 1612 1576 1682 firmior
1601 1627 1710 1698 esset,
1743 1627 1778 1683 et
1800 1615 1996 1686 reverentia
2022 1637 2104 1707 erga

170 1710 238 1786 llst
268 1727 385 1786 autem
418 1711 626 1786 manifestus
657 1713 778 1800 furor,
823 1737 900 1784 non
928 1711 1064 1785 moveri
1112 1703 1230 1780 Deum
1254 1712 1389 1798 maior,
1420 1713 1450 1782 si
1472 1735 1575 1806 saepe
1598 1729 1638 1795 ,et
1657 1727 1789 1787 attente
1811 1709 1880 1786 hoc
1904 1718 2105 1789 aedificium

66 1843 152 1892 cura
171 1817 323 1889 tuendae
339 1816 433 1888 vitae
455 1829 491 1887 et
515 1815 749 1896 valetudinis,
775 1840 882 1910 quam
905 1831 940 1887 et
960 1839 1065 1909 prae-
1112 1811 1357 1903 aspiceremus.
1416 1811 1491 1884 lam
1517 1830 1650 1911 quanto
1675 1810 1746 1886 hoc
1772 1818 2020 1892 admirabilius
2041 1833 2105 1908 est,

66 1921 155 2014 cipit
176 1915 275 1991 Deus
296 1932 333 1990 et
359 1918 515 1991 adiuvat.
570 1917 657 1990 Vult
681 1917 777 1989 euim
798 1931 835 1990 ει
856 1942 930 1990 esse
953 1941 1064 2010 genus
1112 1914 1209 2007 quod
1224 1938 1280 1986 res
1305 1916 1562 1989 diversissimas
1584 1920 1623 1988 in
1645 1912 1810 2006 homine,
1837 1922 1938 2016 quasi
1962 1921 2001 1992 in
2023 1946 2105 2014 par-

66 2019 265 2096 humanum
283 2035 319 2093 et
334 2021 374 2091 in
391 2015 458 2092 hac
473 2020 618 2091 mortali
633 2020 707 2092 rita
723 2022 928 2113 praeparari
945 2017 1064 2091 homi·
1111 2040 1196 2086 vum
1225 2019 1402 2090 mundum
1430 2020 1576 2094 inclusit
1601 2015 1832 2105 architectus,
1878 2024 2035 2095 culinam
2071 2037 2106 2097 ει

66 2149 130 2197 nes
145 2126 190 2196 ad
206 2136 384 2196 aeternam
401 2118 745 2194 coelestisllcelesiae
758 2123 1063 2198 consuetudinem.
1110 2131 1279 2196 mentem.

63 2226 141 2302 Nec
160 2228 279 2298 subito
307 2226 385 2298 vult
409 2225 568 2316 extingui
591 2247 736 2310 omnes,
770 2227 831 2295 sed
857 2226 1064 2319 superstites
1211 2218 1303 2293 Cum
1319 2216 1428 2294 homo
1443 2223 1609 2295 conditus
1622 2222 1668 2296 sit
1684 2225 1729 2295 ad
1747 2225 1938 2319 imaginem
1953 2238 1989 2299 et
2012 2227 2105 2298 cele·

65 2354 143 2402 esse
158 2329 297 2424 aliquos
313 2341 460 2420 propter
475 2325 658 2397 iuniorum
676 2327 933 2415 educationem,
958 2327 1063 2400 insti·
1110 2322 1312 2395 hrstionem
1326 2320 1415 2407 Dei,
1441 2340 1476 2399 ει
1492 2338 1532 2396 ιιι
1547 2327 1688 2398 fruatur
1702 2328 1778 2399 eius
1799 2328 1973 2421 sapientia
1988 2341 2024 2400 et
2038 2330 2106 2400 bo-

66 2431 265 2514 tutionem,
292 2429 535 2500 defensionem
557 2442 591 2499 et
608 2428 916 2517 gubernationem.
966 2428 1064 2501 Haec
1110 2426 1221 2498 nitate
1240 2427 1280 2496 in
1301 2428 1403 2498 omni
1425 2429 1649 2515 aeternitate,
1687 2429 1772 2522 quid
1796 2453 1886 2524 opus
1907 2431 2105 2518 estculina,

63 2531 135 2608 Dei
150 2531 316 2602 voluntas
330 2553 432 2622 saepe
451 2529 709 2601 consideranda
732 2543 823 2619 erat,
849 2545 884 2603 et
907 2544 948 2605 ut
968 2533 1062 2604 vitae
1111 2529 1287 2622 quaeerit
1304 2529 1421 2600 ociosa
1440 2529 1478 2600 in
1495 2530 1557 2601 illa
1576 2544 1740 2603 aeternae
1755 2529 1934 2604 Ecclesiae
1955 2557 2104 2605 consue-

64 2657 177 2707 onera
192 2647 227 2703 et
242 2626 308 2702 hos
323 2654 529 2702 communes
544 2631 683 2702 labores
695 2632 816 2706 minus
829 2635 976 2707 moleste
990 2636 1062 2705 fer·
1111 2631 1248 2706 tudine.
1307 2630 1378 2705 Sed
1402 2627 1499 2703 haud
1524 2633 1634 2704 dubie
1655 2635 1747 2704 facta
1767 2648 1821 2706 est
1845 2631 1973 2707 harum
1994 2634 2104 2706 dissi·

64 2758 205 2819 remus,
246 2747 283 2806 ει
307 2746 348 2804 ut
371 2726 457 2803 haec
481 2733 621 2823 fragilia
646 2758 794 2826 corpora
821 2736 957 2808 maiore
977 2737 1062 2808 dili-
1110 2731 1342 2804 millimarum
1367 2758 1487 2806 rerum
1510 2735 1709 2828 copulatio,
1745 2737 1885 2808 culinae
1907 2752 1941 2810 et
1963 2737 2105 2824 mentis,

63 2836 182 2928 gentia
200 2847 343 2926 propter
359 2835 579 2906 voluntatem
593 2831 663 2905 Dei
683 2851 719 2909 et
734 2836 887 2908 aliorum
905 2839 1060 2909 necessi·
1110 2829 1203 2906 hanc
1217 2835 1330 2927 ipsam
1345 2837 1393 2908 ob
1406 2858 1566 2924 causam,
1591 2838 1674 2932 quia
1689 2834 1788 2908 Deus
1808 2839 1846 2910 in
1871 2834 1937 2912 hac
1963 2841 2035 2909 vita
2058 2839 2105 2910 il·

60 2949 171 3009 tatem
190 2937 403 3006 foveremus.
1110 2935 1180 3007 lius
1201 2951 1368 3010 aeternae
1390 2939 1498 3024 lucis,
1537 2953 1572 3013 et
1594 2939 1687 3009 vitae
1707 2940 1810 3012 initia
1842 2943 1920 3014 vult
1949 2942 2105 3017 accendi.

166 3034 259 3109 Cum
280 3052 398 3109 autem
416 3050 499 3108 nota
517 3039 562 3108 sit
580 3032 667 3110 haec
686 3038 802 3132 prima
817 3038 954 3111 utilitas
970 3061 1058 3108 con·
1110 3037 1200 3108 Vult
1212 3062 1311 3109 nunc
1325 3064 1469 3134 quoque
1484 3065 1552 3113 nos
1564 3064 1639 3112 esse
1653 3065 1717 3113 sua
1731 3043 1883 3136 templa,
1906 3068 2014 3139 quare
2028 3058 2105 3117 stu·

61 3140 291 3211 siderationis
321 3135 472 3210 humani
503 3139 680 3232 corporis,
718 3143 846 3213 accedo
878 3141 924 3211 ad
960 3140 1059 3211 alias.
1108 3137 1168 3208 dia
1182 3138 1253 3211 sint
1270 3144 1493 3223 ardentiora,
1515 3166 1606 3236 qnae
1621 3143 1716 3212 viam
1731 3145 1777 3214 ad
1792 3144 1869 3215 eius
1885 3147 2104 3236 agnitionem

60 3239 196 3315 Nutrix
211 3255 263 3314 εει
281 3242 475 3313 multarum
499 3240 674 3314 virtutum
698 3237 786 3315 haec
805 3244 882 3336 ipsa
904 3242 1058 3334 aspectio
1108 3243 1321 3329 ostendunt,
1346 3255 1382 3314 ει
1406 3243 1453 3313 εἰι
1472 3267 1556 3314 cura
1576 3243 1692 3313 maior
1714 3246 1860 3335 regendi
1883 3270 2019 3328 mores,
2052 3247 2103 3320 ita

60 3344 216 3419 aedificii
246 3345 440 3416 multarum
471 3344 510 3413 in
538 3343 645 3413 nobis
675 3347 844 3436 partium.
901 3338 950 3415 Et
973 3342 1058 3439 qnia
1107 3356 1148 3415 ut
1171 3338 1259 3415 haec
1282 3345 1358 3437 ipsa
1373 3339 1440 3415 Dei
1463 3369 1532 3414 vox
1556 3367 1687 3416 sonans
1708 3346 1747 3415 in
1767 3349 1899 3418 nostris
1921 3350 2101 3421 mentibus

61 3448 180 3542 prima
194 3446 309 3539 virtus
323 3461 395 3532 est,
421 3445 556 3536 agnitio
573 3440 642 3516 Dei
665 3447 819 3538 opificis,
846 3445 948 3517 valde
970 3470 1058 3516 con-
1107 3445 1290 3537 praecipit.
1340 3444 1413 3520 Nec
1425 3459 1564 3517 tanturn
1577 3448 1758 3519 convincit
1773 3472 1840 3519 nos
1853 3445 1912 3521 hic
1926 3451 2036 3537 ordo,
2061 3465 2102 3525 ut

61 3549 226 3622 firmatur
249 3549 413 3620 adsensio
435 3550 480 3618 de
503 3547 745 3640 providentia,
771 3573 852 3621 cnm
874 3546 1058 3619 admiran·
1107 3570 1182 3618 esse
1202 3545 1319 3619 Deum
1346 3548 1449 3620 fateri
1479 3570 1663 3639 cogamur,
1698 3551 1760 3621 sed
1782 3551 1887 3622 etiam
1908 3553 2023 3646 qualis
2045 3553 2104 3642 sit,

59 3653 146 3724 dam
159 3665 271 3723 artem
287 3649 326 3721 in
343 3664 414 3723 tota
431 3650 663 3722 fabricatione
680 3645 837 3722 hominis
852 3649 1058 3723 considera·
1107 3663 1251 3734 monet,
1276 3662 1312 3721 et
1325 3650 1515 3742 imaginem
1532 3651 1802 3742 gubernationis
1819 3653 1962 3724 divinae
1977 3655 2015 3725 in
2033 3680 2101 3726 no·
2117 3710 2119 3714 .

59 3777 163 3839 mus,
193 3757 238 3824 de
261 3779 330 3848 qua
355 3777 429 3823 non
452 3767 584 3824 temere
604 3753 740 3824 dictum
763 3768 834 3835 est,
873 3747 1057 3825 hominem
1106 3751 1163 3823 his
1188 3751 1481 3826 circumferimus.
1547 3750 1867 3850 Tota·antiquitas
1895 3751 1964 3827 hoc
1991 3760 2100 3828 modo

59 3878 303 3949 ceseparvum
323 3857 516 3938 mundum,
542 3853 626 3949 quia
647 3878 747 3925 rnens
768 3854 885 3947 imago
901 3853 970 3927 Dei
992 3866 1058 3936 est,
1106 3853 1291 3926 distribuit
1311 3849 1468 3926 hominis
1488 3855 1601 3936 vires,
1641 3856 1732 3929 dixit
1756 3857 1795 3929 in
1818 3858 1924 3931 nohis
1954 3881 2027 3929 esse
2055 3854 2098 3931 τὸ

58 3958 240 4049 fastigium
255 3951 412 4027 hominis
427 3957 624 4038 cerebrum,
646 3956 749 4027 nervi
765 3971 800 4030 ει
814 3957 972 4051 spiritus,
993 3958 1057 4050 qui
1107 3949 1353 4056 ἡγεμονικὸν,
1399 3952 1443 4029 τὸ
1481 3953 1667 4049 θυμικὸν,
1717 3955 1852 4032 καὶτὸ
1881 3956 2099 4055 θρεπτικὸν.

58 4062 261 4153 gubernant
275 4082 398 4130 omnes
413 4059 591 4139 actiones,
615 4058 799 4132 coelestem
817 4076 981 4133 naturam
998 4083 1057 4130 re-
1105 4053 1330 4158 ἡγεμονικὸν
1344 4060 1505 4130 continet
1521 4059 1673 4131 noticias
1687 4061 1849 4132 rectrices
1866 4062 1971 4133 vitae.

58 4164 199 4235 ferunt:
225 4161 345 4232 culina
359 4162 506 4252 gignens
520 4160 748 4248 alimentum,
767 4175 881 4233 temne
895 4177 931 4236 et
943 4185 1056 4256 aquae
1209 4158 1287 4232 llae
1304 4186 1385 4231 cum
1400 4162 1602 4233 discernant
1615 4157 1766 4234 honesta
1780 4177 1815 4235 et
1831 4164 1962 4257 turpia,
1980 4178 2100 4234 osten·

61 4264 217 4338 similior
239 4277 303 4339 est.
368 4261 441 4334 Cor
464 4275 582 4334 autem
605 4264 702 4356 quod
728 4263 810 4335 fons
832 4277 885 4337 est
906 4264 998 4334 vitae
1021 4276 1057 4336 ει
1106 4263 1197 4334 dunt
1227 4262 1343 4358 qualis
1372 4263 1418 4334 sit
1441 4258 1558 4348 Deus,
1595 4264 1761 4337 videlicet
1783 4267 1943 4359 sapiens,
1983 4288 2099 4351 verax,

59 4366 195 4438 vivifici
216 4364 345 4436 caloris
368 4363 446 4437 Soli
468 4364 662 4436 rectissime
690 4366 846 4438 conferri
876 4365 1056 4439 existimo.
1106 4367 1241 4452 bonus,
1264 4365 1460 4451 beneficus,
1484 4364 1610 4452 iustus,
1635 4381 1761 4452 castus,
1784 4367 1967 4439 liberrime
1982 4389 2100 4456 agens,

57 4469 136 4543 lam
151 4467 312 4559 singulae
327 4481 445 4560 partes
459 4467 508 4539 ita
523 4479 605 4560 apte
618 4466 831 4541 distributae
852 4482 936 4541 sunt
957 4465 1056 4555 locis,
1105 4466 1238 4538 vindex
1267 4466 1459 4553 scelerum,
1491 4467 1599 4537 talem
1631 4466 1865 4560 intelligimus
1896 4491 1971 4540 esse
1997 4467 2098 4537 illam

57 4585 96 4646 et
109 4570 298 4643 distinctae
311 4568 477 4656 materia,
501 4569 639 4660 liguris,
664 4570 913 4662 qualitatihus,
937 4582 980 4643 ut
994 4593 1056 4640 or·
1104 4567 1276 4662 optimam
1297 4583 1453 4640 mentem
1482 4561 1802 4662 architectaricem,
1836 4594 1928 4667 quse
1951 4568 2098 4667 quidem
2151 4601 2153 4605 ·

58 4675 145 4747 dine
163 4696 205 4744 sc
229 4685 305 4744 arte
328 4672 603 4758 convincamur,
628 4664 722 4741 hanc
745 4696 865 4744 rerum
889 4687 1053 4744 naturam
1104 4669 1310 4743 etnosvult
1324 4695 1405 4741 cum
1421 4663 1612 4841 archetppo
1629 4695 1835 4763 congruere.

1569 4796 1611 4842 oc

58 4797 285 4871 nequaquam
303 4796 385 4844 casu
408 4773 583 4859 extitisse,
607 4773 669 4843 sed
693 4797 767 4844 esse
785 4789 941 4846 mentem
968 4797 1055 4844 con·
1205 4766 1254 4844 Et
1272 4785 1314 4843 ut
1329 4770 1520 4843 discrimen
1634 4767 1862 4845 honestarum
1883 4786 1916 4844 et
1938 4771 2097 4865 turpium

57 4877 242 4962 ditricem,
270 4877 420 4970 quaeda
437 4900 510 4947 sese
523 4874 766 4947 testimonium
784 4891 904 4950 estare
926 4878 965 4946 in
987 4869 1055 4945 ho·
1104 4872 1286 4945 actionum
1308 4873 1446 4945 tinnius
1465 4887 1573 4958 esset,
1599 4875 1738 4947 addidit
1752 4870 1919 4969 θυμικὸν
1936 4875 1974 4944 in
1992 4876 2099 4947 corde

57 4982 198 5054 minum
216 4992 361 5065 natura,
389 4978 497 5074 idque
515 4975 655 5049 anobis
678 4981 819 5068 agnosci
843 4994 879 5053 ει
901 4976 1055 5066 intelligi
1103 4989 1249 5048 aeterno
1264 4989 1298 5047 et
1313 4974 1528 5046 immutabili
1547 4976 1694 5061 ordine,
1720 4978 1861 5048 dolores
1881 4975 2038 5049 exitiales
2060 4978 2099 5048 in

56 5084 155 5157 velit.
183 5079 315 5152 Verum
331 5075 491 5152 esthanc
508 5094 616 5172 totam
632 5075 907 5170 pulcherrimam
927 5079 1055 5151 mundi
1103 5079 1210 5148 corde
1240 5077 1472 5150 violationem
1502 5077 1721 5149 discriminis
1744 5079 1842 5152 illius
1871 5078 2100 5165 comitantur,

56 5180 281 5269 machinam,
307 5184 479 5275 templum
497 5180 566 5254 Dei
579 5204 671 5267 esse,
698 5195 732 5253 et
753 5182 923 5276 impressa
945 5180 1054 5254 vesti·
1103 5192 1143 5251 ut
1164 5192 1314 5251 naturae
1331 5178 1499 5252 extinctio
1522 5178 1697 5250 iudicium
1717 5176 1901 5253 architecti
1925 5181 2100 5257 ostendat.

56 5290 115 5382 gia
131 5281 313 5359 architecti
332 5286 454 5358 multis
469 5285 646 5378 partibus,
672 5287 731 5354 sed
753 5309 795 5356 eo
817 5287 928 5377 magis
942 5281 1051 5356 homo
1104 5280 1214 5352 Vides
1231 5283 1328 5353 enim
1345 5281 1383 5351 in
1400 5275 1548 5353 homine
1569 5280 1698 5373 pictam
1724 5307 1797 5354 esse
1818 5284 1970 5355 formam
1994 5281 2100 5354 iusti·

56 5391 231 5483 templum
246 5385 315 5459 Dei
335 5402 405 5472 est,
438 5388 522 5482 quia
546 5401 680 5459 caetera
703 5410 851 5479 corpora
876 5414 957 5460 cum
979 5385 1054 5457 sint
1102 5384 1196 5467 ciae,
1222 5382 1403 5476 praelucet
1418 5383 1456 5454 in
1472 5377 1685 5483 ἡγεμονικῷ
1699 5399 1792 5456 recta
1811 5384 1963 5466 noticia,
1988 5397 2024 5454 et
2040 5409 2102 5454 co-

55 5496 134 5568 sine
163 5488 303 5578 mente,
346 5514 420 5562 non
447 5503 641 5582 agnoscunt
669 5503 781 5561 artem
813 5504 846 5563 et
877 5491 1051 5584 opificem.
1073 5556 1079 5576 ,
1102 5509 1175 5558 mes
1198 5501 1250 5557 est
1273 5487 1402 5557 vindex
1422 5485 1653 5571 iustissimus,
1677 5501 1710 5557 et
1734 5485 1970 5580 implacabilis
1993 5486 2101 5557 dolor
