4664 6022
157 333 237 408 921
561 328 724 409 DECL.
764 326 839 404 DE
872 325 1082 404 LEGUM
1113 322 1421 402 FONTIBUS
1451 320 1528 398 ΕΤ
1561 320 1782 404 CAUSlS.
2126 328 2203 407 922

155 501 226 575 boe
250 529 384 576 novum
411 505 611 577 consilium.
668 503 905 598 Applaudunt
928 527 1052 575 omnes
1081 516 1155 573 tarn
1181 504 1186 547 ¹
1210 499 1286 569 litia
1302 496 1415 569 Moisi
1438 511 1542 569 natus
1559 511 1652 585 erat,
1678 513 1799 571 tamen
1818 500 2019 593 provincias
2034 500 2204 586 Persicas,

156 607 313 702 speciosa
328 609 501 679 sententia
522 609 660 693 audita,
686 622 720 679 et
734 608 773 678 fit
789 610 969 677 decretum
984 631 1003 677 a
1021 604 1156 678 Senatu
1209 603 1346 693 legibus
1368 600 1518 672 Persicis
1540 605 1692 693 regebat.
1745 599 1825 674 Etsi
1845 617 1961 674 autem
1985 607 2096 678 multa
2121 630 2206 700 pos-

156 727 192 781 et
209 711 395 803 populo
367 711 568 796 simiarum,
595 724 636 780 ut
651 713 778 781 urbem
796 712 949 779 condere
970 707 1184 821 incipiant.¹
1180 658 1291 779 lsnnt
1322 705 1478 797 exempla
1504 706 1666 791 recitari,
1698 730 1789 799 quae
1814 708 2008 778 ostendunt
2030 711 2204 802 placuisse

157 813 229 886 Sed
244 814 411 883 dimissae
425 816 469 883 ad
488 809 717 884 convehenda
736 814 830 904 ligna
848 826 881 881 et
897 812 1045 904 lapides,
1072 834 1154 882 curn
1180 760 1284 878 Deo
1310 810 1386 900 pios
1408 809 1687 900 gubernatores
1676 833 1715 878 ιιι
1733 810 1846 879 aliis
1834 811 1993 902 imperiis
2009 826 2105 884 extra
2119 811 2205 883 Mo·

156 921 319 987 deessent
344 917 599 1001 instrumenta,
633 931 668 990 et
695 918 794 987 nulla
821 915 911 985 ratio
936 928 1027 986 esset
1056 896 1154 1005 ligna
1207 912 1334 981 saicam
1357 911 1536 1003 politiam,
1570 925 1688 982 tamen
1711 937 1791 982 cum
1823 913 1977 982 maxime
1997 916 2043 985 sit
2064 916 2203 987 illustre
2273 1000 2276 1004 Α

156 1021 346 1099 caedendi,
373 1032 406 1087 et
424 1020 558 1112 lapides
575 1020 796 1112 expoliendi
822 1030 855 1087 et
870 1018 1153 1109 coagmentandt,
1207 1013 1367 1086 Cornelii
1397 1016 1637 1106 exemplum
1627 1040 1665 1084 tn
1695 1011 1795 1085 Actis
1825 1014 2100 1138 Apostolorum,
2133 1012 2203 1089 hoc

154 1122 409 1214 experiundo
399 1148 469 1191 ram
494 1137 690 1214 agnoscunt
714 1146 750 1191 se
768 1122 874 1193 stulte
890 1145 965 1191 rem
988 1120 1152 1210 impossi-
1206 1117 1393 1209 praecipue
1419 1118 1623 1206 cogitemus.
1674 1116 1867 1189 Manilesto
1887 1132 1923 1190 et
1947 1120 2078 1211 insigni
2099 1122 2201 1192 testi·

125 1225 265 1313 ,bitem
280 1239 314 1295 et
331 1225 482 1295 alienam
501 1249 595 1296 asua
612 1240 738 1295 natura
759 1224 900 1294 molitos
918 1246 1002 1298 esse.
1046 1221 1153 1293 Tales
1205 1219 1328 1289 monio
1342 1216 1439 1289 Deus
1455 1236 1489 1291 et
1503 1221 1617 1313 ipsum
1636 1218 1856 1307 Cornelium,
1875 1236 1910 1292 et
1924 1221 2202 1294 militesRoma-

154 1327 305 1397 omnino
335 1343 418 1398 sunt
446 1328 503 1397 isti
530 1352 704 1398 novarum
731 1327 912 1398 civitatum
939 1325 1163 1405 conditores,
1205 1346 1271 1392 nos
1287 1346 1326 1390 ln
1340 1347 1414 1391 etus
1432 1318 1577 1393 cohorte
1593 1323 1744 1397 ornavit
1778 1323 1868 1394 Nam
1885 1323 2042 1415 Sprrrtus
2057 1340 2200 1397 sanctus

154 1456 218 1524 qur
235 1430 413 1500 somniant
432 1455 522 1499 nova
545 1433 635 1504 iura.
687 1427 735 1500 Et
750 1431 858 1499 fuisse
873 1430 1041 1500 omnibus
1056 1441 1152 1498 aeta
1205 1424 1338 1495 visibili
1363 1427 1494 1517 speeie,
1527 1442 1567 1497 ut
1592 1428 1630 1494 in
1645 1425 1854 1518 Apostolos,
1886 1428 1935 1498 ita
1960 1428 1999 1496 in
2014 1426 2199 1501 Romanos

153 1534 252 1604 obus
265 1533 395 1604 multas
410 1534 542 1604 tales
514 1556 654 1619 srmras
679 1532 850 1603 credrbrle
868 1545 930 1604 est
985 1530 1054 1604 Sed
1084 1555 1151 1599 no-
1203 1529 1367 1597 milites
1358 1552 1395 1595 ιιι
1418 1530 1760 1622 magnafrequentia
1783 1529 1965 1600 concionis
1988 1531 2199 1606 effususest.

153 1650 226 1706 stra
255 1650 369 1720 aetas,
391 1632 483 1728 proh
506 1637 632 1721 dolor,
657 1637 750 1708 vidit
769 1635 958 1727 plurimas,
981 1634 1152 1729 aquibus
1203 1627 1250 1700 Et
1277 1627 1377 1700 boc
1366 1654 1442 1720 rpso
1466 1634 1625 1723 exemplo
1641 1635 1772 1704 latetur
1786 1631 1912 1703 Petrus
1930 1656 1966 1703 se
1981 1658 2124 1728 quoque
2141 1636 2199 1704 dr

153 1753 232 1810 orta
247 1752 299 1809 est
314 1733 427 1808 haee'
416 1761 541 1829 rngens
557 1740 754 1825 calamitas,
779 1760 869 1831 quae
888 1761 985 1807 nunc
1000 1735 1150 1807 Germa-
1203 1734 1347 1815 dicisse,
1373 1730 1605 1824 Evangelium
1633 1737 1809 1827 pertinere
1833 1740 1877 1806 ad
1905 1737 2112 1807 universum
2138 1760 2198 1827 ge-

154 1843 251 1911 niam
268 1843 452 1934 oppressit.
504 1840 646 1933 Quaeso
664 1844 773 1933 igitur
785 1865 848 1910 vos
865 1841 991 1931 optimi
1009 1840 1151 1910 audito·
1203 1860 1270 1905 nus
1286 1832 1497 1928 humanum,
1524 1851 1556 1907 et
1574 1839 1696 1929 procul
1714 1839 1987 1909 discernendum
2005 1863 2112 1910 ossea
2133 1863 2198 1931 po-

155 1967 228 2031 tes,
255 1957 295 2014 ut
309 1945 517 2037 sapientiam
540 1970 613 2016 esse
634 1960 668 2016 et
683 1947 848 2018 virtutem
870 1943 1048 2027 statuatis,
1073 1938 1150 2011 Deo
1202 1940 1279 2010 litia
1302 1938 1479 2020 Mosaica,
1513 1944 1607 2033 quod
1633 1943 1776 2035 quidem
1802 1957 1835 2014 et
1858 1942 1922 2011 illo
1947 1943 2039 2014 tristi
2062 1943 2196 2012 iudicio

155 2061 288 2138 gratam
305 2062 339 2118 et
354 2050 583 2119 necessariam
596 2048 780 2119 communi
796 2046 1069 2140 tranquillitate,
1095 2069 1150 2113 re·
1203 2045 1302 2113 Deus
1322 2043 1397 2132 ipse
1418 2045 1589 2129 ostendit,
1622 2069 1701 2114 cum
1717 2043 1989 2136 Rempublicam
2015 2044 2196 2116 Iudaicam

153 2162 318 2221 verenter
331 2152 462 2220 sentire
477 2154 524 2222 de
538 2153 670 2222 usitato
689 2153 776 2237 iure,
801 2165 835 2220 et
850 2173 968 2218 amare
985 2171 1150 2241 praesen·
1200 2148 1364 2215 funditus
1387 2147 1527 2216 delevit.
1588 2144 1635 2217 Ut
1663 2148 1773 2237 igitur
1797 2149 1899 2219 iubet
1921 2144 2018 2218 Deus
2041 2149 2198 2231 obedire,

152 2267 204 2323 tes
220 2255 329 2343 leges,
357 2268 392 2323 et
415 2278 471 2323 eas
493 2267 694 2324 constanter
716 2254 821 2326 tueri.
873 2249 906 2321 E
926 2264 1049 2321 contra
1066 2274 1149 2320 vero
1201 2249 1377 2342 quoslibet
1401 2250 1645 2341 praesentibus
1669 2266 1702 2320 et
1732 2251 1804 2321 suis
1835 2250 2117 2339 magistratibus,
2148 2254 2197 2321 ita

152 2357 331 2427 levitatem
348 2379 442 2439 esse,
468 2357 718 2442 curiositatem,
746 2355 961 2443 futilitatem,
987 2355 1150 2444 petulan—
1201 2354 1351 2421 sciamus
1367 2355 1574 2423 mandatum
1594 2352 1660 2423 Dei
1676 2376 1767 2438 esse,
1792 2369 1834 2423 ut
1849 2354 2093 2444 praesentibus
2108 2355 2197 2445 legi-

152 2460 238 2528 tiam
264 2473 297 2527 et
313 2458 502 2526 amentiam
526 2457 756 2544 diabolicam,
783 2471 816 2528 et
842 2457 1074 2548 perniciosam
1090 2481 1177 2548 ge·
1173 2448 1178 2523 l
1201 2457 1266 2525 bus
1284 2456 1584 2546 obtemperemus
1610 2481 1699 2549 quae
1718 2456 1855 2547 placent
1873 2453 1969 2540 Deo
1994 2457 2133 2526 etiamsi
2150 2459 2196 2528 ab

153 2560 229 2629 neri
255 2555 430 2639 humano,
457 2561 614 2630 cavillari
639 2574 838 2652 praesentes
858 2560 969 2651 leges,
986 2575 1031 2632 et
1047 2561 1149 2654 quasi
1172 2532 1177 2709 Ι
1199 2555 1340 2628 ethnico
1363 2561 1599 2647 gubernatore
1616 2559 1704 2628 latae
1721 2573 1823 2642 sunt,
1847 2559 1878 2628 si
1895 2571 2011 2627 tamen
2028 2562 2071 2627 ad
2093 2560 2196 2629 illum

153 2660 577 2732 columnaslnaedificio
598 2664 768 2754 paulatim
791 2664 992 2769 impellere,
1018 2665 1149 2758 quibus
1200 2664 1339 2731 radium
1359 2663 1446 2731 lucis
1467 2662 1609 2730 drvrnae
1624 2661 1875 2731 transfusum
1863 2685 1904 2729 ιιι
1920 2675 2055 2731 mentes
2077 2656 2197 2731 homi·

153 2761 283 2831 eversis
304 2774 413 2831 totam
433 2767 578 2833 domum
594 2766 723 2834 collalu
750 2788 890 2834 necesse
905 2781 966 2836 est
1019 2766 1067 2839 Ut
1085 2791 1150 2836 au
1199 2790 1285 2835 num
1310 2779 1524 2853 congruant,
1551 2765 1612 2857 qui
1639 2778 1784 2835 vocatur
1799 2789 1853 2833 rus
1876 2777 2043 2847 naturae,
2062 2789 2104 2835 ex
2122 2788 2194 2857 quo

153 2879 221 2931 tem
242 2859 307 2932 bac
329 2867 501 2935 sententia
518 2867 773 2939 confirmentur
789 2891 922 2953 anrnu
949 2892 1049 2937 veras
1064 2893 1149 2938 cau
1200 2870 1274 2938 vult
1297 2868 1391 2939 Deus
1413 2868 1528 2937 extrui
1554 2869 1645 2956 leges
1668 2879 1702 2937 et
1728 2867 1937 2959 sapientiam
1967 2867 2194 2957 gubernatri-

151 2987 206 3034 sas
220 2986 308 3034 scire
323 2981 478 3058 oportet
500 2965 621 3039 Anet
611 2995 719 3063 quare
735 2966 800 3039 bae
816 2984 957 3039 nostrae
972 2960 1175 3060 legesDeo
1172 3036 1224 3090 Ι
1172 2997 1272 3040 cem
1299 2972 1390 3039 vitae
1411 2971 1537 3040 civilis.
1590 2968 1663 3040 Nee
1687 2972 1816 3039 addam
1839 2970 2037 3058 longiorem
2060 2971 2194 3041 reluta-

149 3067 321 3157 placeant.
379 3069 581 3141 Sumendae
611 3086 694 3144 sunt
724 3086 841 3143 autem
873 3067 938 3142 bae
959 3096 1083 3143 causae
1107 3098 1148 3143 ex
1197 3075 1350 3157 tionem,
1376 3076 1437 3142 sed
1462 3096 1524 3142 vos
1547 3068 1767 3144 adhortabor
1791 3072 1927 3165 potius,
1952 3086 1993 3143 ut
2007 3070 2194 3145 Romane

147 3165 206 3237 his
228 3171 400 3245 fontibus.
1197 3200 1277 3245 rum
1294 3177 1410 3265 legum
1429 3175 1638 3267 sapientiam
1656 3175 1812 3244 studiose
1830 3174 2078 3261 consideretis,
2106 3199 2193 3269 quas

1197 3279 1290 3368 ipsas
1316 3278 1420 3348 etiam
1443 3274 1510 3347 Dei
1532 3302 1655 3348 vocem
1679 3301 1752 3347 esse
1780 3277 1939 3362 statuite,
1972 3278 2192 3370 propositam

255 3370 383 3464 Ingens
400 3376 590 3445 discrimen
609 3391 661 3447 cst
675 3375 1016 3469 interEvangelium
1031 3393 1064 3450 et
1083 3403 1146 3471 po·
1198 3377 1355 3450 humano
1378 3380 1498 3469 generi
1524 3376 1587 3471 per
1608 3381 1783 3473 sapientes
1803 3380 2075 3470 gubernatores,
2100 3404 2193 3474 quo·

151 3476 282 3545 liticam
299 3479 604 3566 gubernationem.
638 3477 702 3551 Est
718 3481 813 3548 enim
830 3478 1065 3571 Evangelium
1080 3507 1146 3551 vox
1196 3509 1276 3553 rum
1293 3496 1427 3553 mentes
1444 3484 1616 3572 singulari
1632 3499 1731 3554 motu
1748 3483 1836 3553 rexit
1848 3480 1958 3567 Deus,
1985 3483 2193 3568 utiustitiae

149 3579 290 3663 divina,
316 3595 460 3673 propter
485 3582 598 3651 filium
624 3582 692 3652 Dei
715 3584 877 3652 adferens
901 3584 1146 3655 remissionem
1195 3588 1312 3656 fontes
1328 3602 1363 3657 et
1378 3587 1551 3672 viderent,
1578 3600 1611 3657 et
1630 3587 1708 3656 aliis
1721 3598 1970 3668 monstrarent,
1996 3586 2087 3655 sicut
2102 3584 2191 3655 alio·

147 3695 384 3771 peccatorum,
401 3697 435 3754 et
451 3684 563 3753 lucem
581 3710 620 3754 ac
635 3686 804 3755 iustitiam
822 3688 951 3772 cordis,
969 3711 1008 3757 ac
1025 3683 1146 3759 haere·
1196 3715 1276 3759 rum
1300 3690 1544 3761 excellentium
1569 3690 1743 3759 artificum
1762 3701 1901 3758 mentes
1919 3687 2029 3778 regit,
2053 3702 2091 3759 ut
2104 3690 2192 3758 scri-

147 3785 296 3856 ditatem
313 3786 405 3855 vitae
429 3802 608 3872 aeternae,
635 3789 851 3882 ubicumque
876 3803 959 3859 sunt
980 3791 1084 3860 etiam
1107 3792 1145 3861 in
1196 3807 1296 3886 ptum
1313 3806 1383 3874 est,
1410 3807 1452 3863 ut
1466 3793 1591 3864 oculus
1606 3794 1743 3876 videat,
1769 3803 1804 3861 et
1819 3791 1916 3861 auris
1931 3791 2070 3874 audiat,
2095 3787 2193 3862 Deus

146 3887 298 3956 diversis
312 3887 480 3979 imperiis.
527 3888 573 3960 Ut
589 3891 682 3960 enim
699 3893 1001 3962 diversisdierum
1019 3895 1145 3986 spaciis
1195 3898 1494 3989 lacitntrumque.
1547 3895 1629 3965 Non
1650 3894 1855 3964 existimetis
1878 3889 2192 3964 humanacallidi·

144 3989 186 4057 in
203 3990 352 4059 diversis
376 3993 462 4060 locis
482 3993 531 4083 pii
552 4006 721 4075 utuntur,
743 3995 791 4065 ita
809 3997 847 4064 in
865 3996 1012 4065 diversis
1032 3998 1144 4088 impe·
1193 4011 1264 4071 tate
1283 4000 1428 4089 scriptas
1444 4023 1517 4068 esse
1534 4000 1645 4088 leges,
1672 4012 1711 4067 ut
1728 4011 1913 4089 potentum
1936 3996 2191 4086 cupiditatibus

144 4092 211 4161 riis
234 4115 273 4161 ac
291 4093 523 4163 dissimilibus
548 4096 684 4186 legibus
700 4097 818 4167 vivere
834 4113 993 4188 possunt.
1046 4098 1144 4169 Poli-
1194 4102 1402 4182 adulentur,
1430 4102 1519 4171 sicut
1538 4101 1642 4170 multi
1666 4100 1862 4170 turbulenti
1887 4095 2049 4169 homines
2066 4099 2190 4167 clami-

145 4195 216 4266 tica
235 4209 350 4263 autem
379 4198 589 4285 gubernatio
618 4213 795 4269 externam
818 4202 1062 4291 disciplinam,
1088 4204 1144 4271 di·
1193 4219 1281 4276 tant.
1335 4204 1403 4275 Sed
1425 4205 1480 4272 vel
1504 4204 1614 4273 firmis
1638 4202 2018 4287 demonstrationibus,
2051 4202 2107 4270 vel
2131 4225 2190 4271 ra-

145 4297 372 4369 stinetionem
397 4301 660 4384 dominiorum,
695 4316 915 4384 contractus,
949 4304 1079 4373 iudicia
1109 4320 1143 4377 et
1194 4306 2102 4400 tionibusquaesuntvicinaedemonstrationibus,
2128 4326 2190 4373 ex·

144 4424 279 4493 poenas
302 4402 401 4490 regit.
462 4400 568 4474 Etut
593 4428 825 4475 numerorum
852 4406 997 4477 scientia
1019 4408 1141 4477 lumen
1192 4410 1656 4481 tructaesunteximrnotis
1680 4409 1885 4502 principiis,
1915 4420 2125 4502 quaesunt,
2149 4418 2190 4476 ut

144 4504 548 4576 estdivinitusinsitum
569 4508 768 4592 mentibus,
794 4531 857 4576 nec
880 4508 1049 4600 impedit,
1079 4535 1143 4580 nee
1192 4513 1283 4602 dixi,
1323 4513 1415 4582 radii
1443 4513 1637 4604 sapientiae
1668 4513 1854 4582 divinae
1843 4537 1882 4580 rn
1911 4534 1976 4580 nos
2009 4509 2188 4578 transfusi.

144 4608 240 4677 delet
259 4603 313 4676 Εν
307 4609 513 4696 ingelrum
539 4611 586 4679 rta
605 4611 750 4701 politica
766 4610 937 4701 saprentra
955 4637 995 4681 ex
1013 4613 1143 4682 lirmrs-
1192 4612 1329 4685 Omnes
1363 4615 1492 4685 scimus
1528 4638 1759 4685 numerorum
1802 4614 1966 4683 notitiam
2000 4612 2187 4681 nobiscum

143 4733 244 4779 simis
260 4710 399 4778 notrtns
414 4713 602 4796 extruetur
626 4737 716 4806 quae
729 4713 929 4784 divinitus
919 4714 1045 4786 rnsrtae
1059 4731 1142 4788 sunt
1191 4733 1391 4788 nascentem
1408 4714 2186 4789 rembonametlucemdivinamesseetiam

144 4807 311 4881 ltumanis
341 4814 540 4900 inentibus,
575 4840 637 4883 nec
673 4816 892 4907 impediunt,
927 4843 990 4887 nec
1022 4819 1140 4890 delent
1191 4816 1419 4891 inEthnicis.
1471 4818 1519 4891 At
1535 4821 1649 4891 multo
1669 4819 1896 4890 excellentior
1913 4819 1973 4885 lnx
1991 4829 2042 4885 est
2060 4815 2187 4885 notrtte

142 4910 392 5004 Evangelium.
450 4916 523 4988 Nec
549 4918 661 4987 voluit
691 4918 786 4989 Deus
817 4945 975 5015 unquam
1002 4923 1141 5015 quoties
1190 4926 1308 5014 legum
1332 4938 1499 5007 naturae,
1532 4947 1622 5016 quae
1650 4935 1799 4993 testatur
1826 4934 1860 4990 et
1883 4941 1958 4989 esse
1983 4917 2116 4999 Deum,
2151 4933 2187 4988 et

142 5030 264 5107 gentes
289 5021 332 5086 ad
357 5020 555 5092 societatem
578 5017 756 5091 Ecclesiae
780 5024 1036 5108 suaevocavit‚
1071 5025 1140 5093 im·
1189 5027 1487 5117 essesapientem,
1513 5025 1657 5111 iustum,
1682 5048 1851 5103 veracem,
1878 5021 2186 5101 beneficum,vin-

142 5143 276 5212 ponere
304 5122 464 5212 politiam
491 5124 700 5210 Mosaicam,
734 5128 794 5195 sed
827 5127 972 5217 imperia
1000 5127 1137 5217 singula
1189 5131 1301 5198 dicem
1317 5141 1352 5198 et
1366 5141 1539 5199 rectorem
1556 5131 1649 5200 vitae
1664 5124 1851 5197 hnmanae.
1890 5122 1988 5195 Haec
2003 5125 2063 5194 lux
2078 5124 2184 5191 etiam

142 5224 218 5292 suis
239 5224 375 5315 legibus
393 5227 465 5313 regi
489 5228 657 5319 permisit.
710 5225 841 5298 Darius
863 5243 896 5299 et
916 5226 1031 5323 Cyrus
1055 5254 1136 5300 cum
1189 5233 1226 5301 in
1244 5227 1409 5300 Ethnicis
1429 5256 1484 5301 res
1509 5234 1601 5302 bona
1620 5244 1722 5300 estet
1740 5227 1806 5299 Dei
1823 5250 1923 5318 opus.
1976 5226 2075 5296 ldern
2091 5227 2184 5294 etde

141 5352 162 5396 a
178 5326 327 5397 Daniele
342 5328 549 5399 didicissent
568 5355 643 5398 verr
634 5328 729 5399 'Dei
753 5256 1036 5416 invocatioriem,
1064 5358 1135 5401 non
1188 5335 1554 5404 demonstrationibus
1568 5357 1658 5427 quae
1671 5333 1756 5401 inde
1770 5334 1938 5402 oriuntur
1951 5328 2184 5398 iudicandum

139 5429 328 5501 mutabant
343 5428 501 5500 Persici
491 5432 630 5523 imperit
621 5434 837 5514 ’'formam,
826 5458 864 5504 ιιι
880 5435 1137 5525 gubernatione
1187 5450 1249 5509 est.
1303 5432 1456 5530 Atque
1445 5452 1492 5508 tta
1510 5453 1602 5508 recte
1619 5435 1824 5525 intelligetis
1839 5435 1956 5523 legum
1979 5428 2183 5510 sententias,

140 5555 261 5602 rerum
277 5531 449 5604 civilium.
501 5527 550 5605 Et
562 5531 718 5606 Daniel
707 5560 781 5629 ipse
797 5560 1001 5634 quanquam
1018 5536 1056 5608 in
1072 5562 1136 5630 po·
1187 5562 1267 5611 curn
1289 5561 1412 5610 eorum
1439 5561 1561 5610 causas
1583 5552 1620 5609 et
1639 5537 1960 5610 demonstrationes
1980 5530 2135 5602 dextre
2125 5554 2185 5599 ru·
