4664 6022
250 302 324 380 sot
728 265 796 333 Ὗ
955 293 1116 372 nucu.
1158 289 1591 372 unaunsosto.
2066 299 2070 313 ‘
2228 292 2305 375 sos

255 486 479 551 revocamnt.
515 471 643 544 Voluit
660 471 754 540 enim
767 467 863 541 Deus
880 472 1084 542 conservari
1103 471 1256 564 politias,
1307 468 1352 539 de
1369 463 1447 540 Deo
1471 469 1620 556 sentire,
1647 491 1728 538 vere
1743 464 1860 540 Deum
1885 468 2073 557 invocare,
2098 493 2183 542 vere
2200 495 2303 543 exau-

257 595 299 654 ut
319 603 440 650 rursus
463 577 581 668 generi
604 571 762 644 humano
785 575 989 644 accenderet
1006 570 1255 663 Evangelium.
1308 571 1398 652 diri,
1422 585 1456 642 et
1473 567 1676 642 habituram
1692 572 1868 662 praemia,
1894 581 2038 643 econtra
2058 598 2144 644 vero
2165 575 2303 667 opinio·

257 684 330 756 Sed
346 698 381 752 et
395 679 517 750 Minos
537 691 572 747 et
586 675 702 746 Numa
723 677 838 745 multo
860 689 944 772 sunt
958 678 1175 746 recentiores
1186 701 1255 745 no·
1296 697 1370 743 ,nes
1385 698 1508 743 omnes
1526 697 1587 744 seu
1602 672 1805 769 Aegyptias,
1831 698 1893 745 seu
1909 673 2075 762 Graecas,
2095 701 2159 746 seu
2171 675 2303 749 Rome·

257 786 353 857 stris.
404 782 527 853 Minos
549 779 655 870 paulo
680 791 761 847 ante
784 779 917 847 bellom
942 777 1142 849 Troianum
1160 779 1258 862 vixit,
1308 799 1382 860 nas,
1408 799 1469 845 seu
1485 799 1713 869 quascunque
1730 792 1926 867 pugnantes
1942 803 2022 848 cum
2038 780 2205 851 doctrina
2221 776 2301 849 Pro-

261 889 324 982 qui
341 886 484 980 quidem
503 882 660 973 rapuisse
675 879 920 975 Ganymedem
937 879 1044 950 Trois
1067 881 1181 950 lilium
1198 882 1254 950 di·
1309 874 1495 970 phetarum
1527 891 1562 948 et
1588 875 1843 968 Apostolorum
1866 893 2071 952 nostrorum
2093 881 2299 953 recentiores

261 991 367 1061 citur.
417 985 555 1057 Numae
569 997 663 1054 aetas
678 983 791 1053 multo
809 994 861 1051 est
880 982 1065 1056 recentior.
1298 988 1343 1050 'et
1363 980 1541 1049 fabulosas
1565 1003 1663 1064 esse,
1689 994 1724 1050 et
1748 982 1915 1053 adversus
1935 980 2053 1055 Deum
2068 977 2297 1055 contumelii-

365 1088 449 1160 Fuit
462 1111 543 1178 ergo
561 1099 709 1178 uterque
724 1085 852 1155 seculis
866 1085 1002 1177 aliquot
1017 1081 1258 1176 postMoisen,
1309 1105 1364 1152 sas
1378 1094 1412 1152 et
1429 1082 1596 1153 exitiales.

263 1217 343 1263 cum
372 1192 441 1260 iam
475 1200 692 1280 grassaretur
722 1186 816 1256 inter
845 1201 964 1276 gentes
996 1179 1257 1278 εὶὸωλομανιά.
1410 1181 1478 1252 His
1493 1183 1685 1254 luculentis
1705 1198 1738 1255 et
1753 1184 1864 1254 firmis
1880 1187 2099 1276 argumentis
2114 1188 2297 1260 cumrelu·

263 1293 312 1366 Et
328 1289 414 1362 haec
428 1293 609 1362 erroribus
624 1285 811 1357 hominum
828 1302 861 1358 et
876 1292 1091 1358 daemonum
1112 1287 1258 1379 praesti·
1309 1299 1403 1356 tatus
1420 1300 1509 1356 esset
1522 1282 1757 1379 Symmachus
1773 1289 1819 1356 ab
1837 1286 2044 1376 Ambrosio,
2068 1290 2216 1382 piorum
2230 1292 2296 1360 aui-

263 1398 328 1486 giis
353 1408 522 1465 creverat.
575 1391 795 1461 Petebantur
818 1406 851 1459 et
878 1413 1059 1460 sermones
1081 1392 1119 1458 in
1141 1386 1259 1472 Creta,
1310 1387 1361 1458 mi
1379 1388 1507 1481 passim
1522 1389 1845 1474 confirmabantur,
1870 1390 2130 1480 frangebantur
2145 1395 2294 1463 adversa·

263 1500 326 1568 nbi
353 1497 474 1566 Minos
499 1492 680 1584 regnavit,
715 1494 757 1560 de
780 1488 873 1561 lovis
899 1489 1099 1582 sepulchro.
1158 1491 1259 1580 Quos
1311 1491 1372 1577 rii,
1399 1490 1567 1560 nonnulli
1589 1492 1695 1560 etiam
1710 1492 1857 1562 veritate
1871 1493 1966 1578 victi,
1991 1496 2161 1586 amplecti
2175 1489 2292 1567 Christ

264 1601 330 1673 etsi
346 1601 500 1669 refutant
518 1592 749 1687 Epimenides
766 1607 802 1664 et
817 1591 1066 1680 Callimachus,
1093 1595 1154 1687 qui
1170 1594 1233 1668 ait:
1312 1592 1510 1663 doctrinam
1526 1609 1707 1685 ceperunt·
1757 1592 1921 1666 Recitavi
1935 1610 2053 1668 autem
2071 1592 2144 1667 hoc
2158 1599 2289 1668 locosa-

308 1714 431 1794 Κρῆτες
452 1709 498 1775 ἀεὶ
521 1709 655 1789 peverel
676 1710 728 1774 uoti
750 1707 809 1794 γὰρ
831 1704 933 1792 τάφον
956 1700 1061 1773 ciniso
1082 1717 1145 1774 σεΐο
1310 1696 1384 1788 Pila
1401 1707 1709 1784 argumentorum,
1737 1709 1772 1767 θῑ
1785 1696 1870 1792 quia
1892 1722 2012 1769 rerum
2032 1699 2197 1791 ipsarum
2216 1700 2288 1791 totl-

311 1781 728 1883 steteruntmaesti>
749 1795 783 1858 δὲ
804 1791 842 1858 02’·
864 1791 971 1874 θάνες,
993 1795 1057 1861 ἔστι
1080 1795 1141 1879 γὰρ
1163 1790 1219 1857 siet.
1312 1797 1399 1867 tatio
1423 1798 1589 1887 pietatem
1612 1798 1651 1867 in
1673 1799 1779 1870 nobis
1802 1799 2005 1887 confirmat,
2034 1815 2069 1873 et
2094 1803 2183 1896 quis
2207 1796 2287 1872 scho-

266 1924 387 1980 tameu
410 1905 514 1996 plena
540 1915 625 1972 tunc
648 1900 768 1971 omnia
794 1902 940 1973 suerunt
968 1903 1160 1972 idolorum.
1220 1898 1261 1968 ln
1312 1899 1444 1969 lasticis
1477 1894 1563 1969 haec
1592 1902 1751 1992 exempla
1782 1926 1990 1990 cognoscere
2019 1908 2189 1996 prodest,
2220 1926 2285 1997 quat

270 2008 373 2079 ltalia
407 2031 490 2075 vero
520 2004 650 2077 Tuscia
685 2002 790 2091 longe
813 2004 976 2074 vincebat
1012 2003 1262 2096 superstitione
1312 2003 1506 2072 ostendunt
1521 2003 1778 2073 controversias
1794 2004 2006 2095 religionum
2022 2006 2103 2076 sine
2119 2006 2283 2098 multiplici

268 2123 419 2183 caeteras
440 2107 618 2177 nationes:
646 2118 681 2175 et
697 2130 716 2174 a
730 2101 859 2175 'l‘uscis
874 2103 989 2177 Numa
1004 2120 1186 2177 mutuatus
1212 2116 1263 2174 est
1313 2103 1515 2175 eruditione
1531 2103 1697 2197 explicari
1715 2130 1788 2177 non
1805 2130 1917 2198 posse.

268 2212 427 2302 auguria,
452 2225 486 2279 et
502 2209 592 2279 ritus
607 2208 695 2277 alios
711 2206 862 2288 multos,
887 2208 948 2302 qui
966 2211 1030 2280 etsi
1048 2224 1148 2280 erant
1165 2231 1262 2278 com·
1412 2204 1485 2277 Sed
1498 2208 1604 2276 redeo
1619 2207 1664 2276 ad
1678 2204 1943 2302 Symmachum,
1969 2209 2032 2303 qui
2048 2235 2135 2282 cum
2151 2211 2282 2281 veritu-

268 2313 447 2398 meuticii,
486 2325 604 2382 tamen
628 2324 661 2380 et
684 2310 752 2400 ipsi
776 2311 995 2402 temporibus
1018 2312 1144 2381 mutati
1167 2324 1262 2382 sunt.
1314 2308 1489 2397 gumentis
1509 2309 1642 2401 premi,
1669 2322 1704 2379 et
1719 2310 1820 2381 vinci
1830 2334 1868 2380 se
1890 2313 2059 2396 sentiret,
2085 2325 2128 2383 ut
2152 2311 2282 2407 saepell

269 2415 371 2507 Quae
396 2414 491 2483 enim
520 2412 784 2504 peregrinarum
807 2409 966 2499 gentium
995 2413 1164 2483 colluvies
1185 2409 1262 2483 Ro-
1313 2410 1353 2479 in
1375 2409 1477 2495 loro,
1509 2411 1670 2501 confugit
1693 2413 1736 2481 ad
1767 2415 1965 2503 tragoedias
1996 2417 2191 2508 quasdam,
2213 2435 2283 2509 quae

267 2543 363 2589 mam
380 2515 563 2607 occupavit
582 2529 659 2607 post
679 2513 772 2583 bella
789 2514 926 2599 civilia,
948 2528 1027 2605 post
1049 2516 1263 2604 gladiatores
1313 2511 1502 2582 incurrunt
1518 2511 1557 2580 in
1573 2513 1706 2598 oculos,
1728 2527 1761 2584 et
1776 2539 1849 2586 non
1866 2516 1991 2586 leviter
2007 2515 2282 2609 perturbautaui·

269 2622 369 2704 illos,
396 2619 552 2712 quiante
568 2618 841 2688 Constantinum
856 2630 1060 2707 regnarunt.
1104 2616 1174 2688 Sed
1191 2617 1263 2686 sint
1313 2638 1390 2683 mos
1408 2627 1554 2706 propter
1572 2616 1646 2684 veri
1663 2617 1836 2706 speciem,
1863 2621 2001 2691 tametsi
2023 2644 2100 2690 non
2120 2615 2281 2692 cohaeren-

267 2722 405 2793 Numae
428 2720 587 2790 instituta
608 2719 727 2788 civilia
743 2709 1039 2804 inediocria,'eni
1054 2721 1160 2790 etiam
1182 2742 1262 2808 gra·
1313 2716 1361 2786 tia
1381 2729 1627 2788 contexuntur.
1669 2718 1841 2791 Vicerunt
1859 2716 2031 2792 Chaldaei
2050 2718 2281 2804 ludaeoslte

268 2825 355 2897 tiam
370 2820 504 2905 habeo,
529 2818 626 2914 quod
644 2819 777 2890 nostris
797 2821 935 2893 civibus
960 2844 1094 2892 atinum
1119 2821 1156 2889 in
1172 2820 1263 2889 dno-
1314 2816 1443 2886 nielem
1460 2831 1494 2888 et
1509 2817 1643 2888 similes
1664 2819 1702 2889 in
1724 2821 1929 2893 servitutem
1943 2824 2190 2906 abduxerunt,
2213 2823 2279 2894 dele·

149 2956 153 2964 ·
269 2926 385 2997 decim
416 2946 555 2994 menses
575 2946 649 2991 non
675 2923 795 3015 inepte
818 2923 1022 3002 distribuit,
1055 2936 1090 2993 et
1112 2918 1262 3014 Epactas
1313 2932 1443 2990 verunt
1475 2919 1645 3011 templum
1680 2946 1720 2994 ac
1747 2919 1816 2993 Dei
1842 2927 1977 2996 sedem:
2012 2941 2141 3017 postea
2171 2922 2280 2997 serviri

268 3027 441 3115 congessit
458 3027 496 3096 in
512 3047 666 3094 mensem
684 3027 939 3096 intercalarem.
980 3022 1057 3096 Etsi
1076 3023 1187 3094 lulius
1204 3024 1261 3092 in·
1313 3018 1489 3092 Romanis
1506 3019 1648 3097 Iudaea.
1699 3020 1774 3095 Aut
1797 3025 1905 3116 igitur
1927 3024 2024 3098 Deus
2051 3052 2141 3100 suos
2159 3024 2281 3119 negligi&

268 3130 382 3199 stituit
398 3142 516 3219 postea
532 3127 707 3197 rationem
721 3127 918 3211 meliorem,
942 3139 1060 3199 tamen
1078 3127 1262 3215 diligentia
1313 3137 1374 3193 aut
1388 3118 1582 3194 Chaldaeas
1599 3139 1631 3195 et
1647 3123 1828 3198 Romanas
1844 3129 2032 3218 religiones
2047 3135 2166 3224 magis
2178 3127 2282 3225 protis

266 3231 404 3301 Numae
427 3229 499 3299 illis
524 3227 829 3302 rudibusseeulis
860 3231 1003 3323 proluit.
1062 3226 1262 3298 DeNlinoe'
1313 3223 1477 3296 Tutiam
1508 3227 1634 3295 seculis
1658 3252 1677 3296 a
1702 3227 1877 3302 Romanis
1908 3224 2282 3323 imperatoribnsChti·

266 3358 350 3402 vero
375 3332 462 3426 quid
484 3331 602 3401 dices?
654 3328 752 3420 Quid
777 3333 928 3426 nequius
951 3327 1019 3401 hoc
1036 3330 1130 3400 lovis
1154 3331 1261 3400 disci·
1313 3328 1420 3397 stiani
1448 3328 1615 3399 trucidati
1643 3344 1745 3421 sunt,
1780 3334 1907 3425 quasi
1939 3337 2163 3409 connivente
2191 3352 2280 3405 eoru·

267 3436 354 3528 pulo
370 3435 455 3512 luit,
481 3434 510 3502 si
524 3433 665 3521 legibus
682 3435 753 3501 suis
769 3448 829 3502 atit
846 3432 1081 3518 confirmavit,
1109 3449 1261 3503 autnon
1313 3432 1402 3499 dirce
1418 3425 1579 3514 Christo,
1606 3432 1663 3500 cui
1687 3457 1723 3502 se
1745 3434 1870 3504 dieunt
1892 3459 1965 3509 esse
1988 3462 2112 3512 curae.
2164 3436 2280 3509 Mortui

267 3536 411 3611 sustulit
424 3535 591 3604 soclalicia
608 3529 807 3626 Cretensis,
831 3560 921 3629 quae
935 3537 971 3604 in
990 3531 1147 3609 historiis
1164 3560 1261 3605 com·
1312 3533 1451 3601 animos
1467 3526 1654 3602 homiuum
1677 3528 1761 3605 haec
1783 3538 2087 3611 terriculamenta:
2114 3563 2198 3612 nam
2217 3533 2282 3607 mul

268 3636 535 3707 memorantur?
579 3631 712 3707 Desine
736 3637 845 3726 igitur
869 3634 1080 3733 Symmache
1101 3640 1261 3709 conferre
1312 3647 1367 3703 tae
1391 3657 1514 3703 causae
1535 3659 1577 3703 ex
1600 3635 1783 3707 eventibus
1808 3639 2030 3722 iudicantur,
2061 3657 2104 3715 ut
2122 3639 2282 3714 dictata:

267 3739 432 3810 Minoem
448 3752 508 3810 aut
523 3735 676 3808 Numam
690 3763 771 3808 cum
786 3743 916 3810 nostris
928 3742 1134 3812 doctoribus
1147 3739 1260 3807 multo
1312 3731 1437 3804 Exitus
1454 3749 1527 3805 acta
1546 3738 1683 3827 probat.
1732 3734 1780 3808 Et
1794 3740 1947 3811 iustitiae
1961 3741 2035 3813 Dei·
2046 3730 2284 3835 congruenti·

176 3840 178 3844 ’
268 3842 456 3910 interiores
469 3853 591 3923 aetate,
606 3854 643 3910 et
656 3830 1095 3913 fascinatosdeliramentis
1110 3844 1154 3910 de
1167 3841 1260 3907 nud-
1299 3839 1435 3921 detur,
1463 3861 1507 3905 ne
1532 3839 1622 3908 desit
1642 3839 1733 3920 suis,
1760 3841 2105 3936 deniquemultain
2124 3845 2284 3920 hancsen·

267 3943 421 4014 titudine
442 3944 602 4014 deorum.
653 3939 837 4012 Praeterea
854 3968 942 4038 qtias
965 3946 1109 4014 illorum
1128 3943 1262 4024 literas,
1312 3939 1460 4008 tentiam
1476 3939 1712 4029 plausibiliter
1727 3943 1798 4012 diei
1814 3961 1972 4036 possunt.

267 4068 372 4136 qtram
391 4045 590 4112 doctrinam
613 4045 773 4133 profers?
825 4042 957 4116 Extant
974 4045 1137 4114 versiculi
1158 4043 1260 4132 pauci
1414 4038 1483 4108 Hic
1502 4040 1712 4111 Ambrosius
1732 4046 1974 4133 gravissimam
1991 4051 2180 4143 querelam
2196 4053 2283 4125 deu

265 4139 545 4230 Rhadamanthi,
570 4168 675 4238 quem
684 4142 786 4215 Plato
800 4149 991 4220 arbitratur
1005 4146 1259 4215 antelltlinoe'm
1312 4141 1532 4212 lamitatibus
1548 4139 1727 4214 Ecclesiae
1749 4148 1912 4220 instituit.
1962 4150 2081 4224 Multa
2104 4153 2287 4249 inquisitu

264 4248 477 4334 gubernasse
501 4244 653 4318 Cretam.
707 4247 776 4319 Sed
801 4245 1162 4323 ethniusversiculi.
1191 4249 1259 4316 etsi
1312 4245 1477 4315 adierunt
1500 4246 1613 4316 oeulis
1635 4271 1674 4318 ac
1697 4251 1877 4322 mentibus
1897 4247 2107 4339 hominum,
2141 4282 2190 4328 ne
2210 4253 2289 4329 lacilt

265 4362 347 4417 simt
371 4343 531 4435 honesti,
564 4360 682 4419 tamen
705 4352 749 4420 de
774 4349 939 4419 civilibus
966 4350 1089 4440 poenis
1118 4362 1258 4419 tantuin
1312 4349 1453 4436 agnosci
1477 4348 1588 4440 possit
1610 4363 1730 4419 coetus
1744 4351 1820 4423 Deo
1836 4354 1986 4427 dicatus.
2040 4356 2176 4450 lugens
2192 4355 2290 4432 muli-

264 4450 478 4544 loquuntur,
504 4445 597 4521 nihil
613 4454 742 4522 dorent
758 4455 801 4520 de
820 4452 870 4520 ira
885 4450 951 4521 Dei
970 4452 1149 4540 placanda.
1312 4450 1397 4519 tudo
1414 4462 1464 4518 est
1482 4451 1604 4539 ignara
1618 4447 1824 4542 Evangelii,
1851 4481 1957 4550 quam
1978 4471 2101 4532 tamen
2129 4464 2176 4534 ad
2200 4475 2291 4535 aete

365 4553 455 4622 Cum
472 4553 579 4642 igitur
595 4569 629 4624 et
646 4554 757 4644 prima
780 4553 826 4621 sit
843 4550 1020 4621 Ecclesiae
1037 4569 1178 4623 nostrae
1192 4555 1258 4622 do-
1310 4575 1399 4620 num
1414 4551 1559 4622 exitium
1576 4556 1690 4639 nasci,
1712 4555 1853 4628 videtur
1867 4560 2075 4648 absurdum,
2102 4563 2290 4657 praesertin

264 4654 396 4732 ctrina,
424 4669 457 4745 et
475 4654 608 4723 divinis
625 4653 837 4721 testimoniis
852 4654 1034 4743 plurimis,
1061 4670 1095 4724 et
1109 4657 1259 4724 resusci-
1311 4676 1391 4722 cum
1413 4653 1452 4721 in
1474 4648 1539 4723 hac
1561 4655 1636 4745 ipsa
1660 4670 1760 4747 parte
1781 4662 1920 4749 generis
1941 4655 2093 4734 humani
2111 4668 2291 4759 sintimpt·

262 4756 396 4824 tatione
413 4771 634 4825 mortuorum
651 4754 874 4838 confirmata,
901 4759 994 4825 etde
1017 4760 1122 4825 rebus
1138 4781 1258 4825 neces·
1311 4755 1387 4838 ria,
1411 4755 1561 4825 floreant
1584 4756 1726 4847 ingenia
1747 4763 1874 4831 studiis
1889 4763 2032 4835 virtutis
2046 4781 2157 4862 atque
2169 4770 2291 4848 amun,

132 4847 135 4853 ’
209 4850 212 4855 ’
261 4857 380 4939 sariis,
406 4860 450 4926 de
473 4855 760 4937 immortalitate,
788 4856 831 4923 de
847 4857 899 4927 ira
918 4855 982 4927 Dei
1000 4859 1188 4948 placanda,
1214 4859 1259 4927 cle
1311 4869 1344 4926 et
1362 4855 1506 4948 quidem
1520 4859 1676 4931 serviant
1692 4864 1873 4933 communi
1888 4867 1993 4938 vitae.
2043 4864 2291 4963 iliadem:-

260 4959 373 5027 causis
397 4954 633 5027 humanarum
658 4980 926 5042 aerumnarum,
951 4961 995 5027 de
1013 4960 1174 5030 miranda
1200 4959 1258 5027 iu-
1310 4958 1560 5029 bernatoribus
1575 4957 1712 5044 Deum,
1740 4977 1913 5037 testantur
1936 4962 2073 5038 heroici
2091 4988 2231 5056 motus,
2252 4968 2291 5042 ti·

259 5060 476 5128 stauratione
492 5070 637 5125 naturae
652 5069 809 5140 nostrae,
835 5082 945 5148 genus
970 5056 1166 5131 humanum
1188 5064 1257 5128 do·
1310 5059 1441 5130 ctoriae
1454 5061 1696 5151 admirabiles,
1722 5070 1991 5140 constitutiones
2009 5070 2257 5165 imperiorum.

258 5175 350 5230 ceat:
377 5160 532 5249 denique
550 5181 630 5225 cum
655 5157 827 5229 mirandis
846 5159 960 5229 modis
979 5175 1183 5233 conservata
1201 5163 1258 5247 sit,
1412 5159 1681 5236 Conferanimo
1697 5164 1868 5239 Senatum
1883 5168 2112 5260 Romanum,
2139 5186 2292 5271 regnante

257 5283 411 5352 eumque
445 5257 694 5348 sapientissimi
736 5271 770 5328 et
807 5263 1058 5331 modestissimi
1092 5257 1256 5334 homines
1310 5259 1491 5351 Augusto,
1516 5266 1561 5334 ad
1578 5265 1832 5358 Apostolomm
1848 5283 2002 5343 coetum:
2030 5272 2115 5346 Utri
2130 5264 2292 5373 inagisri·

255 5385 379 5431 omnes
404 5359 578 5428 cruciatus
607 5361 760 5448 perferre
793 5364 1005 5447 maluerint,
1041 5390 1147 5457 quam
1180 5389 1256 5434 eam
1311 5365 1441 5435 deutur
1476 5380 1538 5438 aut
1569 5368 1703 5437 servire
1735 5364 1832 5456 Deo,
1871 5386 1933 5443 aut
1966 5369 2045 5445 Deo
2075 5402 2184 5453 curse
2213 5375 2292 5453 esst?

254 5463 428 5544 abiicere,
449 5485 536 5530 non
558 5463 763 5534 dubitemus
785 5459 979 5534 Ecclesiam
1002 5461 1138 5537 Christi
1162 5478 1258 5537 recte
1311 5464 1427 5540 Multa
1450 5467 1549 5558 sigua
1572 5469 1731 5542 indicant
1745 5469 1946 5564 Augustum
1973 5477 2154 5554 divinitus
2175 5479 2291 5556 adhoc
