4664 6022
139 253 164 323 7
657 243 820 320 DECL.
852 243 927 320 DE
963 245 1225 322 ARTIBUS
1258 245 1674 326 LlBERALlBUS.
2027 260 2030 267 '
2171 182 2201 330 8*

142 415 207 522 par
229 423 388 497 studium
410 421 570 507 accedat,
596 435 631 494 et
654 434 695 493 ut
714 421 754 490 in
769 444 907 492 summa
919 421 1056 508 dicam,
1082 447 1143 492 rex
1191 447 1268 494 rem
1298 423 1482 525 explicabo
1506 449 1581 495 non
1605 448 1731 499 vanus.
1791 424 1935 498 Poe'tica
1955 420 2097 523 mythos
2117 453 2194 499 uno

143 529 304 624 luppiter
327 526 495 598 omnibus
518 524 623 599 idem.
677 522 839 595 Grandia
856 521 1052 611 hacetum,
1078 549 1143 594 nec
1193 528 1389 621 eodemque
1423 528 1579 599 iucundo
1610 528 1816 610 involucro,
1851 544 1886 601 et
1916 531 2084 622 populari
2109 533 2193 625 qui-

145 623 427 731 ἀπροσδιόνυσα
440 629 472 698 ei
483 629 572 702 loco.
607 624 678 699 Sed
689 628 877 720 exporrigo
886 629 1040 698 frontem
1054 630 1143 698 adu·
1192 633 1293 709 dem,
1315 631 1449 721 primas
1464 631 1595 701 artium
1610 632 1777 722 origines,
1802 633 2009 728 primosque
2024 628 2194 705 authores

146 734 334 807 lescentiae
351 735 522 804 dicturus.
575 729 759 820 Quaedam
776 731 1005 817 iucundiora,
1033 756 1143 826 quae-
1191 747 1299 804 tenet.
1352 731 1556 803 Mercurius
1580 721 1663 803 love
1686 749 1809 819 natus,
1837 734 1932 805 lovis
1956 760 2057 805 mens
2080 731 2194 807 habe-

145 841 227 908 dam
254 836 362 908 etiam
392 836 544 907 clariora
572 834 754 925 prioribus
775 835 887 904 feram
911 836 949 903 in
973 835 1143 904 medium.
1192 850 1250 905 tur
1265 837 1327 915 iis,
1351 836 1415 929 qui
1432 837 1561 905 veteris
1576 832 1833 929 Philosophiae
1850 839 1953 930 periti
1971 852 2065 912 sunt.
2118 839 2194 934 Ly-

146 943 196 1013 At
212 939 374 1023 interim,
400 939 430 1008 si
448 937 533 1033 quid
554 938 599 1007 ab
615 932 836 1007 humanitate
855 950 989 1020 vestra,
1014 937 1143 1029 optimi
1191 963 1268 1008 ram
1291 939 1335 1008 de
1358 940 1554 1023 testudine,
1586 965 1660 1008 non
1684 941 1769 1011 falsa
1790 942 1918 1010 mundi
1939 940 2117 1032 imagine,
2141 944 2192 1015 sic

147 1043 235 1130 viri,
267 1043 378 1135 pietas
406 1065 502 1124 mea,
536 1040 633 1109 vela
658 1039 760 1110 vobis
780 1041 1021 1110 adulescentes
1044 1064 1141 1109 nun·
1193 1041 1232 1110 in
1269 1065 1309 1110 re
1340 1065 1449 1134 parva
1479 1043 1564 1112 lusit
1594 1055 1739 1126 natura,
1785 1038 2066 1117 πολυδαίδαλον
2099 1047 2192 1131 fecit,

146 1170 255 1242 quam
269 1169 345 1215 non
361 1144 515 1213 officiosa
532 1143 699 1213 voluntas
715 1142 864 1212 emereri
882 1156 1006 1234 potest,
1032 1166 1142 1237 quae-
1192 1139 1336 1214 chordis
1358 1146 1501 1216 ornavit
1524 1158 1674 1236 septem:
1701 1142 1767 1216 Est
1783 1147 1878 1215 enim
1895 1147 1956 1216 ille
1971 1171 2068 1217 sacer
2085 1143 2189 1218 habi-

146 1274 186 1320 so
215 1272 290 1319 non
318 1247 394 1316 solo
425 1245 627 1336 argumenti
654 1245 818 1329 nomine,
850 1269 974 1314 verum
1003 1259 1037 1316 et
1064 1269 1143 1315 mea
1193 1260 1249 1317 tus
1272 1270 1453 1321 numerus.
1514 1246 1656 1339 Septem
1682 1243 1748 1316 bae
1773 1262 1858 1319 sunt
1883 1263 1994 1333 artes,
2023 1264 2063 1320 ut
2087 1274 2190 1340 agam

147 1352 259 1445 ipsius
279 1371 400 1430 causa,
428 1348 602 1441 pari-cum
623 1348 767 1419 caeteris
784 1343 1002 1419 Oratoribus
1017 1349 1144 1418 vestris
1191 1343 1360 1420 historica
1391 1349 1478 1432 fide,
1525 1374 1651 1441 supera
1682 1352 1841 1420 defluxae
1870 1367 2007 1435 mente,
2046 1355 2193 1446 ‘quibus

148 1456 228 1525 loco
244 1452 321 1546 pari
335 1452 448 1542 gratia
462 1446 599 1524 habete.
1192 1453 1309 1522 omnis
1345 1464 1494 1522 naturae
1528 1453 1674 1524 scientia
1713 1449 2036 1545 comprehenditur.
2116 1454 2189 1526 lam

249 1553 427 1627 Constans
454 1567 489 1624 et
516 1566 654 1624 vetusta
683 1553 777 1622 fama
806 1568 875 1636 est,
908 1566 1032 1624 natum
1057 1549 1144 1622 love
1193 1568 1227 1625 et
1265 1555 1443 1646 praesides
1484 1553 1610 1624 Musae
1652 1556 1819 1641 totidem,
1870 1581 1961 1650 quae
2004 1560 2094 1627 duae
2135 1584 2193 1629 re·

148 1657 389 1742 Mercurium,
437 1681 548 1751 quum
586 1658 629 1726 ad
655 1651 809 1750 Aegypti
833 1657 983 1725 ssumioa
1010 1680 1143 1748 puera
1192 1657 1312 1750 liquae
1336 1670 1481 1749 septeno
1505 1653 1615 1727 choro
1636 1659 1692 1728 ius
1712 1659 1873 1727 omnium
1900 1660 2192 1735 sibivendicant.

147 1756 326 1858 Nymphis
340 1760 511 1840 aleretur,
538 1772 578 1829 ut
592 1772 667 1829 erat
685 1759 823 1827 indoles
838 1759 983 1842 festiva,
1010 1783 1072 1850 per
1086 1758 1143 1827 lu·
1192 1756 1284 1829 Ecce
1306 1757 1373 1828 Dei
1399 1783 1508 1828 manu
1529 1762 1756 1831 fabrefactam
1779 1760 1930 1855 Lyram,
1970 1788 2048 1832 ecce
2072 1761 2191 1834 Deum

149 1889 227 1935 sum
243 1865 432 1957 iocumque
443 1863 587 1933 solitum
599 1863 767 1955 pleraque
776 1862 1021 1940 commentari,
1048 1862 1144 1930 Deas
1192 1885 1342 1942 munus,
1370 1857 1498 1932 Artes..
1538 1859 1634 1932 Mihi
1658 1887 1743 1932 vero
1762 1863 1833 1933 iam
1853 1867 1896 1932 de
1910 1879 2058 1936 naturae
2075 1867 2191 1936 scien-

148 1966 293 2037 vafricie
316 1966 457 2049 fallere,
483 1987 594 2034 novas
618 1978 727 2047 artes,
751 1989 843 2033 nova
860 1988 965 2055 opera
981 1964 1143 2043 miranda
1192 1965 1260 2049 tia,
1283 1987 1359 2032 non
1384 1961 1575 2034 Daemouii
1598 1991 1682 2035 voce
1706 1988 1763 2034 res
1787 1982 1855 2051 est,
1880 1981 2036 2060 putoque
2057 1971 2191 2040 nostris

148 2069 301 2162 posteris
316 2069 492 2158 effingere.
532 2063 674 2136 Eximia
690 2082 751 2151 est,
773 2091 863 2161 quae
878 2066 1042 2156 gentibus
1059 2066 1142 2134 inde
1192 2066 1346 2156 ingeniis
1369 2068 1532 2158 propria,
1565 2069 1714 2138 rationis
1738 2092 1804 2138 usu
1827 2069 2012 2159 contingit.
2062 2067 2115 2140 Ea
2138 2086 2189 2142 est

149 2171 287 2267 aliquot
308 2171 403 2241 inter
420 2194 517 2240 sacra
534 2170 602 2240 fuit
615 2167 729 2264 Lyra,
755 2169 792 2238 id
810 2169 905 2238 enim
925 2169 1056 2239 fabulis
1071 2167 1141 2236 cal·
1192 2169 1232 2238 in
1262 2167 1423 2238 oratione
1450 2170 1598 2260 partim,
1639 2169 1830 2263 partimin
1856 2172 1975 2244 rebus.
2032 2169 2190 2244 Scientia

149 2275 224 2344 lido
250 2298 383 2344 nomen
410 2274 558 2343 invento
589 2272 763 2364 proditur.
822 2269 966 2340 Factam
997 2271 1143 2340 aiunte
1192 2295 1311 2341 rerum
1325 2271 1436 2364 prior,
1461 2275 1520 2341 sed
1537 2295 1602 2341 nos
1617 2273 1753 2363 vulgari
1769 2298 1868 2341 more
1883 2274 2050 2345 dicemus.
2086 2274 2192 2364 Quae

149 2372 284 2451 concha
299 2368 516 2471 quam'forte
529 2374 675 2445 fortuna
690 2375 760 2442 iam
776 2374 815 2441 in
828 2374 920 2443 sicco
936 2373 1144 2443 destituerat
1192 2375 1237 2443 ad
1269 2397 1467 2443 sermonem
1501 2388 1677 2465 spectant,
1734 2365 1961 2464 ingeniorum
1995 2379 2191 2469 puerilium

148 2477 254 2551 Nilus
284 2478 324 2547 in
353 2478 492 2548 alveum
523 2499 717 2567 regressus:
736 2473 986 2559 ¹'l'estudinem
1015 2486 1144 2545 vocant
1192 2476 1379 2547 exercendi
1407 2471 1586 2546 habentur
1613 2478 1727 2548 initia.
1790 2475 2032 2549 Grammatica
2059 2481 2191 2572 prima,

149 2580 285 2653 notiori
321 2581 507 2651 vocabulo.
579 2577 763 2649 Festivum
799 2579 956 2670 profecto
996 2592 1144 2649 naturae
1193 2578 1250 2648 cui
1276 2578 1446 2672 quoniam
1472 2580 1643 2650 elementa
1667 2580 1850 2650 literarum
1872 2582 2061 2664 debemus,
2086 2584 2190 2653 nulla

149 2707 252 2778 opus.
323 2679 531 2773 Oblongula
561 2694 632 2761 est,
674 2695 714 2751 ut
742 2680 879 2775 reliqua
911 2696 1065 2764 taceam,
1109 2693 1144 2749 et
1193 2705 1234 2750 ex
1263 2695 1362 2773 parte
1390 2706 1466 2750 non
1496 2696 1548 2753 est
1572 2683 1784 2752 necessaria:
1830 2683 1916 2776 quid
1941 2684 2037 2754 enim
2061 2686 2190 2756 attinet

149 2786 262 2879 capite
295 2785 398 2881 quasi
432 2786 472 2853 in
499 2785 622 2855 orbem
651 2783 812 2867 sinuato,
850 2808 889 2853 ac
917 2785 965 2853 ob
993 2783 1031 2852 id
1062 2796 1142 2874 apta
1192 2784 1333 2873 longius
1350 2783 1530 2853 immorari
1548 2784 1661 2876 palam
1680 2809 1863 2854 concessae
1882 2787 1951 2870 rei,
1975 2811 2080 2881 quam
2096 2788 2187 2859 utile

147 2888 315 2959 manibus
328 2884 506 2958 habendo.
546 2880 654 2975 Quod
671 2910 750 2956 cum
767 2886 806 2955 in
819 2885 898 2978 ripa
911 2885 1039 2955 ludens
1054 2909 1144 2976 puer
1192 2886 1403 2955 mortalibus
1420 2901 1617 2978 repertum,
1642 2888 1777 2974 literae,
1804 2885 1981 2981 ἄσβεστοι
1996 2892 2188 2961 memoriae

149 2992 387 3075 observasset,
423 2990 547 3060 utilem
578 3002 674 3059 ratus
704 2989 831 3058 ostraci
861 2989 1030 3078 figuram,
1068 2987 1143 3057 adit
1192 2990 1372 3070 custodes,
1399 2989 1581 3081 popularis
1603 2991 1745 3080 regulae
1768 2992 1959 3077 sermonis,
1986 3004 2025 3061 ut
2046 2994 2186 3063 mittam

147 3093 315 3187 propius,
348 3092 486 3163 aridam
507 3091 639 3177 caedit,
665 3105 769 3164 sonat
791 3115 829 3161 ea
854 3105 890 3160 et
911 3091 1031 3161 nescio
1054 3089 1142 3184 quid
1192 3103 1339 3160 caetera.
1367 3160 1371 3168 ,
1398 3089 1493 3160 Huic
1517 3093 1651 3163 accedit
1675 3093 1834 3183 proxima
1863 3092 2069 3176 Dialectica,
2100 3097 2187 3164 sub-

148 3195 337 3282 blandius,
363 3195 482 3266 statim
504 3193 602 3264 Deus
624 3194 750 3285 arripit
772 3194 1026 3273 laetabundus,
1051 3194 1142 3261 bene
1191 3192 1266 3262 tilis
1289 3193 1486 3265 disserendi
1511 3195 1619 3280 ratio,
1646 3220 1729 3265 nam
1754 3194 1792 3264 id
1807 3194 1941 3265 indicat
1956 3218 2088 3264 nomen
2104 3196 2188 3264 lite-

149 3293 319 3391 pulchrae
340 3298 394 3368 rei
415 3320 578 3391 sperans,
602 3298 732 3389 pellem
748 3320 859 3366 nervo
876 3296 1003 3366 culmis
1019 3295 1143 3384 infigit,
1191 3309 1334 3365 raturae
1351 3320 1477 3378 comes,
1505 3299 1686 3389 complexa
1704 3296 1873 3391 quicquid
1888 3291 1957 3366 boc
1970 3321 2088 3382 omne,
2114 3322 2187 3390 quo

149 3395 301 3472 chordas
324 3401 477 3472 adstruit
498 3413 652 3492 septem,
679 3399 835 3470 intendit
856 3393 978 3492 chely,
1004 3396 1143 3488 experi-¹
1192 3422 1229 3468 se
1252 3397 1372 3493 aliqua
1395 3400 1449 3469 vis
1472 3400 1573 3470 effert
1598 3401 1751 3490 ingenii:
1778 3424 1819 3471 ac
1841 3399 1870 3470 si
1889 3399 1971 3469 licet
1988 3393 2057 3468 hoc
2075 3401 2188 3467 auda-

129 3571 131 3575 Α
149 3518 208 3577 tur
221 3516 327 3575 cantu
344 3526 516 3594 organon,
542 3496 774 3597 αὐτοσχεδίῳ
790 3502 951 3581 miratur,
978 3499 1143 3594 interque
1192 3501 1269 3571 cius
1291 3500 1417 3592 paulo,
1441 3503 1515 3572 sola
1537 3498 1628 3570 mihi
1652 3502 1814 3571 omnium
1837 3513 1951 3571 mater
1974 3500 2105 3570 artium
2120 3495 2189 3570 ha-

149 3629 276 3676 manus
295 3619 330 3676 et
352 3601 498 3676 brachia
522 3617 656 3689 versat,
682 3604 866 3699 placetque
888 3604 959 3672 iam
981 3626 1057 3672 non
1077 3626 1142 3671 au·
1192 3603 1269 3673 beri
1300 3627 1404 3695 posse
1432 3605 1588 3673 videtur:
1629 3601 1789 3672 Tantum
1823 3602 1939 3685 abest,
1968 3616 2010 3672 ut
2037 3604 2188 3692 dignum

148 3709 220 3781 tori
235 3721 393 3792 tantum,
418 3710 477 3777 sed
494 3707 579 3801 ipsis
597 3706 701 3779 etiam
717 3704 795 3783 Diis
811 3706 1025 3776 nutricibus:
1051 3701 1143 3775 Coe·
1193 3708 1297 3776 docto
1330 3728 1469 3798 speres,
1504 3717 1546 3776 ut
1576 3719 1697 3797 pectus
1728 3706 1773 3773 ad
1798 3704 2007 3795 sapientiam
2033 3705 2189 3775 formare

148 3811 202 3904 pit
223 3834 296 3881 csse
317 3810 501 3881 laudatum
518 3824 552 3880 et
570 3809 708 3881 selectis
723 3809 950 3879 numinibus:
978 3805 1142 3877 Donatur
1192 3809 1319 3903 quovis
1342 3810 1450 3878 modo
1477 3831 1602 3901 queas,
1635 3808 1665 3876 si
1690 3807 1913 3878 Dialecticou
1936 3806 2099 3898 politias,
2125 3832 2191 3876 va-

148 3911 325 4006 Apollini.
374 3911 448 3983 Nec
470 3913 576 4003 longo
599 3926 680 4005 post
701 3925 860 4004 tempore
874 3907 1041 3981 Phoebus
1056 3934 1141 4002 ope-
1191 3911 1337 3980 nissime
1359 3911 1541 3994 omnium,
1563 3910 1724 4004 quisquis
1743 3933 1779 3979 es
1796 3910 2060 4001 contempseris.
2111 3908 2189 3978 Ne·

148 4009 569 4086 ramnavanshominum
581 4016 723 4105 gratiae,
746 4008 1140 4109 chelyndeditOrpheo
1192 4039 1260 4108 que
1291 4015 1387 4082 enim
1419 4013 1480 4082 ille
1512 4015 1683 4082 mercium
1717 4026 1816 4105 pater
1846 4007 2014 4082 Oceanus
2045 4025 2188 4081 tanturn

123 4158 128 4165 ·
147 4117 301 4190 muneri.
352 4115 438 4188 Fuit
459 4109 711 4212 ἑπτᾶχορθος,
739 4114 899 4187 Homero
921 4141 961 4186 ac
983 4113 1140 4186 Pindaro
1190 4141 1320 4209 opum,
1345 4129 1484 4186 tantum
1501 4114 1707 4186 divitiarum
1728 4115 1807 4184 orbi
1825 4108 1992 4184 convehit
2006 4114 2188 4200 universo,

147 4220 286 4311 magnis
314 4214 482 4305 testibus,
514 4221 600 4291 dum
624 4215 793 4312 Orpheus
817 4215 998 4312 Calliopae
1021 4220 1139 4288 studio
1191 4231 1365 4313 quantum
1381 4218 1511 4288 artium
1528 4241 1598 4287 uua
1614 4217 1856 4314 cyclopediae,
1883 4213 2086 4289 Dialectica,
2136 4213 2188 4286 Et

147 4324 192 4394 de
227 4320 415 4393 Musarum
449 4347 601 4394 numero
635 4324 723 4391 duas
752 4323 920 4392 adiiceret
948 4322 1139 4394 resticulas.
1185 4321 1399 4411 attingerem
1425 4344 1465 4389 ex
1490 4320 1535 4388 iis
1556 4320 1711 4414 aliquot,
1739 4321 1777 4389 ni
1804 4320 1932 4411 passim
1960 4319 1997 4387 id
2015 4334 2188 4389 sonarent

145 4422 233 4496 Post
248 4419 391 4519 Orphei
413 4425 501 4508 fata,
527 4425 628 4495 aiunt
650 4425 712 4494 alii
729 4427 773 4494 ad
789 4423 977 4495 Musaeum
994 4438 1139 4514 gnatum
1188 4419 1347 4494 scholae:
1374 4423 1463 4492 atsi
1486 4422 1594 4492 vultis
1614 4438 1751 4508 tamen,
1777 4423 1960 4492 ostendam
1980 4421 2059 4490 usui
2074 4420 2186 4491 fuisse

72 4528 81 4550 '
148 4529 304 4612 venisse,
328 4527 391 4596 alii
413 4527 592 4598 fatidicam
614 4527 653 4596 iu
667 4525 810 4597 Lesbon
833 4529 1009 4612 delatam,
1035 4542 1140 4618 atque
1189 4525 1245 4596 vel
1262 4525 1410 4595 summis
1425 4524 1588 4612 ingeniis.
1644 4524 1709 4595 Vir
1723 4525 1833 4595 animi
1846 4546 1949 4613 sagax
1964 4521 2187 4609 Aristoteles,

147 4629 232 4700 inde
251 4654 272 4699 a
296 4628 507 4722 Terpandro
528 4631 566 4699 in
588 4625 788 4726 Aegyptum
813 4629 981 4723 patriam,
1013 4630 1141 4718 gratis·
1188 4641 1229 4698 ut
1244 4623 1342 4698 bunc
1357 4627 1553 4712 nominem,
1578 4628 1616 4696 in
1630 4654 1735 4722 quem
1752 4627 1875 4719 opinio
1892 4620 2080 4696 bominum
2097 4651 2188 4696 con-

147 4732 236 4802 sima
264 4756 431 4813 munera,
468 4733 674 4803 divinorum
706 4733 855 4802 consciis
888 4731 1140 4802 sacerdotibus.
1189 4730 1346 4800 sentiens
1375 4730 1497 4800 multis
1527 4731 1596 4800 iam
1625 4731 1753 4800 seculis
1783 4728 2019 4819 conspiravit,
2053 4752 2186 4822 quaeso

149 4831 205 4905 lbi
219 4858 293 4904 esse
309 4834 425 4927 coepit
439 4829 601 4929 Aegypto
618 4859 731 4914 sacra,
760 4860 865 4930 quam
883 4810 1071 4927 pleraeque
1084 4857 1140 4901 se·
1190 4833 1277 4926 quid
1298 4846 1452 4925 praestat
1474 4833 1608 4927 ubique
1625 4834 1680 4901 vel
1697 4832 1815 4923 aptius
1833 4831 1888 4899 vel
1906 4830 2081 4902 eruditius
2097 4828 2187 4901 Dia-

148 4950 249 5007 cutae
271 4938 454 5022 nationes,
488 4936 612 5007 itidem
633 4938 777 5008 coluere
800 4934 973 5007 Mercurii
999 4932 1139 5030 chelyn.
1189 4935 1339 5005 lectica?
1373 4948 1557 5028 potestque
1581 4935 1642 5004 illa
1665 4935 1765 5028 quasi
1785 4927 1959 5025 Delphico
1981 4933 2119 5023 gladio,
2143 4946 2185 5005 ut

145 5036 288 5109 Nomen
310 5040 393 5109 inde
419 5041 551 5112 factum
572 5039 713 5132 syderi,
737 5039 850 5135 Lyra,
877 5062 947 5132 quo
963 5061 1020 5105 res
1035 5038 1140 5107 aetati
1189 5038 1351 5108 omnium
1382 5062 1483 5108 sensa
1507 5062 1693 5132 nunquam
1717 5061 1791 5107 uon
1813 5035 2035 5128 penitissime
2058 5036 2185 5106 confo-

147 5143 410 5234 posteraeforet
424 5143 607 5232 augustior
658 5139 755 5211 Haec
770 5139 950 5234 estLyrae
964 5140 1138 5210 celebrata
1190 5140 1276 5210 diat.
1327 5140 1488 5223 Invenit,
1515 5140 1693 5231 disponit,
1719 5137 1930 5209 Dialecticae
1956 5138 2081 5222 debet,
2106 5139 2185 5229 ipsa

146 5246 315 5317 nobilitas
329 5259 382 5315 tot
396 5246 578 5337 gentibus,
603 5257 655 5314 tot
671 5244 805 5316 liberis.
858 5240 1038 5331 Quorsum
1055 5267 1139 5313 vero
1190 5243 1286 5311 enim
1315 5245 1401 5338 quid
1425 5266 1586 5337 quaeque
1607 5266 1683 5325 res,
1716 5242 1802 5336 quid
1827 5241 1956 5335 cuique
1979 5236 2185 5326 cohaerens,

145 5341 257 5418 haec?
291 5348 375 5443 quid
401 5352 445 5417 de
468 5373 540 5418 uua
562 5347 629 5416 sibi
654 5361 791 5417 tantum
808 5344 900 5440 Lyra
916 5345 1030 5437 placet
1045 5347 1140 5416 anti·
1189 5359 1224 5416 et
1245 5370 1318 5440 quo
1342 5344 1485 5428 ordine,
1519 5339 1959 5435 pulcherrime'distinctis
1981 5344 2049 5413 filis
2070 5356 2185 5418 notat.

146 5450 287 5543 quitas?
318 5448 458 5539 Quaeso
473 5445 563 5519 mihi
577 5451 757 5542 paulisper
771 5473 892 5520 aurem
909 5449 1139 5535 commodate,
1190 5446 1266 5519 lam
1288 5448 1318 5518 si
1335 5446 1539 5519 Platonicos
1556 5443 1627 5519 huc
1643 5447 1755 5519 accire
1771 5449 1893 5532 datur,
1919 5459 2074 5540 quantus
2089 5447 2185 5516 inter
