4620 6008
237 284 312 368 259
716 290 875 369 DECL.
925 288 1000 365 DE
1040 290 1243 369 PRAEF.
1284 290 1341 367 IN
1378 287 1629 367 orrtcta
1666 290 1771 369 ctc.
2194 301 2254 377 stt

240 477 285 546 de
307 472 469 545 moribus
489 469 673 555 civilibus,
698 481 803 562 atque
824 462 912 538 haec
927 490 1054 557 magna
1071 492 1113 537 ex
1130 483 1229 560 parte
1252 500 1257 525 ι
1279 468 1432 538 multum
1448 467 1619 539 adiuvant
1633 471 1678 538 ad
1696 469 1968 561 intelligendum
1985 494 2112 544 omnes
2124 475 2169 544 de
2182 473 2253 547 eivi-

239 572 412 649 Oratorio
428 599 546 659 more,
577 573 739 665 populari
753 594 879 661 genere
893 571 1083 654 orationis,
1113 586 1154 641 ut
1171 571 1229 640 in·
1278 569 1372 640 libus
1395 572 1501 641 rebus
1518 570 1786 662 disputationes.
1841 571 1889 645 Ut
1912 573 2022 666 igitur
2046 578 2148 647 decet
2165 573 2253 651 Chri-

240 679 398 771 telligere
415 702 454 748 ea
471 693 505 749 et
518 678 558 745 in
573 674 753 745 communi
769 673 862 742 vitae
876 674 1132 742 consuetudine
1147 668 1229 742 imi·
1278 672 1412 742 stianos
1428 667 1520 741 hanc
1535 673 1675 743 civilem
1691 677 1892 746 societatem
1907 676 2024 747 colere
2040 693 2076 749 et
2093 680 2254 768 adiuvare,

240 783 309 853 tari
342 777 505 852 homines
537 777 689 871 praediti
722 775 905 845 communi
939 799 1042 844 sensu
1076 781 1227 865 possiut;
1279 776 1325 843 ita
1345 769 1429 843 haec
1447 775 1606 845 doctrina
1632 778 1676 845 de
1697 778 1863 849 civilibus
1882 780 2046 850 moribus
2068 784 2254 875 atqueofl·

240 908 322 955 nam
345 883 451 953 exiles
474 879 748 973 disputationes,
774 879 894 972 quales
918 891 1001 946 sunt
1027 880 1119 968 apud
1144 875 1229 946 Ari·
1279 876 1342 945 ciis
1363 879 1604 966 cognoscenda
1626 893 1688 952 est.
1739 878 1821 950 Non
1842 893 1894 951 est
1912 881 2043 972 pietas,
2074 882 2255 978 Cyclopum

240 986 419 1069 stotelem‚
441 983 638 1054 doctrinam
654 982 798 1075 quidem
813 981 997 1050 continent
1013 1003 1087 1047 non
1111 980 1228 1049 illihe-
1277 1002 1376 1047 more
1394 979 1530 1060 vivere,
1555 979 1632 1049 sine
1648 981 1742 1066 iure,
1767 983 1844 1052 sine
1860 982 2018 1073 legibus,
2043 986 2122 1055 siue
2138 989 2255 1058 doctri-

240 1090 371 1179 ralem,
396 1087 457 1156 sed
470 1086 723 1156 subobscuram
739 1096 774 1153 et
794 1084 1049 1174 propemodum
1065 1082 1227 1151 consulto
1279 1105 1340 1164 na,
1378 1081 1456 1149 sine
1487 1081 1566 1150 aliis
1588 1083 1681 1152 vitae
1710 1085 1894 1175 praesidiis
1917 1110 2009 1180 quae
2040 1089 2257 1161 eontinentur

240 1192 459 1264 recedentem
483 1189 624 1277 longius
647 1188 691 1255 ab
708 1185 954 1275 imperitorum
975 1182 1156 1253 intellectu
1175 1200 1226 1255 at·
1277 1183 1402 1255 literis.
1455 1181 1575 1271 Quare
1599 1184 1656 1255 isti
1681 1186 1740 1278 qui
1765 1187 1966 1277 vituperant
1988 1183 2257 1282 Philosophiam,

238 1318 307 1390 que
337 1292 482 1363 iudicio.
547 1288 622 1359 Hae
654 1288 881 1357 definitiones
911 1286 1050 1354 facilius
1076 1286 1228 1376 intelligi
1278 1309 1351 1353 non
1378 1297 1516 1354 tantum
1552 1286 1808 1375 belligerantur
1840 1314 1920 1358 cum
1947 1305 2075 1362 natura
2105 1286 2258 1381 humana,

237 1411 271 1468 et
295 1395 339 1466 ad
356 1393 606 1489 quotidianum
628 1414 731 1459 usum
750 1390 841 1459 vitae
865 1389 1124 1457 accommodari
1148 1411 1228 1478 pos·
1279 1390 1337 1455 sed
1370 1387 1474 1454 etiam
1508 1388 1661 1475 graviter
1699 1390 1843 1462 laedunt
1877 1388 2065 1482 Evangelii
2099 1396 2257 1484 gloriam,

237 1512 333 1571 sunt.
375 1496 487 1566 Porro
504 1490 572 1565 hoc
586 1495 625 1562 in
642 1494 799 1561 confesso
816 1504 879 1576 est,
903 1491 1136 1559 necessarium
1154 1514 1226 1559 esse
1279 1491 1372 1581 qnod
1387 1489 1485 1559 iubet
1502 1503 1542 1558 ut
1554 1491 1740 1582 disciplina
1758 1493 1854 1561 civili
1876 1489 2039 1565 homines
2054 1492 2259 1568 cohercean-

237 1600 406 1672 omnibus
432 1599 610 1692 quandam
636 1596 679 1665 de
706 1593 865 1663 moribus
890 1591 1089 1662 doctrinam
1107 1606 1141 1661 et
1165 1595 1227 1661 de-
1279 1605 1348 1673 tnr,
1370 1604 1402 1661 et
1421 1592 1583 1659 maximis
1600 1594 1765 1683 praemiis
1782 1609 1886 1666 ornat
1902 1610 2028 1667 natura
2045 1593 2200 1670 honesta
2213 1601 2259 1670 io-

238 1703 465 1795 scriptionem
479 1700 673 1782 virtutum,
697 1710 736 1767 nt
753 1696 789 1764 in
806 1697 936 1764 nostris
956 1695 1115 1763 moribus
1137 1710 1170 1765 et
1188 1696 1225 1762 in
1277 1694 1418 1776 stituta,
1446 1717 1535 1786 qnae
1558 1696 1741 1765 continent
1763 1697 1902 1767 civilem
1927 1699 2132 1771 societatem
2157 1696 2261 1772 homi·
2296 1746 2300 1781 r

237 1802 425 1877 homiuum
439 1802 593 1892 negociis
609 1798 810 1868 indicandis
829 1798 1027 1885 intelligere
1043 1799 1227 1885 possimus,
1278 1820 1377 1868 nitro.
1428 1793 1509 1865 Non
1534 1819 1617 1889 ergo
1633 1800 1882 1869 contemnendi
1903 1815 1985 1871 sunt
2002 1784 2300 1895 Philosophietl

236 1908 464 2003 quiddeceat,
477 1904 563 1997 qnid
578 1927 651 1971 non
662 1903 794 1985 deceat,
813 1926 903 1995 quae
917 1913 1000 1968 sunt
1016 1913 1120 1982 recte,
1137 1923 1226 1991 quae
1276 1897 1338 1965 alii
1355 1897 1543 1987 scriptores
1556 1898 1618 1991 qui
1634 1892 1781 1970 honesta
1798 1902 1892 1974 vitae
1908 1917 2097 1996 praecepta
2111 1908 2261 1988 tradunt.
2298 1914 2300 1935 ²

236 2008 451 2081 secuslacta.
503 2004 642 2075 Tenere
658 2027 739 2093 ergo
761 2003 892 2071 formas
907 2014 943 2070 et
968 2000 1135 2089 imagines
1151 2000 1226 2068 vir·
1276 2002 1334 2066 sed
1351 1999 1541 2088 diligenter
1556 2002 1705 2088 legendi,
1731 2016 1769 2072 nt
1786 2017 1914 2074 acuant
1928 2005 2104 2076 iudicium
2122 2010 2168 2078 de
2185 2009 2260 2079 ciri·

237 2125 354 2183 tutum
382 2120 538 2201 oportet,
579 2129 666 2200 quas
698 2106 735 2173 in
770 2105 937 2173 omnibns
967 2103 1143 2185 consiliis,
1186 2104 1223 2170 in
1275 2102 1368 2168 libus
1393 2102 1547 2188 negociis
1570 2116 1604 2171 et
1629 2104 1798 2178 moribus.
1857 2105 1973 2176 Multa
1999 2121 2174 2198 poterunt
2194 2136 2260 2183 rno-

235 2211 403 2283 omnibus
432 2209 588 2298 negociis
625 2204 825 2276 iudicandis
853 2229 1054 2298 sequamur.
1106 2201 1223 2298 Atque
1275 2228 1358 2272 uere
1382 2203 1449 2271 viri
1473 2204 1649 2295 sapientes
1678 2205 1716 2273 in
1742 2204 1884 2298 Repub.
1908 2210 2057 2296 versati,
2089 2236 2259 2306 quaensn

234 2310 320 2386 haec
342 2312 505 2383 doctrina
524 2309 666 2401 proprie
690 2309 846 2378 vocanda
865 2321 917 2377 est
940 2303 1160 2391 humanitas,
1184 2332 1222 2375 ac
1274 2320 1535 2394 cognoverunt,
1560 2332 1713 2399 quorum
1735 2310 1890 2398 cognitio
1907 2335 1972 2382 nos
1989 2314 2120 2385 reddet
2135 2316 2257 2385 cautio-

231 2429 325 2487 recte
345 2429 381 2485 et
404 2413 545 2483 civilem
570 2412 713 2481 vivendi
738 2411 912 2480 rationem
928 2408 1083 2478 ostendit
1106 2409 1221 2476 omni·
1273 2407 1389 2477 resin
1413 2408 1550 2497 maguis
1572 2410 1679 2477 rebus
1702 2412 1874 2500 gerendis.
1931 2409 2097 2507 Exposui
2121 2416 2196 2511 quid
2216 2411 2251 2485 hi

231 2520 300 2589 bus
320 2516 511 2599 aetatibus,
537 2538 641 2608 quam
659 2512 721 2607 qui
743 2537 818 2581 non
841 2526 993 2591 norunt,
1017 2535 1142 2600 parum
1158 2512 1221 2580 ad·
1273 2509 1385 2579 libelli
1409 2524 1442 2579 et
1465 2512 1507 2578 ad
1527 2511 1717 2580 verborum
1742 2514 1880 2605 copiam
1896 2530 1928 2587 et
1943 2518 1986 2584 ad
2011 2540 2138 2588 rernm
2153 2518 2255 2588 scien·

229 2621 378 2693 modum
393 2617 527 2688 distant
543 2641 562 2685 a
578 2615 708 2686 bestiis.
768 2613 992 2707 Quamquam
1009 2625 1124 2682 autem
1142 2613 1221 2682 aliis
1272 2611 1356 2680 tiam
1379 2612 1581 2697 conferant,
1607 2636 1689 2682 nam
1712 2628 1746 2684 et
1768 2616 1903 2709 copiam
1920 2619 2100 2689 sermonis
2116 2620 2213 2692 alunt
2228 2634 2258 2691 et

106 2734 116 2751 ⁶
230 2723 318 2793 locis
339 2720 450 2811 magis
473 2720 620 2789 fortasse
643 2718 827 2800 convenit,
852 2716 1037 2786 ostendere
1059 2717 1154 2807 (prod
1176 2716 1220 2784 sit
1271 2714 1413 2784 firmant
1434 2714 1605 2784 iudicium
1630 2717 1675 2784 de
1700 2718 1880 2799 moribus,
1906 2744 2062 2812 quorum
2086 2739 2256 2816 utrunque

229 2824 419 2894 discrimen
444 2816 551 2891 huius
568 2821 750 2891 doctrinae
769 2833 803 2888 et
819 2814 1025 2908 Evangelii,
1049 2831 1167 2888 tamen
1186 2832 1219 2888 et
1271 2815 1373 2885 valde
1389 2817 1622 2886 necessarium
1639 2832 1687 2887 est
1711 2819 1749 2888 in
1766 2820 1848 2895 vita.
1900 2820 1971 2892 Sed
1982 2836 2049 2919 ⁶est
2070 2824 2147 2895 alia
2160 2848 2256 2920 quse-

231 2921 316 2996 haec
337 2924 424 2995 duxi
445 2918 510 2992 hac
533 2923 576 2992 de
599 2946 637 2992 re
660 2922 905 2992 admonendos
931 2943 1005 2989 esse
1029 2919 1219 3002 auditores,
1269 2918 1351 2986 dam
1371 2918 1505 2988 utilitas
1524 2914 1653 2988 horum
1671 2919 1893 3007 libellorum,
1919 2948 2010 3017 quae
2028 2926 2073 2995 ad
2094 2928 2255 3021 eloquen-

228 3041 269 3099 ut
291 3025 466 3097 eximatur
488 3025 539 3094 eis
569 3049 688 3110 error,
721 3023 784 3117 qui
811 3023 881 3091 iam
907 3022 1056 3093 istorum
1080 3022 1219 3089 animos
1269 3019 1353 3089 tiam
1373 3021 1543 3111 pertinet,
1568 3046 1657 3114 quae
1676 3025 1730 3092 vel
1748 3048 1827 3094 meo
1847 3025 1978 3095 iudicio
1995 3027 2052 3098 vel
2076 3031 2253 3121 praecipua

228 3128 431 3222 occupavit,
456 3122 542 3196 haec
562 3122 799 3196 Ethnicorum
825 3123 953 3215 scripta
977 3123 1122 3213 indigna
1145 3147 1218 3193 esse
1268 3136 1330 3192 est.
1382 3117 1520 3191 Omnes
1537 3124 1632 3194 docti
1648 3125 1716 3194 viri
1734 3126 1972 3219 praecipiunt,
1995 3142 2037 3198 ut
2053 3130 2155 3201 locos
2169 3154 2250 3201 con·

226 3256 316 3328 quae
332 3226 525 3301 Christiani
543 3223 705 3299 homines
720 3229 856 3319 legant,
888 3241 923 3297 et
946 3220 1216 3315 Philosophiam
1267 3248 1393 3293 munes
1414 3220 1606 3295 habeamus
1627 3227 1838 3314 instructos,
1864 3253 1905 3298 ex
1928 3230 2061 3323 quibus
2084 3252 2250 3304 sumamus

224 3333 349 3429 procul
373 3333 575 3421 fugiendam
592 3326 903 3402 esseChristianis.
951 3325 1076 3421 ltaque
1098 3328 1218 3396 brevi·
1267 3329 1465 3397 orationem
1494 3329 1537 3396 de
1568 3323 1725 3399 honestis
1747 3331 1872 3416 rebus,
1904 3332 2045 3424 quoties
2070 3358 2164 3427 opus
2183 3336 2250 3405 erit.

225 3451 280 3509 ter
305 3430 371 3505 hac
403 3437 449 3504 de
482 3459 520 3503 re
552 3434 762 3503 sententiam
797 3447 953 3502 nostram
988 3454 1216 3521 exponemus.
1264 3426 1356 3498 Nam
1378 3430 1498 3499 omnia
1527 3431 1671 3521 negocia
1695 3432 1733 3501 in
1755 3432 1845 3518 vita,
1879 3432 2089 3508 iudicantur
2110 3461 2152 3508 ex
2175 3436 2250 3507 locis

226 3532 457 3627 Philosophia
474 3532 566 3605 nihil
581 3537 744 3605 adfirmat
759 3537 802 3603 de
819 3535 1000 3603 voluntate
1014 3531 1095 3616 Dei,
1123 3528 1214 3600 nihil
1266 3533 1517 3603 communibus
1547 3535 1720 3603 virtutum
1751 3549 1784 3605 et
1813 3534 2003 3622 vitiorum,
2037 3560 2184 3637 eamque
2204 3538 2246 3607 ob

224 3638 397 3730 praecipit
412 3639 456 3705 de
473 3637 600 3708 timore
615 3653 649 3706 et
663 3636 788 3704 fidncia
806 3636 843 3702 in
860 3633 991 3705 Deum:
1029 3629 1114 3702 haec
1132 3659 1215 3724 pro·
1266 3657 1405 3702 causam
1427 3637 1469 3702 ad
1495 3635 1575 3702 illos
1601 3636 1783 3705 referenda
1806 3649 1857 3707 est
1875 3638 2011 3724 oratio,
2038 3642 2087 3711 de
2104 3660 2242 3737 quorun·

224 3741 302 3833 prie
325 3740 367 3807 ad
385 3734 617 3827 Evangelium
637 3737 828 3830 pertinent.
879 3734 948 3807 Sed
973 3751 1109 3827 praeter
1129 3732 1215 3805 haec
1265 3735 1494 3829 quenegocio
1511 3736 1669 3808 instituta
1686 3739 1804 3814 suerit.
1856 3736 2103 3832 Hicprimum
2121 3740 2245 3837 prodest

224 3841 339 3913 civilis
356 3840 449 3909 vitae
469 3853 674 3930 praecepta,
699 3838 892 3908 necessaria
914 3853 1014 3917 sunt,
1041 3863 1131 3931 quae
1148 3840 1213 3907 do-
1265 3838 1360 3907 locos
1376 3839 1528 3929 perfecte
1546 3841 1705 3928 cognitos
1720 3834 1869 3926 habere,
1894 3866 1977 3911 nam
1994 3865 2053 3912 res
2067 3844 2164 3937 ipsse
2176 3866 2243 3939 per·

224 3958 326 4015 ceant
341 3943 521 4035 quomodo
541 3936 705 4011 homines
721 3941 815 4010 inter
828 3964 865 4010 se
887 3940 1078 4033 tranquille
1096 3941 1213 4010 vivere
1264 3941 1351 4012 fecte
1365 3942 1536 4031 cognitae,
1554 3943 1704 4031 gignunt
1718 3944 1927 4030 orationem,
1945 3946 2008 4015 sed
2025 3948 2140 4037 magis
2152 3948 2239 4020 etim

223 4045 375 4139 possint:
403 4039 489 4113 baec
504 4044 542 4113 in
558 4038 791 4135 Philosophia
808 4045 1017 4125 traduntur,
1043 4056 1076 4113 et
1091 4068 1109 4111 a
1127 4044 1214 4113 viris
1265 4046 1407 4133 prodest
1424 4038 1551 4115 habere
1568 4045 1606 4112 in
1625 4059 1790 4136 promptu
1807 4045 1856 4115 sic
1872 4059 2036 4117 tractatas
2058 4062 2097 4120 et
2118 4060 2237 4121 ornat!

224 4145 477 4217 excellentibus
496 4170 618 4216 causae
644 4171 766 4216 eorum
789 4146 826 4214 in
849 4146 986 4215 ratione
1003 4145 1135 4235 positae
1151 4148 1214 4213 de·
1263 4170 1282 4213 a
1306 4143 1494 4231 Cicerone,
1521 4161 1558 4215 ut
1581 4147 1665 4216 inde
1687 4149 1793 4218 verba
1817 4161 1923 4240 atque
1945 4166 2155 4223 ornamenta
2173 4170 2234 4221 mr·

224 4242 525 4342 prehensaesunt.
575 4246 697 4341 Neque
719 4248 989 4317 existimandum
1013 4261 1080 4330 est,
1107 4243 1212 4319 Chri·
1263 4248 1354 4317 tuari
1373 4248 1563 4338 possimus,
1589 4262 1648 4319 aut
1663 4264 1756 4319 certe
1772 4250 1917 4322 imitari.
1955 4248 2056 4339 Quid
2073 4248 2230 4341 entant

223 4364 318 4422 stum
336 4349 472 4419 venisse
496 4349 721 4419 inmundum
737 4364 774 4419 ut
793 4344 877 4419 hacc
895 4362 1078 4440 praecepta
1096 4352 1211 4418 trade·
1263 4343 1321 4417 hic
1345 4349 1440 4419 aliud
1465 4347 1611 4431 Cicero,
1646 4351 1715 4419 nisi
1738 4364 1779 4421 ut
1801 4353 1898 4421 locos
1926 4376 2154 4437 communes,
2180 4349 2228 4423 te
2251 4432 2300 4443 q,

222 4468 294 4538 ret,
318 4453 417 4521 aliud
439 4451 609 4545 quiddam
629 4453 673 4521 de
694 4453 874 4523 voluntate
887 4452 953 4521 Dei
975 4465 1008 4522 et
1025 4454 1070 4522 dc
1083 4451 1210 4522 fidncia
1261 4465 1323 4535 est,
1339 4452 1512 4523 virtutum
1526 4452 1750 4524 definitiones
1763 4453 1967 4542 colligeret?
1983 4455 2028 4526 sd
2044 4480 2134 4549 quas
2147 4478 2225 4527 rere·
2280 4540 2295 4549 ·

222 4556 262 4625 in
275 4550 391 4625 Deum
409 4552 585 4643 exposuit,
613 4578 702 4645 quae
717 4553 808 4623 ratio
828 4548 981 4623 humana
998 4578 1073 4623 non
1089 4555 1212 4645 'potuit
1260 4556 1371 4624 canda
1383 4569 1468 4625 sunt
1481 4555 1599 4624 omnia
1616 4556 1733 4625 civilia
1749 4557 1905 4646 negocia,
1922 4557 1967 4624 de
1982 4557 2118 4651 quibus
2131 4558 2224 4630 dicct·
2245 4550 2274 4637 ,⁶

222 4650 494 4746 deprehendere.
546 4652 692 4725 Interim
728 4670 844 4725 tamen
879 4670 913 4726 et
945 4656 1063 4725 civilia
1095 4656 1209 4725 ollicia
1260 4666 1345 4726 dum
1362 4669 1426 4731 est.
1477 4655 1516 4728 Si
1533 4657 1658 4728 scribis
1671 4658 1875 4747 epistolam,
1897 4658 1934 4726 in
1951 4682 2022 4752 qua
2038 4656 2252 4752 agisgratist'

223 4756 316 4826 vitae
327 4759 501 4849 approbat
515 4753 612 4825 Deus
628 4771 661 4826 et
682 4757 832 4850 requirit
843 4758 888 4826 ab
904 4758 1070 4828 omnihus
1087 4759 1211 4830 aetati·
1260 4760 1373 4829 amico
1398 4761 1488 4829 bene
1505 4761 1548 4829 de
1571 4774 1605 4830 te
1622 4761 1767 4844 merito,
1792 4784 1899 4855 qnam
1916 4759 2028 4833 multa
2042 4769 2222 4837 omnnem
2294 4834 2300 4841 ,

223 4857 311 4941 bus,
342 4853 408 4928 hac
435 4857 621 4949 disciplina
648 4854 826 4928 coherceri
851 4861 927 4929 vult
951 4855 1113 4929 homines
1135 4884 1209 4929 non
1258 4861 1498 4951 suppeditabit
1512 4859 1637 4932 Cicero
1653 4862 1691 4931 in
1705 4862 1768 4932 illo
1785 4863 1873 4947 loco,
1897 4863 2221 4957 quicontinetprtt·
2259 4936 2265 4941 .
2295 4954 2298 4959 ¹

225 4958 328 5029 aliter
356 4973 459 5051 atque
485 4959 759 5050 Magistratuum
792 4961 929 5051 legibus
961 4976 995 5032 et
1027 4962 1209 5044 institutis,
1259 4977 1357 5052 cepta
1383 4965 1428 5033 de
1459 4964 1700 5052 gratitudine?
1735 4965 1868 5035 multae
1901 4964 1952 5034 ibi
1985 4965 2221 5060 similitudines
2253 5032 2260 5038 .

223 5084 313 5154 quae
329 5084 407 5131 cum
425 5061 468 5129 iis
483 5063 677 5154 praeceptis
695 5086 856 5151 magnam
881 5058 1014 5133 habent
1028 5066 1209 5155 cognatio·
1259 5065 1370 5135 multa
1404 5083 1610 5158 argumenta
1640 5081 1724 5138 suut
1749 5090 1839 5161 quae
1871 5069 1916 5138 ad
1946 5091 2054 5139 usum
2087 5081 2219 5139 nonno

223 5186 326 5246 nem,
351 5185 434 5231 nam
450 5186 492 5231 ex
508 5163 550 5233 iis
566 5177 733 5257 tanquam
749 5189 790 5233 ex
806 5166 1100 5237 sontibusomues
1116 5168 1208 5257 leges
1258 5169 1448 5237 transferre
1471 5191 1671 5259 possumus.
1719 5166 1761 5239 si
1783 5169 1822 5237 in
1843 5168 2099 5243 deliberatione
2115 5167 2220 5241 incidd

223 5278 259 5335 et
280 5262 400 5333 omnia
425 5263 501 5332 iura
515 5263 788 5355 Magistratunm
807 5279 889 5337 nata
909 5280 1040 5339 suntet
1055 5271 1102 5340 ob
1118 5264 1208 5339 hanc
1257 5270 1421 5341 utilitatis
1453 5295 1533 5341 cum
1563 5265 1745 5342 honestate
1771 5270 1973 5357 contentio,
2006 5286 2047 5345 ut
2072 5267 2218 5364 saepest

222 5389 363 5436 causam
393 5387 554 5453 magnam
581 5362 687 5437 habet
708 5367 897 5438 utilitatem
928 5366 1013 5439 haec
1033 5372 1208 5450 doctrina,
1257 5396 1364 5464 quam
1381 5374 1490 5443 multa
1506 5372 1598 5441 sumi
1614 5386 1836 5464 poteruntex
1851 5372 1955 5445 tertio
1977 5373 2095 5445 libro?
2143 5360 2216 5461 Qtffl

223 5467 307 5560 quia
326 5490 408 5537 eum
431 5468 593 5538 ostendat
619 5491 739 5539 causas
757 5469 875 5561 legum
897 5484 932 5542 et
951 5472 1087 5565 publici
1109 5473 1208 5561 iuris,
1255 5474 1398 5562 gravius
1421 5477 1460 5547 in
1492 5474 1555 5547 tali
1581 5475 1820 5547 controversia
1848 5475 1922 5547 dici
1951 5489 2066 5567 potest
2095 5466 2214 5547 historit

198 5596 272 5608 ..-...
