4664 6022
138 269 215 347 aa:
727 249 887 328 nucu.
925 247 1000 324 nn
1035 245 1317 345 Qunnnna
1350 246 1585 325 uanam.
2111 253 2182 335 42,

141 440 268 520 Lazari
299 448 399 509 erant
421 428 602 526 Apostoli,
636 452 724 522 quos
754 441 829 498 toto
850 428 936 497 orbe
958 441 1133 498 terrarum
1187 424 1298 497 deleri
1314 423 1431 494 studia
1447 425 1630 497 doctrinae
1644 420 1890 516 Christianae,
1915 438 1964 501 ac.
1973 427 2185 503 'nummu'

143 569 268 623 omnes
294 553 452 634 potentes
474 550 644 626 tanquam
666 523 899 626 καθάρματα
922 529 1135 599 execraban·
1189 544 1354 600 terarum.
1418 524 1502 595 Non
1525 552 1701 620 compono
1721 544 1896 626 satyram,
1929 554 2006 603 non
2031 556 2185 605 comm.

144 669 217 726 tur.
269 642 522 733 Quaerendum
544 637 652 724 igitur
678 647 712 703 et
733 629 801 703 hoc
822 647 979 724 tempore
1001 631 1135 725 quire·
1188 632 1336 701 morabo
1358 653 1482 700 eorum
1503 630 1655 721 flagitia,
1680 657 1771 727 quae
1787 636 1988 705 verecunde
2005 634 2185 707 nominari

144 748 464 827 lerantLaaarum,
491 740 553 833 qui
577 739 761 808 imitentur
783 736 943 806 divitem.
996 732 1037 804 Si
1056 756 1137 801 vere
1189 757 1262 802 non
1279 746 1443 825 possunt3
1468 756 1552 803 nam
1568 735 1728 805 modesta
1742 735 1886 826 ingenia
1902 762 1977 808 non
1990 736 2185 809 tantumin

146 856 214 929 hoc
231 866 264 922 et
280 847 486 939 simpliciter
500 842 691 911 dicendum
705 851 770 909 est:
796 835 870 906 Nos
884 837 1010 932 inopes
1024 831 1138 905 Scho-
1189 836 1370 925 moribus,
1390 836 1453 905 sed
1472 836 1578 905 etiam
1600 836 1639 905 in
1658 859 1820 909 sermone
1834 840 2115 911 obscoenitatem
2129 841 2184 913 fu.

52 955 56 962 ’
145 956 279 1037 lastici,
310 950 438 1021 deinde
462 967 586 1015 omnes
609 942 832 1021 Sacerdotes,
866 941 929 1032 qui
952 940 1058 1028 vulgo
1081 937 1138 1004 in·
1189 961 1270 1028 gere
1284 940 1393 1009 decet.
1426 932 1529 1007 Nihil
1543 938 1659 1010 dicam
1676 942 1720 1011 de
1735 941 2184 1039 coenisTyberianisquo·

146 1061 216 1133 visi
244 1081 284 1125 ac
310 1051 435 1146 spreti,
471 1072 550 1118 cum
581 1045 660 1114 aliis
685 1041 864 1112 aerumnis
891 1042 1139 1124 conficiuntur,
1189 1042 1364 1125 rundam,
1391 1040 1455 1132 qui
1477 1042 1592 1110 nudas
1616 1043 1751 1133 puellas
1772 1043 1899 1115 saltare
1920 1046 1967 1115 ad
1988 1044 2183 1136 epulasiu.

147 1183 222 1239 tum
238 1181 323 1227 vero
339 1178 418 1233 cum
435 1150 607 1221 erroribus
625 1161 658 1217 et
675 1145 793 1238 parvis
808 1144 931 1213 liberis
945 1146 1037 1213 fame
1053 1166 1140 1212 con-
1190 1144 1287 1214 bent.
1344 1138 1462 1213 Multa
1487 1142 1689 1235 prodigiosa
1712 1160 1905 1236 praetereo.
1963 1144 2019 1219 Ae
2039 1169 2089 1217 ne
2111 1146 2184 1219 fin·

146 1268 350 1342 tabescunt,
381 1252 507 1324 Lazari
528 1265 623 1321 sunt.
687 1247 827 1317 Horum
850 1261 988 1319 coetum
1011 1245 1139 1314 animis
1192 1246 1334 1339 quidem
1356 1258 1489 1334 potest,
1521 1246 1609 1338 quin
1633 1246 1770 1328 ocium,
1803 1248 2009 1340 opulentia,
2033 1248 2183 1337 inscitia,

147 1384 253 1460 atque
285 1361 396 1431 oculis
428 1355 634 1448 proponite:
678 1349 769 1435 Nos,
809 1349 975 1441 inquam,
1014 1348 1139 1438 inopes
1192 1359 1412 1438 contemptus
1426 1347 1622 1437 religionis,
1648 1348 1791 1441 pariant
1802 1352 1919 1421 omnis
1930 1350 2076 1442 genens
2091 1350 2183 1423 vicis,

148 1464 402 1545 scholasticos,
425 1473 459 1529 et
481 1457 562 1526 illos
584 1456 729 1524 miseros
743 1452 951 1522 Sacerdotes
968 1474 1048 1519 cum
1066 1448 1140 1518 suis
1192 1447 1348 1518 Maxima
1373 1472 1455 1538 pars
1475 1463 1614 1522 tanturn
1637 1451 1739 1541 gulae
1760 1467 1795 1524 et
1815 1453 2002 1525 obscoenis
2020 1453 2182 1545 volupta-

146 1568 303 1642 familiis.
364 1561 457 1651 Quis
480 1573 531 1629 est
554 1572 624 1627 tam
650 1558 945 1646 ferreopectore,
979 1551 1140 1645 quisine
1192 1550 1288 1621 tibus
1317 1551 1433 1620 dedita
1463 1565 1531 1622 est:
1561 1551 1625 1622 alii
1646 1554 1755 1644 magis
1776 1557 1931 1641 strenui,
1962 1568 2000 1627 et
2022 1552 2182 1647 occupati

147 1667 338 1763 lachrymis
353 1661 450 1735 hunc
468 1675 605 1731 coetum
621 1658 794 1749 aspicere,
819 1669 881 1725 aut
895 1654 1046 1744 cogitare
1062 1653 1141 1722 ani·
1193 1652 1347 1741 negociis
1369 1652 1537 1744 politicis,
1570 1669 1632 1726 aut
1652 1658 1908 1743 oeconomicis,
1938 1659 2044 1730 alunt
2067 1679 2181 1751 equos,

148 1800 207 1845 mo
232 1781 365 1863 potest,
392 1788 472 1835 cum
498 1763 642 1856 quidem
667 1759 758 1829 nulli
781 1758 820 1825 in
840 1758 911 1826 vita
929 1779 1058 1826 munus
1077 1755 1141 1823 ad·
1193 1768 1327 1824 certant
1343 1769 1485 1846 sumptu
1499 1770 1533 1826 et
1547 1758 1736 1847 splendore
1750 1784 1830 1830 cum
1845 1760 2012 1852 satrapis:
2041 1759 2181 1853 quiden

148 1875 353 1949 ministrent
373 1865 608 1961 praestantius
630 1887 669 1931 ac
692 1859 902 1930 coelestius?
927 1858 1141 1929 nullamili-
1192 1858 1297 1928 etiam
1322 1880 1395 1926 non
1418 1852 1614 1928 abhorrent
1636 1885 1656 1930 a
1679 1860 1808 1947 literis,
1848 1885 1923 1933 non
1943 1875 1986 1932 nt
2008 1858 2181 1933 Ecclesia

149 1981 200 2051 tia
214 1976 288 2047 Deo
305 1972 455 2063 gratior,
480 1991 520 2037 ac
532 1964 710 2037 Ecclesiae
725 1962 836 2051 magis
852 1961 1047 2030 necessaria
1064 1958 1140 2031 est?
1193 1959 1366 2044 serviant,
1391 1961 1451 2029 sed
1473 1973 1514 2030 ut
1531 1961 1668 2033 aditum
1691 1956 1844 2034 habeant
1858 1965 1903 2033 ad
1920 1963 2179 2053 dignitatemin

148 2078 305 2153 Econtra
327 2074 521 2144 imitatores
542 2069 640 2138 illius
656 2064 839 2157 opulenti,
863 2064 925 2156 qui
942 2076 1025 2132 sunt
1040 2085 1140 2151 prae·
1192 2062 1303 2145 aulis,
1328 2061 1422 2131 inter
1443 2086 1619 2154 proceres:
1646 2066 1815 2137 nonnulli
1837 2066 2082 2135 eruditionem
2105 2088 2177 2136 eon·

149 2181 276 2273 cipue?
326 2175 532 2255 Pontifices,
563 2167 752 2260 Episcopi,
782 2164 974 2246 Canonici,
1009 2161 1141 2235 Mona·
1191 2164 1311 2233 serunt
1332 2164 1376 2233 ad
1396 2165 1590 2256 perniciem
1611 2162 1801 2239 Ecclesiae.
1857 2165 1963 2239 Certe
1985 2167 2049 2238 isti
2070 2165 2176 2258 genai

151 2282 230 2364 chi,
271 2275 464 2352 ethorum
496 2273 664 2344 satellites
684 2270 839 2363 tyranni.
907 2266 985 2336 Hoc
1015 2289 1140 2356 agmen
1192 2261 1380 2335 hominum
1409 2290 1450 2336 ac
1478 2267 1617 2352 ordini,
1651 2284 1797 2342 nonest
1820 2293 1924 2341 curae
1945 2269 2175 2341 miniatem

149 2401 264 2460 totum
297 2382 425 2453 animis
446 2374 657 2457 intuemini,
693 2384 728 2442 et
750 2372 896 2460 cogitate
919 2371 963 2438 ab
985 2364 1141 2439 Ecclesia
1192 2364 1398 2456 Evangelii,
1431 2392 1496 2439 nee
1527 2383 1683 2460 pastores
1712 2386 1890 2464 quaerunt
1916 2372 2097 2458 idoneos,
2118 2392 2174 2441 nee

149 2491 309 2580 ingentes
326 2509 365 2554 ac
378 2482 491 2570 regias
506 2471 784 2569 opesEpiscopis
799 2486 833 2542 et
845 2471 1002 2563 collegiis
1018 2494 1140 2539 eorum
1193 2470 1367 2541 discentes
1390 2470 1577 2553 adiuvant,
1611 2496 1676 2541 nec
1698 2475 1744 2542 ad
1765 2468 1862 2545 hune
1882 2497 1989 2544 usum
2011 2472 2176 2544 decidua

149 2588 413 2662 commendatas
434 2605 527 2661 esse,
567 2577 697 2672 quibus
719 2575 840 2646 alendi
863 2588 963 2644 erant
985 2588 1141 2665 pastores
1193 2571 1315 2642 abradi
1336 2571 1472 2665 aliquid
1497 2575 1541 2643 de
1562 2573 1634 2645 suis
1652 2575 1878 2646 facultatibus
1894 2577 2101 2668 patiuntur:
2123 2573 2177 2644 de.

149 2694 202 2788 pii
235 2716 274 2763 ac
306 2682 536 2768 Scholastici,
574 2704 663 2773 quae
698 2680 745 2747 ad
782 2678 861 2768 piae
896 2676 1077 2746 doctrinae
1107 2687 1142 2744 et
1192 2675 1303 2767 nique
1324 2673 1576 2764 conspirarunt
1597 2676 1642 2746 ad
1659 2677 1844 2748 delendam
1862 2679 2069 2748 doctrinam
2083 2670 2178 2749 cbri-

150 2819 272 2867 earum
299 2791 451 2872 artium,
493 2808 581 2878 quae
603 2780 780 2852 Ecclesiae
810 2792 892 2848 sunt
921 2790 1142 2860 ornamento,
1194 2777 1357 2861 stianam,
1382 2775 1729 2867 accenduntRegum
1746 2780 2007 2865 crudelitatem,
2036 2790 2178 2871 sepost-

151 2894 454 2969 conservationem
470 2887 701 2957 conferendae
715 2895 825 2952 erant.
873 2879 940 2951 His
953 2880 1008 2950 illi
1022 2878 1140 2968 ignavi
1194 2902 1232 2947 ea
1257 2901 1293 2946 se
1313 2879 1499 2949 nominant
1516 2875 1694 2949 Ecclesiae
1712 2883 1981 2971 gubernatores:
2009 2882 2088 2951 imo
2103 2902 2177 2951 eon-

150 3013 310 3081 ventres,
350 2989 602 3080 Sardanapali,
640 2985 837 3079 parricidae
866 2982 1071 3053 suavissime
1102 2981 1141 3048 in
1194 2993 1261 3049 stat
1281 3004 1404 3050 omnes
1426 2981 1476 3050 sic
1497 2981 1653 3051 adfectos
1672 3006 1762 3068 esse,
1788 2986 1906 3073 potius
1923 2996 1963 3053 ut
1976 2984 2174 3054 malinam-

150 3102 228 3171 ocio
245 3112 279 3168 et
295 3095 551 3188 tranquillitate
566 3091 744 3160 lruuntur.
798 3085 852 3155 Ac
867 3109 940 3153 non
954 3085 1059 3153 modo
1076 3105 1142 3152 nos
1192 3104 1275 3152 men
1297 3076 1541 3154 Christianum
1568 3083 1730 3157 funditus
1752 3086 1883 3170 deleri,
1916 3109 2029 3178 quam
2053 3082 2173 3177 alimid
2221 3094 2224 3185 j

151 3203 364 3274 defraudant
378 3197 442 3266 illo
457 3216 622 3275 munere,
646 3190 741 3284 quod
758 3184 1027 3258 nobisEcclesia
1041 3185 1141 3256 attri-
1194 3187 1237 3254 de
1256 3184 1445 3278 tyrannide
1460 3186 1647 3256 remittere.
1696 3184 1745 3275 Et
1759 3189 1878 3257 literas
1893 3211 2019 3258 omnes
2036 3188 2178 3258 oderunt
2220 3188 2224 3207 ¹

151 3304 250 3388 buit,
277 3300 463 3371 sedetiam
487 3293 673 3390 tyrannico
696 3292 789 3362 fastu
810 3313 876 3360 nos
897 3301 1142 3372 contemnunt,
1193 3283 1412 3355 hantunam
1436 3288 1482 3356 ob
1504 3311 1662 3373 causam,
1687 3291 1780 3381 quod
1798 3291 2028 3380 suspicantur
2042 3285 2180 3359 literatis

151 3423 186 3479 et
206 3428 342 3476 summa
367 3400 440 3471 odii
461 3397 649 3468 acerbitate
665 3394 833 3463 adversus
850 3414 916 3461 nos
932 3390 1142 3460 inflammati
1193 3389 1418 3484 tyrannidem
1436 3390 1632 3479 displicere.
1685 3389 1799 3478 Quam
1818 3392 2181 3462 multaegunggum

151 3524 253 3588 sunt,
280 3505 457 3576 trucidare
479 3525 518 3569 ac
542 3500 658 3567 delere
676 3519 741 3564 nos
757 3508 942 3565 conantur.
994 3490 1142 3562 Annon
1193 3493 1234 3560 in
1254 3484 1443 3580 Prophetis
1471 3492 1658 3560 conciones
1688 3493 1896 3577 acerrimae,
1930 3517 2022 3586 quae
2048 3488 2182 3584 proprie

151 3622 319 3702 superant
343 3607 446 3676 etiam
467 3603 569 3671 illum
595 3599 757 3683 divitem,
783 3596 846 3688 qui
869 3610 986 3666 tamen
1009 3593 1141 3663 Lazaro
1193 3595 1262 3664 tale
1284 3593 1377 3660 vitae
1400 3615 1509 3681 genus
1531 3594 1742 3683 vituperant.
1793 3591 2012 3665 Meministis
2037 3591 2181 3675 Esaiam,

151 3713 241 3783 lucis
262 3732 407 3780 usuram
432 3729 506 3774 non
532 3702 721 3790 eripiebat,
749 3699 811 3790 qui
837 3699 951 3767 locum
972 3699 1016 3764 ad
1037 3696 1143 3764 vesti·
1194 3695 1256 3787 qui
1278 3693 1414 3787 inquit:
1440 3698 1513 3763 Vae
1537 3696 1638 3765 vobis
1664 3697 1727 3791 qui
1745 3720 1848 3767 mane
1863 3699 1908 3765 ad
1926 3695 2097 3766 convivia
2111 3716 2181 3765 gur.

150 3816 277 3886 bulum
299 3811 524 3881 concedebat.
574 3801 713 3873 Deinde
730 3801 829 3869 dives
847 3823 910 3868 suo
926 3797 1142 3888 patrimonio
1194 3796 1294 3886 gitis,
1320 3819 1385 3864 nec
1407 3820 1497 3888 opus
1520 3796 1684 3867 divinum
1705 3798 1889 3888 respicitis.
1939 3794 1986 3869 Et
2004 3790 2180 3869 Ezechiel:

150 3916 349 4000 fruebatur:
377 3907 556 4001 Episcopi,
582 3903 756 3977 Canonici
774 3895 1000 3984 etMonachi,
1027 3897 1142 3967 aliena
1195 3895 1285 3967 Ecce
1298 3893 1385 3966 haec
1400 3899 1468 3967 fuit
1481 3899 1651 3991 iniquitas
1661 3898 1837 3970 Sodomae
1851 3900 1983 3970 sororis
1999 3911 2105 3981 tuae,
2129 3920 2181 3969 sn·

150 4019 408 4097 intervertunt,
435 4035 544 4104 eaque
568 4006 770 4096 turpissime
791 4028 853 4094 per
867 4003 990 4070 luxum
1009 4013 1042 4068 et
1060 4000 1142 4070 libi·
1194 4001 1334 4091 perbia‚
1357 4000 1522 4070 saturitas
1541 4001 1662 4093 panis,
1688 4002 1825 4087 ocium,
1850 4016 1885 4073 et
1906 4027 2055 4073 manum
2075 3996 2182 4092 egenti

150 4121 252 4189 dines
289 4117 461 4207 dissipant
496 4137 534 4181 ac
576 4108 815 4200 profundunt,
864 4128 936 4172 non
974 4125 1073 4171 secus
1104 4126 1144 4171 ac
1195 4127 1267 4170 non
1281 4102 1516 4192 porrigebant.
1570 4102 1719 4173 Nullum
1734 4120 1854 4175 autem
1868 4100 1977 4173 hodie
1992 4097 2184 4194 genushn-

149 4221 270 4312 sponsi
300 4218 494 4307 Penelopes
518 4211 654 4305 Ulyssis
684 4208 867 4278 facultates
893 4205 1143 4274 dilacerabant.
1195 4205 1331 4272 minum
1355 4205 1501 4274 duriore
1518 4206 1660 4276 fortuna
1678 4206 1919 4292 conflictatur,
1944 4230 2054 4302 quam
2073 4216 2184 4298 pastu-
2223 4262 2227 4273 ,

149 4323 222 4393 Nec
262 4345 324 4411 ego
362 4345 458 4388 nunc
498 4318 542 4385 de
570 4311 790 4401 singulorum
823 4309 983 4376 moribus
1015 4307 1143 4379 dicam.
1195 4331 1250 4377 res
1273 4303 1511 4376 Ecclesiarum
1544 4322 1577 4376 et
1600 4303 1802 4378 scholastici
1826 4321 1982 4378 amantes
2004 4307 2185 4381 doetrinae
2224 4284 2227 4335 ἵ

150 4425 243 4497 Sunt
259 4419 558 4493 interCanonicos
575 4413 686 4507 aliqui
702 4408 1142 4499 modestisingeniisprae-
1194 4403 1427 4479 Christianae.
1481 4408 1617 4480 Similis
1637 4411 1760 4481 concio
1783 4424 1833 4481 est
1848 4413 1942 4501 apud
1960 4404 2185 4485 Zachariam

150 4528 235 4610 diti,
272 4527 332 4593 sed
353 4548 462 4613 genus
483 4521 573 4590 vitae
596 4509 828 4604 reprehendo.
896 4511 1143 4602 Prodigiosum
1194 4507 1285 4579 Ecce
1308 4524 1427 4600 pastor
1453 4512 1539 4595 erit,
1572 4512 1633 4603 qui
1656 4516 1793 4584 deseret
1815 4532 1975 4603 gregem,
2008 4526 2045 4583 et
2067 4528 2185 4584 mma

151 4644 201 4698 est
218 4629 256 4696 in
272 4624 427 4696 Ecclesia
446 4646 518 4693 esse
535 4618 718 4701 sodalitia,
745 4615 849 4704 regiis
868 4615 996 4702 opibus
1013 4616 1143 4682 donata
1195 4613 1384 4704 pinguium
1411 4617 1580 4683 comedet.
1639 4608 1817 4707 Opastor
1839 4628 1875 4685 et
1898 4615 2053 4693 idolum,
2121 4610 2186 4687 Sed

149 4734 194 4801 ad
217 4725 303 4813 hoc,
329 4743 369 4798 ut
391 4728 443 4795 ibi
468 4721 630 4793 homines
650 4718 759 4789 ociosi
780 4718 995 4806 saginentur.
1047 4712 1144 4784 Haec
1196 4708 1257 4783 has
1280 4711 1503 4805 propheticas
1524 4727 1558 4783 et
1582 4718 1748 4787 coelestes
1771 4717 2068 4787 comminationes
2091 4738 2186 4788 seen·

149 4831 314 4903 sodalitia
340 4828 477 4900 etiamsi
500 4837 652 4893 veterem
676 4820 900 4912 disciplinam
928 4831 1145 4901 revocarent,
1196 4817 1332 4885 rissime
1354 4818 1517 4886 derident
1540 4817 1592 4885 illi
1614 4818 1800 4894 Sibaritae.
1862 4817 1997 4890 Verum
2019 4833 2073 4890 est
2094 4817 2186 4891 enim

149 4950 266 5006 tamen
283 4926 440 5002 Ecclesia
467 4928 617 4998 tolerare
641 4946 715 4992 non
740 4924 854 5006 decet;
881 4944 956 4989 nou
981 4919 1076 4989 enim
1100 4921 1144 4988 de
1196 4920 1292 5012 quod
1315 4915 1403 4988 Cato
1429 4920 1583 4989 dicebat:
1614 4918 1751 4991 Venter
1776 4933 1869 4992 caret
1889 4921 2050 4992 aarum,
2119 4916 2188 4992 M

148 5037 309 5107 moribus
341 5032 529 5126 praecipua
558 5042 610 5098 est
639 5025 795 5119 querela.
857 5023 952 5092 lllud
983 5021 1145 5115 queritur
1198 5034 1314 5090 tamen
1340 5022 1473 5092 interea
1499 5045 1644 5113 prorsus
1665 5024 1823 5114 extingui
1848 5024 2033 5113 coelestem
2057 5020 2188 5095 docui.

149 5136 304 5207 Lazarus
330 5149 443 5204 totum
479 5131 569 5202 illud
599 5129 692 5199 vitae
726 5149 835 5216 genus
865 5124 1144 5195 contaminatum
1197 5118 1449 5194 namChristus
1464 5125 1612 5214 patitur,
1639 5128 1702 5195 sed
1715 5122 1822 5197 habet
1837 5127 1912 5218 ipse
1926 5136 2072 5221 qunque
2087 5144 2189 5199 suun

148 5263 221 5310 esse
243 5237 429 5319 idolatria,
455 5259 494 5304 ac
518 5245 662 5325 propter
682 5225 773 5299 hanc
789 5228 920 5318 negligi
939 5228 1017 5317 pios
1032 5220 1163 5295 Scho-·
1197 5238 1336 5294 coetum
1359 5250 1575 5318 pauperum,
1602 5228 1663 5320 qui
1680 5224 1917 5319 Evangelium
1940 5241 1976 5300 et
1998 5229 2190 5301 diseuntet

149 5343 307 5423 lasticos,
330 5363 370 5407 ac
394 5352 549 5427 pastores
564 5331 820 5410 Ecclesiarum,
848 5329 1056 5420 debitasque
1074 5327 1146 5396 illis
1196 5350 1390 5418 propagare
1410 5331 1563 5400 student.
1628 5330 1810 5401 Adversus
1834 5327 1901 5401 hos
1921 5331 2065 5402 etiami
2087 5350 2188 5403 om

146 5444 325 5513 mercedes
354 5440 392 5508 in
422 5440 498 5510 istis
528 5435 745 5531 sumptuosis
774 5430 949 5503 sodalitiis
971 5429 1146 5512 devorari,
1197 5452 1308 5520 genus
1328 5432 1546 5504 crudelitatis
1567 5448 1726 5506 exercent
1747 5434 1875 5506 divites
1892 5434 1966 5521 illi,
1989 5435 2056 5529 qui
2071 5442 2188 5507 tenent
