4664 6022
233 272 284 348 ’19
977 261 1138 342 DECL.
1165 262 1242 340 DE
1274 259 1537 340 LEGIBUS.
2223 254 2277 335 '80

233 445 332 518 nulla
356 441 462 513 luerit
482 439 644 534 Respub.
670 461 760 533 qnae
789 448 850 506 ant
879 433 981 528 plura
1012 437 1137 525 nobis,
1169 453 1230 511 aut
1280 441 1320 509 in
1337 437 1415 508 loro
1433 435 1527 527 apud
1548 457 1615 507 nos
1632 459 1707 506 non
1723 450 1948 509 versarentur
1963 428 2150 510 Romanae
2171 435 2278 527 leges,

234 547 428 619 illustriora
459 545 602 616 virtutis
630 538 933 632 humanitatisque
961 540 1143 633 exempla,
1169 555 1232 613 aut
1281 541 1322 611 in
1350 534 1577 610 bibliothecis
1608 561 1666 608 eas
1693 539 1893 626 adservari,
1925 553 1966 610 ut
1989 541 2075 609 inde
2104 540 2279 631 gerendae

232 648 464 722 humaniores
487 647 579 737 leges
600 665 795 736 proponere
820 641 998 730 potnerit?
1034 640 1118 712 Fuit
1141 645 1231 713 illud
1283 642 1438 734 Reipub.
1463 642 1636 711 rationem
1660 642 1765 733 aequi
1792 655 1826 712 et
1851 642 1968 736 iniqui
1992 641 2124 713 iustum
2152 640 2280 712 discri-

236 753 386 824 omuino
408 749 555 820 unicum
573 744 714 815 virtutis
736 757 841 835 atque
859 734 1089 814 humanitatis
1107 746 1145 814 in
1161 760 1233 817 ter·
1285 769 1366 814 men
1382 757 1562 836 peterent,
1589 742 1793 836 quicunque
1811 748 1858 815 ad
1880 744 2023 835 publica
2039 766 2191 814 munera
2205 755 2281 814 tra·

237 855 288 925 ris
303 851 537 923 domicilium.
573 846 737 935 Longum
753 845 858 914 luerit
877 868 1071 938 recensere,
1099 848 1161 941 qui
1181 846 1232 917 ibi
1285 848 1411 917 ctanda
1429 845 1590 915 animum
1610 844 1827 919 adiecerunt.
1880 845 1980 934 Quid
1999 845 2095 916 enim
2110 845 2282 917 furiosius

240 959 336 1027 iuxta
360 966 395 1023 et
416 955 454 1021 in
477 966 556 1041 toga
580 963 616 1018 et
635 948 741 1031 loris,
775 945 935 1015 omnium
959 948 1044 1016 belli
1071 950 1235 1042 pacisque
1286 963 1356 1031 est,
1381 969 1510 1040 quam,
1532 948 1628 1038 qnod
1652 945 1726 1015 lere
1751 949 1886 1028 evenit,
1912 950 2077 1018 accedere
2100 950 2146 1018 ad
2168 944 2282 1019 Rem-

240 1058 370 1129 artinm
389 1053 505 1144 periti,
532 1051 743 1120 clariluere.
782 1046 865 1117 Noti
883 1048 1136 1135 snntCarnilli,
1162 1052 1235 1123 Cu·
1289 1048 1853 1143 pub.nullisinstructosliteris,
1879 1051 1976 1120 nulla
1995 1050 2193 1142 praeditos,
2218 1070 2282 1118 ne·

242 1160 308 1242 rii,
334 1154 512 1236 Fabricii,
538 1151 660 1235 Fabii,
693 1148 855 1232 Claudii,
882 1149 1083 1241 Scipiones,
1107 1150 1237 1236 Crassi,
1288 1176 1356 1246 qne
1384 1145 1637 1232 humanitatis,
1667 1173 1783 1242 neque
1812 1152 1999 1244 aequitatis
2027 1148 2201 1222 scientia?
2241 1149 2283 1219 ln

244 1259 339 1343 lolii,
363 1256 565 1338 Cicerones,
591 1253 770 1325 Scevolae.
803 1249 1237 1348 Didiceranthillespub.
1290 1276 1428 1324 scenam
1446 1275 1551 1321 nemo
1567 1251 1705 1343 prodit,
1731 1252 1801 1322 uisi
1818 1246 2065 1323 histrionicam
2083 1254 2194 1346 probe
2206 1276 2285 1322 me·

245 1385 383 1451 regere,
408 1383 481 1427 non
499 1358 698 1434 inumbra,
723 1354 809 1423 etin
826 1353 922 1438 ocio,
946 1370 986 1424 nt
1001 1352 1151 1442 Graeci,
1176 1356 1237 1427 sed
1291 1357 1437 1426 ditatus:
1467 1377 1572 1424 nemo
1591 1353 1721 1424 fidibus
1741 1354 1851 1440 ludit,
1877 1355 1948 1425 nisi
1965 1355 2139 1427 Marsicam
2155 1366 2285 1427 teneat.

246 1465 285 1532 in
309 1462 381 1531 sole
401 1485 439 1529 ac
458 1459 626 1551 pulvere,
651 1480 755 1524 usum
779 1456 964 1546 magistro,
990 1458 1087 1542 vim,
1113 1458 1239 1528 incon·
1292 1455 1437 1546 Quanto
1451 1455 1564 1544 magis
1578 1470 1717 1547 oportet
1731 1481 1809 1541 eos,
1835 1458 1896 1551 qui
1912 1456 2070 1550 Respub.
2085 1469 2287 1549 capessunt,

245 1564 429 1648 stantiam,
455 1562 639 1652 variasque
660 1557 859 1627 voluntates
877 1559 994 1646 vulgi,
1020 1561 1117 1628 dorni
1134 1562 1240 1630 loris-
1292 1559 1353 1651 qui
1372 1558 1575 1641 consilium,
1601 1558 1663 1650 qui
1681 1581 1783 1648 opem
1798 1559 2046 1629 innocentibus
2059 1559 2287 1652 pollicentur,

247 1690 315 1762 que
335 1664 436 1735 toties
453 1663 597 1754 experti,
624 1674 755 1728 norant
773 1661 903 1751 quibus
921 1661 1055 1729 artibus
1073 1663 1109 1730 in
1124 1663 1240 1732 ollicio
1293 1656 1453 1730 honestis
1478 1660 1613 1729 artibus
1636 1660 1797 1730 dedolari
1819 1676 1938 1744 antea,
1965 1677 1999 1732 et
2016 1661 2055 1729 in
2080 1658 2205 1730 schola
2223 1662 2288 1730 bo-

248 1768 431 1839 retinenda
448 1765 700 1855 tractandoque
718 1762 762 1830 sit
781 1761 984 1844 inultitudo,
1008 1780 1138 1834 norant
1153 1788 1241 1858 qnae
1295 1787 1422 1831 narum
1439 1785 1558 1830 rerum
1573 1762 1709 1845 studio,
1735 1762 1959 1851 gravioribus
1975 1762 2130 1853 negociis
2145 1761 2287 1854 praelu-

248 1866 437 1965 pharmaca
460 1866 643 1936 civitatum
667 1864 800 1931 morbis
823 1865 1067 1936 convenirent.
1122 1865 1243 1959 ltaque
1294 1864 1403 1933 dere?
1437 1862 1530 1934 Sunt
1555 1863 1652 1931 enim
1674 1858 1871 1934 hebetiores
1894 1866 1966 1933 fere
1988 1867 2026 1934 in
2044 1862 2289 1934 discernendis

249 1970 428 2060 Vergilius
450 1993 528 2036 curn
554 1966 642 2035 alias
666 1979 758 2034 artes
779 1962 857 2033 aliis
879 1967 1042 2053 gentibus
1064 1971 1245 2052 concedat,
1296 1967 1401 2035 rebus
1417 1965 1682 2049 communibus,
1707 1990 1860 2058 quorum
1882 1968 2054 2037 indicium
2072 1966 2289 2038 nullaelite-

248 2071 422 2146 Romanis
438 2068 619 2138 scientiam
637 2068 810 2158 gerendae
827 2065 982 2157 Reipnb.
999 2071 1142 2140 tribuit:
1297 2092 1356 2139 rae
1373 2079 1561 2152 acuerunt,
1586 2080 1648 2137 aut
1661 2068 1937 2154 confirmarunt,
1962 2082 1997 2138 et
2010 2070 2075 2141 leri
2092 2068 2208 2158 magis
2222 2067 2289 2136 im-

1300 2169 1601 2262 potentioresque,
1627 2193 1779 2261 quorum
1796 2183 1935 2260 pectora
1949 2171 2170 2242 mansuetior
2186 2167 2288 2240 disci-

1300 2271 1397 2363 plina
1413 2294 1486 2338 oon
1503 2269 1646 2344 molliit.
1696 2268 1858 2340 Belluam
1873 2273 2029 2366 aliquam
2046 2271 2201 2343 immani
2216 2292 2288 2340 sae·

1300 2373 1383 2443 vitia
1398 2397 1438 2441 ex
1455 2394 1558 2440 cavea
1570 2372 1609 2440 io
1625 2372 1776 2441 mediam
1792 2375 2057 2444 multitudinem
2072 2376 2171 2445 iures
2188 2371 2289 2444 emit-

255 2484 369 2555 Porro
383 2505 463 2550 cum
483 2474 520 2547 hi
538 2478 599 2570 qui
616 2473 776 2545 Musicae
792 2501 934 2567 operam
952 2478 1070 2548 daturi
1088 2491 1181 2564 sunt,
1203 2479 1246 2546 ad
1300 2500 1373 2546 sam
1398 2498 1487 2558 esse,
1513 2498 1587 2544 nou
1613 2472 1788 2565 imperare
1806 2470 2009 2562 hominem,
2035 2478 2150 2547 sicubi
2176 2475 2219 2545 in
2235 2475 2287 2547 in-

256 2581 496 2656 nobilissimos
518 2605 553 2647 se
571 2579 755 2665 magistros
777 2580 978 2663 conserant,
1001 2606 1079 2648 cum
1096 2582 1248 2672 pictores
1300 2577 1387 2647 culti
1411 2576 1636 2669 imperitique
1661 2574 1891 2665 Magistratus
1921 2592 2089 2669 potestate
2112 2574 2288 2671 Rempub·

256 2686 389 2779 optima
406 2681 472 2751 sibi
487 2680 644 2770 exempla
664 2697 880 2771 proponant,
908 2706 970 2753 cur
988 2707 1059 2750 non
1080 2698 1114 2752 et
1134 2683 1170 2750 in
1189 2707 1249 2772 ge·
1301 2703 1375 2749 csse
1397 2678 1541 2749 videris.
1594 2675 1714 2766 Quare
1739 2705 1758 2747 a
1784 2681 1996 2751 doctissimis
2019 2678 2232 2752 hominihus
2248 2679 2288 2748 de

257 2788 367 2860 reuda
382 2782 520 2874 Repnh.
541 2781 673 2871 optimc
693 2783 903 2853 constitutae
928 2785 1027 2852 urhis
1045 2799 1117 2853 tum
1133 2809 1250 2852 exem·
1303 2779 1465 2869 regendis
1478 2779 1692 2865 civitatibus,
1714 2782 1758 2851 de
1773 2781 1863 2866 iure,
1880 2806 1992 2875 aequo
2008 2808 2047 2853 ac
2066 2787 2163 2853 bono
2182 2780 2289 2851 multa

258 2894 336 2984 pla,
363 2901 438 2956 tum
463 2886 555 2974 leges
578 2884 855 2973 usurparemns?
886 2882 1045 2955 Milesias
1070 2889 1174 2955 credo
1190 2901 1250 2958 aut
1302 2881 1499 2972 conscripta
1515 2893 1617 2961 sunt,
1643 2895 1684 2952 ut
1702 2881 1772 2950 vim
1791 2883 1933 2954 virtutis
1952 2900 1986 2955 et
2009 2885 2173 2956 iusticiac
2190 2883 2289 2955 Prin·

254 2988 464 3064 Sibariticas
481 2987 572 3075 leges
587 2985 657 3067 isti,
685 2999 722 3055 ut
737 3000 819 3054 sunt
836 2985 983 3077 impuri,
1010 2989 1112 3057 nohis
1125 2991 1251 3071 ferent,
1304 2986 1419 3075 cipum
1436 2983 1789 3059 oculissubiicerent.
1832 2983 1964 3058 Extant
1979 2986 2142 3057 Platonis
2158 2982 2288 3079 politici

261 3093 323 3186 qni
340 3090 520 3161 Romanas
535 3100 719 3178 tantopere
734 3092 897 3160 oderunt.
937 3088 986 3160 M.
1002 3086 1147 3172 Cicero,
1169 3115 1249 3160 curn
1304 3087 1387 3155 libri
1407 3109 1479 3154 non
1497 3084 1620 3177 pauci,
1645 3101 1763 3156 extant
1784 3091 1909 3156 eodem
1932 3103 2140 3177 argumento
2158 3103 2196 3159 et
2212 3085 2287 3159 Ari-

261 3201 305 3266 de
331 3192 465 3283 optimo
488 3189 638 3260 civitatis
660 3202 752 3258 statu
775 3193 949 3282 disputat,
975 3215 1050 3260 non
1074 3192 1160 3260 alias
1183 3190 1252 3258 nisi
1303 3188 1473 3269 stotelici,
1497 3186 1656 3277 depinxit
1677 3184 1841 3279 graphice
1860 3189 2061 3284 Principem
2078 3185 2288 3285 Xenophon,

261 3296 443 3371 Roruarras
484 3292 577 3380 leges
617 3292 704 3372 fert,
748 3315 876 3384 easque
915 3307 1062 3362 naturae
1102 3294 1252 3362 maxime
1305 3313 1409 3383 quem
1433 3287 1552 3379 Scipio
1576 3289 1625 3357 sic
1652 3313 1784 3360 amasse
1813 3293 1944 3373 fertur,
1980 3308 2021 3365 ut
2043 3295 2289 3383 nunquamde

263 3398 424 3471 omnium
441 3406 692 3463 consentaneas
709 3417 783 3462 esse
800 3408 932 3465 censet:
958 3396 1013 3463 cui
1030 3396 1160 3488 siquid
1177 3420 1253 3463 cre·
1304 3415 1413 3460 manu
1443 3404 1598 3481 poneret.
1657 3388 1785 3462 Fateor
1810 3395 1854 3462 de
1881 3384 1988 3464 rebus
2014 3391 2184 3465 humanis
2210 3396 2288 3467 istos

262 3503 394 3580 dimus,
419 3510 577 3565 anatnra
595 3496 791 3574 discedunt,
818 3493 1100 3588 quiaRomanis
1118 3498 1254 3587 legibus
1305 3492 1543 3562 benemeritos
1578 3515 1670 3577 esse,
1713 3509 1747 3566 et
1778 3497 1889 3565 multa
1924 3497 2060 3566 utiliter
2095 3501 2291 3581 monuisse,

264 3600 448 3672 dissident.
501 3595 701 3665 Vernaculo
732 3599 886 3688 quodam
912 3597 982 3667 iuri
1007 3599 1164 3670 Saxones
1190 3602 1254 3667 ad·
1306 3595 1501 3685 dignosque
1519 3597 1609 3663 duco
1626 3618 1718 3679 esse,
1741 3597 1802 3689 qni
1821 3597 2059 3685 inmanibus,
2084 3599 2290 3691 insinuge·

264 3699 335 3774 hnc
351 3697 481 3768 alicubi
498 3709 667 3779 utuntur,
699 3695 737 3764 in
760 3722 831 3789 quo
854 3723 960 3789 quam
986 3701 1097 3771 multa
1118 3726 1159 3769 cx
1178 3697 1254 3770 Ro·
1306 3709 1444 3766 stentur
1467 3696 1511 3763 ab
1535 3696 1718 3780 omnibus,
1750 3700 1844 3788 apud
1869 3722 1957 3791 quos
1978 3700 2017 3768 in
2042 3703 2162 3793 precio
2187 3704 2289 3775 virtut

266 3801 380 3873 manis
404 3799 541 3887 legibus
564 3799 748 3867 emendata
772 3798 879 3867 sunt?
912 3797 1012 3888 Quid
1040 3803 1108 3872 luit
1136 3803 1255 3870 minus
1295 3812 1373 3867 est:
1400 3798 1653 3866 verunrnescio
1669 3823 1740 3890 quo
1757 3804 1863 3871 modo
1877 3796 1963 3869 mihi
1979 3806 2209 3877 adumbrasse
2224 3828 2290 3875 roa·

266 3900 478 3989 humanum,
506 3923 610 3991 quam
629 3901 721 3992 quod
738 3914 880 3969 vetuere
895 3900 1063 3989 Saxones,
1086 3929 1130 3973 ne
1145 3928 1256 3995 nepo·
1308 3901 1378 3990 gis,
1403 3923 1510 3991 qnam
1529 3899 1619 3968 vivis
1642 3902 1822 3970 coloribus
1845 3905 2052 3993 expressisse
2066 3904 2228 3998 Respnb.
2243 3905 2292 3976 ri·

268 4007 363 4076 tibus
378 4002 506 4072 amisso
523 4014 630 4091 patre,
655 4000 748 4070 avita
767 3996 965 4072 haereditas
983 4006 1143 4077 veniret?
1167 4004 1257 4076 Cor·
1301 4006 1456 4084 alentur,
1489 4002 1575 4070 darm
1599 4025 1618 4070 a
1640 4004 1821 4072 communi
1843 4008 2098 4078 consuetudine
2125 4024 2161 4079 et
2183 4008 2291 4080 civili·
2321 4034 2326 4043 ·

269 4121 362 4176 recta
387 4106 441 4172 lex
465 4115 516 4171 est
546 4102 584 4170 in
614 4102 767 4173 comitiis
789 4105 1004 4196 populorum
1033 4105 1258 4192 Germaniae,
1311 4107 1376 4174 bus
1393 4104 1552 4173 moribus
1567 4104 1707 4194 longius
1723 4108 1909 4190 recedunt,
1935 4125 1968 4182 et
1985 4134 2128 4201 prosuo
2148 4111 2291 4206 quisque

269 4209 470 4298 latumque,
495 4218 535 4272 ut
549 4203 715 4295 deinceps
731 4203 934 4277 Romanum
952 4208 1006 4277 ius
1022 4234 1060 4277 ea
1079 4222 1176 4300 parte
1192 4208 1258 4281 Sa·
1310 4200 1489 4277 stomacho
1514 4206 1691 4296 civitatem
1714 4207 1782 4276 sibi
1799 4210 1964 4283 somniat.
2015 4209 2139 4297 Plato,
2163 4228 2205 4286 ut
2222 4236 2291 4283 cae·

271 4331 380 4381 xones
394 4318 637 4399 sequerentur.
672 4303 718 4375 Et
734 4308 961 4399 municipalia
979 4313 1104 4401 passim
1119 4324 1259 4395 statuta,
1312 4326 1382 4378 tera
1402 4308 1574 4391 omittam,
1599 4309 1765 4378 mulieres
1780 4310 1885 4381 etiam
1903 4313 2055 4384 militare
2071 4316 2183 4390 iubet.
2216 4311 2291 4386 Ari·

270 4411 408 4505 quoties
428 4407 586 4499 aequitas
611 4407 739 4497 poscit,
773 4424 855 4478 sunt
878 4412 971 4479 enirn
999 4413 1071 4482 lere
1095 4415 1257 4498 barbara,
1311 4409 1452 4481 stotelcs
1483 4410 1642 4492 dubitat,
1674 4434 1725 4478 an·
1747 4412 1878 4504 oppida
1910 4417 2096 4487 moenibus
2125 4417 2291 4507 cingendo

270 4510 445 4586 Romanis
470 4509 604 4597 legibus
628 4513 871 4583 erarenalantur.
931 4510 1102 4607 Adeoque
1131 4538 1258 4605 magno
1312 4513 1393 4584 siut.
1446 4513 1503 4583 Ad
1519 4507 1605 4581 haec
1619 4511 1757 4601 frigidis
1772 4514 1917 4605 argutiis
1938 4517 2010 4586 lere
2034 4519 2292 4591 immodicede-

271 4637 443 4685 consensu
468 4611 523 4680 ius
544 4607 746 4679 Romanum
772 4626 939 4704 tanquam
965 4617 1169 4697 oraculum,
1198 4641 1260 4684 na·
1313 4615 1496 4683 lectantnr.
1548 4613 1710 4683 Socrates
1742 4617 1834 4706 apud
1870 4615 2053 4689 Platonem
2087 4646 2129 4691 ex
2152 4620 2293 4695 iusticia

272 4717 386 4786 tiones
408 4736 529 4784 omnes
546 4713 589 4777 de
610 4711 785 4803 aequitate
802 4716 1010 4802 consulunt,
1030 4721 1260 4812 sentiuntque
1312 4711 1507 4808 κλεπτικήν
1530 4715 1623 4786 lacit.
1676 4711 1883 4786 Aristoteles
1901 4722 2027 4809 partim
2049 4724 2088 4791 in
2112 4711 2293 4813 geometri·

354 2212 405 2278 Tu
421 2234 522 2294 regere
536 2215 665 2292 imperio
681 2213 812 2292 populos
829 2207 966 2271 Romane
982 2228 1132 2275 memento

354 2314 477 2380 Parcere
492 2317 653 2392 subiectis,
680 2327 710 2374 et
724 2313 871 2373 debellare
884 2316 1036 2393 superbos.
1125 2308 1134 2331 ⁸

272 4817 365 4906 leges
389 4830 422 4884 ct
448 4813 572 4904 placita
597 4813 715 4880 omnia
739 4815 781 4882 ad
801 4809 893 4885 hanc
916 4819 1071 4907 regulam
1091 4821 1181 4907 exigi
1199 4823 1261 4887 de·
1314 4819 1361 4886 cis
1387 4815 1695 4908 proportionibus,
1734 4820 1862 4910 partim
1891 4821 1930 4889 in
1954 4819 2186 4896 arithmeticis
2216 4822 2294 4897 con·

274 4920 375 5000 bere,
402 4929 435 4984 et
452 4916 488 4983 in
511 4909 578 4982 hoc
602 4927 718 4981 extare
734 4917 880 4996 volout,
907 4930 947 4986 ut
969 4920 1005 4987 in
1024 4921 1262 4991 diiudicandis
1313 4920 1434 4988 sistere
1454 4919 1628 4988 iusticiam
1646 4920 1781 4995 scribit.
1824 4918 1919 4992 Laus
1939 4925 2071 5014 ingenii
2096 4929 2229 5020 petitur
2245 4922 2293 4997 hit

274 5017 561 5110 pensitandisque
584 5016 752 5083 omnibns
770 5043 858 5106 qnae
876 5019 912 5087 in
935 5021 1087 5111 puhlicis
1105 5022 1262 5091 consiliis
1315 5020 1485 5110 parergis,
1511 5023 1553 5089 nd
1572 5045 1645 5088 rem
1663 5021 1800 5091 nonita
1818 5025 1970 5094 multum
1988 5028 2132 5100 faciunt.
2185 5026 2293 5101 Abso-

274 5124 530 5200 decernnntur,
565 5117 752 5205 gnomonis
778 5119 852 5187 vice
875 5123 930 5191 sit.
990 5121 1080 5192 Tam
1105 5137 1260 5194 sanctam
1315 5125 1425 5192 lutam
1442 5145 1524 5190 vero
1539 5122 1691 5191 civitatis
1706 5123 1855 5212 effigiem
1870 5140 1920 5195 est
1935 5153 2077 5200 cernere
2092 5131 2130 5200 in
2143 5128 2202 5202 his
2217 5131 2294 5222 legi-

275 5221 507 5314 plurimarum
546 5218 703 5304 gentium
738 5221 1038 5310 conspirationem
1073 5220 1263 5318 reprehen-
1317 5227 1509 5315 bns,qnae
1527 5246 1600 5292 non
1618 5223 1655 5290 in
1673 5220 1803 5294 scholis
1823 5242 2035 5314 nataesunt,
2062 5235 2177 5303 sedin
2194 5235 2293 5306 curia,

274 5327 373 5404 dere,
399 5320 482 5412 quid
500 5318 594 5385 aliud
613 5334 661 5386 est
682 5321 747 5387 nisi
766 5321 945 5392 insanire?
971 5322 1015 5393 Et
1035 5351 1111 5396 meo
1130 5326 1263 5424 iudicio
1317 5326 1353 5391 in
1372 5325 1467 5408 loro,
1494 5341 1531 5394 nt
1547 5325 1651 5393 bonis
1670 5326 1887 5415 profugium,
1913 5346 1945 5400 et
1966 5348 2106 5423 portus,
2128 5350 2162 5407 et
2176 5340 2293 5406 adver·

274 5448 355 5494 saue
373 5445 478 5514 quarn
502 5418 651 5487 rnultnrn
673 5422 874 5493 interfuerit
890 5422 1041 5518 Reipub.
1058 5442 1096 5498 ut
1115 5429 1264 5498 maxime
1316 5450 1392 5495 sum
1411 5427 1589 5517 improbos
1605 5426 1666 5495 teli
1682 5425 1754 5496 vice
1772 5446 1896 5504 essent.
1931 5431 1978 5503 Ut
1994 5436 2183 5511 offendunt
2198 5429 2294 5509 Miroi
