4664 6022
147 250 198 327 ιι
290 308 294 313 .
656 236 817 316 DECIr
855 233 929 314 ΒΕ
961 235 1200 314 stultus
1233 233 1660 319 THEOLOGICIS.
2131 247 2182 327 tt

104 394 107 407 Ι
146 422 275 516 inquit·
326 415 375 491 Et
395 416 435 486 in
450 410 548 487 bunc
565 413 709 510 quidem
729 412 835 482 finem
849 411 896 482 ab
911 390 1016 481 initio
1030 435 1138 481 mun·
1188 410 1391 497 beatitudo,
1416 411 1454 482 in
1470 406 1950 508 hoctotavisestlnbnitae,
1976 421 2182 507 immensae,

147 528 205 608 di,
237 521 386 593 verbum
409 543 513 589 suum
536 516 634 586 dedit
656 513 772 600 Deus,
803 515 843 582 in
871 510 939 584 hoc
963 514 1137 605 scriptura
1189 528 1224 584 et
1240 527 1401 584 aeternae
1413 517 1685 602 consolationis,
1709 534 1744 590 et
1761 522 1983 610 foelicitatis,
2005 528 2053 607 ad
2072 552 2178 621 quam

146 640 265 698 sancta
291 623 431 716 prodita
452 633 522 702 est,
553 633 593 688 ut
613 617 772 710 quotidie
788 618 825 684 in
850 615 1053 705 cognitione
1069 611 1138 684 Dei
1189 611 1352 685 homines
1378 618 1533 703 conditi,
1565 633 1600 690 et
1623 645 1645 690 a
1666 617 1742 691 Deo
1763 626 1879 694 vocati
1905 642 2047 709 sumus,
2072 629 2178 699 utin

145 748 360 808 crescamus,
392 736 432 792 ut
447 722 616 804 subinde,
642 720 738 811 quud
755 718 859 787 toties
872 717 1027 787 inculcat
1043 715 1138 787 Pau·
1189 714 1255 787 hac
1275 718 1347 787 vita
1368 720 1479 788 animi
1499 721 1614 792 nostri
1636 724 1844 796 erudiantur
1864 751 1927 817 per
1950 730 2119 816 verbum,
2144 744 2180 802 ct

146 832 220 912 lus,
246 828 357 916 magis
377 848 417 894 ac
438 823 548 911 magis
565 821 785 912 proficientes
805 819 1137 919 incognitionevq·
1188 833 1358 912 concepto
1390 820 1529 914 Spiritu
1564 837 1702 904 sancto,
1744 826 1994 900 illuminentur
2026 833 2181 903 subinde

145 930 294 1001 luntatis
319 928 480 1009 divinae,
508 924 679 993 laetemur
711 922 749 989 in
771 918 866 1001 Deo,
899 920 1135 1013 praesentiam
1189 920 1300 1010 magis
1314 922 1590 1017 magisquevera
1605 926 1806 1014 cognitione
1818 927 1902 1011 Dei,
1927 945 1965 1002 ut
1980 928 2038 1003 hic
2052 935 2091 1002 in
2107 932 2179 1007 Ec-

146 1033 221 1103 eius
250 1032 288 1098 in
317 1026 473 1097 mirificis
503 1025 671 1115 operibus
696 1024 884 1093 adoremus
910 1037 944 1093 et
974 1045 1136 1091 reverea-
1188 1023 1292 1091 clesia
1315 1022 1463 1116 incipiat
1494 1027 1677 1096 renovatio
1707 1041 1742 1098 et
1771 1034 1978 1104 restauratio
2002 1036 2179 1130 collapsae

144 1158 245 1216 mur,
271 1147 310 1201 ut
327 1128 507 1221 perfidem
524 1141 559 1194 et
579 1125 762 1216 spiritum,
796 1138 935 1215 gustum
957 1128 1134 1215 quendam
1188 1138 1354 1210 naturae,
1387 1148 1535 1215 regnum
1559 1129 1758 1214 coelorum,
1790 1147 1825 1203 et
1852 1133 2008 1221 iusticia,
2039 1154 2073 1209 et
2102 1140 2176 1211 vita

144 1234 379 1328 percipiamus
400 1229 494 1296 vitae
517 1241 698 1311 aeternae,
724 1241 765 1296 ut
779 1229 923 1296 tandem
941 1225 1135 1295 eluctantes
1187 1239 1346 1294 aeterna:
1371 1242 1412 1298 ut
1428 1230 1572 1298 tandem
1588 1228 1625 1296 in
1639 1231 1759 1300 futuro
1774 1236 1911 1316 seculo,
1937 1239 2089 1329 perfecte
2104 1242 2179 1311 lae-

144 1362 184 1407 εκ
207 1349 260 1405 ιοι
281 1332 448 1402 fluctibus
470 1343 506 1398 et
526 1328 824 1418 periculisregni,
850 1328 974 1397 mortis
992 1340 1026 1397 et
1045 1324 1135 1396 Dia·
1187 1339 1304 1396 temur
1334 1328 1373 1394 in
1402 1326 1498 1410 Deo,
1540 1330 1676 1399 laeticia
1704 1337 1854 1424 quadam
1885 1337 2116 1410 inenarrabili
2144 1358 2178 1415 et

143 1437 234 1520 boli,
268 1455 488 1522 emergamus
512 1432 556 1499 ad
586 1431 773 1520 perlectam
796 1429 1034 1519 cognitionem
1056 1425 1137 1514 Dei,
1186 1429 1396 1517 glorificata,
1429 1431 1603 1500 ineffabili
1627 1444 1783 1504 torrente
1808 1439 1968 1508 omnium
1997 1443 2204 1516 bonorunt'

142 1554 251 1632 utque
267 1538 410 1606 tandem
428 1533 501 1603 Deo
518 1533 614 1622 ipso,
640 1533 734 1624 quod
757 1533 871 1602 maius
887 1531 1057 1623 quiddam
1073 1543 1135 1615 est,
1187 1527 1274 1614 Dei,
1304 1532 1463 1624 adeoque
1491 1533 1644 1622 perfecta
1664 1533 1843 1632 κοινωνίᾳ
1869 1554 1903 1611 et
1925 1546 2179 1618 communione

141 1664 248 1734 quam
285 1635 441 1708 bumana
472 1647 590 1703 mente
622 1633 761 1723 concipi
790 1629 849 1702 bic
877 1644 1010 1724 potest,
1050 1631 1134 1717 vita,
1186 1628 1294 1727 (quae
1317 1631 1355 1700 in
1379 1629 1448 1703 hoc
1479 1645 1637 1724 tempore
1662 1659 1767 1727 super
1791 1663 1931 1709 omnem
1957 1660 2099 1734 captum
2125 1664 2177 1720 est

142 1741 276 1833 gloria,
308 1738 485 1820 claritate,
515 1761 554 1805 ac
579 1734 1133 1823 beatitudineaeternaperfrua·
1187 1730 1423 1802 humanarum
1464 1738 1653 1826 mentium)
1700 1739 1897 1811 divinitatis
1938 1749 2176 1836 perfruamur.

142 1867 235 1912 mur.
285 1839 335 1910 Et
357 1834 414 1908 bic
436 1837 578 1930 quidem
603 1837 684 1904 finis
706 1850 757 1905 est
773 1836 968 1919 bonorum,
994 1832 1062 1904 boc
1081 1848 1134 1904 est
1185 1833 1347 1904 Sciamus
1386 1857 1469 1924 ergo
1505 1831 1738 1927 'fbeologiam
1779 1866 1968 1915 non·esse
2002 1852 2177 1922 eiusmodi

142 1945 233 2016 illud
259 1965 441 2032 summurn¹
459 1943 612 2022 bonum,
638 1938 700 2006 illa
728 1961 810 2007 vera
834 1951 867 2008 et
883 1933 1049 2006 omnibus
1066 1960 1133 2004 nu·
1186 1939 1364 2027 quandam
1386 1937 1708 2024 cognitiunculam,
1741 1966 1830 2033 quae
1852 1939 1935 2014 huic
1959 1952 2101 2021 mortali
2123 1956 2177 2023 vi-

143 2045 250 2115 meris
271 2043 432 2115 absoluta
461 2039 635 2132 sapientia
668 2064 773 2133 quam
805 2039 1038 2131 requirimus,
1070 2037 1132 2105 illa
1185 2052 1241 2105 tae
1265 2049 1403 2106 tantum
1426 2038 1632 2125 ancilletur,
1663 2041 1900 2115 cuiuscemodi
1918 2064 2001 2120 stant
2016 2053 2175 2146 reliquae

141 2150 218 2218 sola
242 2159 276 2215 et
299 2146 450 2235 perfecta
474 2141 674 2225 beatitudo,
707 2141 751 2209 de
774 2165 843 2234 qua
865 2154 962 2209 extra
983 2141 1132 2209 verbum
1185 2151 1297 2222 artes,
1324 2163 1413 2230 quae
1436 2163 1536 2208 suam
1552 2155 1669 2210 tamen
1685 2143 1846 2231 laudem,
1876 2152 2026 2220 durante
2040 2148 2108 2224 hac
2122 2157 2177 2226 vi-

141 2247 209 2319 Dei
235 2245 474 2338 inquisierunt
495 2237 705 2333 Philosophi
736 2255 771 2313 et
795 2242 971 2334 sapientes
994 2240 1132 2310 mundi.
1184 2251 1240 2318 ta,
1263 2234 1413 2325 habent,
1437 2243 1498 2311 sed
1514 2240 1688 2311 eiusmodi
1708 2249 1885 2337 quandam
1902 2253 2076 2325 divinitus
2093 2281 2178 2349 pro·

143 2349 212 2422 Sed
227 2347 325 2425 Deus
341 2370 463 2436 passus
479 2358 531 2414 est
547 2368 606 2413 eos
628 2368 744 2412 errare
758 2345 863 2432 longe
879 2366 898 2410 a
916 2343 994 2411 Deo
1013 2341 1051 2408 in
1066 2341 1133 2410 viis
1185 2341 1296 2408 ditam
1316 2342 1545 2432 sapientiam,
1569 2345 1613 2411 ad
1632 2369 1738 2437 quam
1757 2350 2040 2442 percipiendam,
2066 2353 2176 2432 bomo

142 2452 234 2540 suis,
259 2442 748 2536 utPaulusiuActisinquit.
798 2443 1133 2513 Vereautemillius
1186 2441 1290 2511 initio
1313 2445 1495 2529 conditus,
1531 2459 1676 2536 propter
1703 2472 1809 2540 quam
1831 2453 1975 2524 divinae
2004 2461 2176 2548 particula

143 2553 331 2641 religions,
357 2564 392 2619 et
406 2545 645 2636 Theologiae,
672 2558 706 2614 et
729 2545 861 2615 solidae
878 2545 974 2613 illius
992 2546 1134 2634 sapien·
1185 2567 1291 2612 aurae
1311 2540 1368 2638 (ut
1388 2542 1497 2615 Poe'ta
1525 2547 1658 2639 inquit)
1682 2563 1716 2619 et
1731 2551 1821 2619 illud
1837 2570 1956 2645 pectus
1972 2560 2175 2634 coelestium

143 2655 212 2726 tiae
227 2654 392 2720 inventor
415 2663 451 2719 et
473 2663 591 2732 autor,
617 2671 690 2716 non
713 2661 764 2717 est
778 2645 980 2716 Mercurius
994 2646 1132 2740 aliquis,
1185 2668 1303 2712 rerum
1328 2668 1453 2735 capax,
1487 2647 1548 2717 illa
1578 2673 1678 2719 ruens
1705 2653 1803 2721 coelo
1833 2658 1964 2728 ducens
1989 2663 2175 2753 originem,

67 2810 72 2817 .
143 2780 218 2824 non
243 2750 347 2823 beros
373 2751 548 2844 quispiam
571 2750 704 2828 clarus,
729 2772 803 2818 non
818 2741 1058 2837 Philosophus
1074 2770 1132 2815 ex·
1185 2746 1290 2815 nobis
1307 2747 1421 2818 indita
1436 2762 1499 2819 est.
1558 2747 2175 2856 lnquaecunqueergovitaegene-

117 2874 121 2882 ’
144 2857 291 2939 cellens‚
317 2855 376 2922 sed
394 2853 467 2942 ipse
483 2850 791 2920 creatoromnium
805 2873 924 2919 rerum
940 2847 1053 2933 Deus,
1078 2849 1132 2914 vi·
1185 2870 1224 2915 ra
1248 2847 1344 2915 varia
1366 2861 1553 2940 tempestas
1576 2845 1681 2921 liuius
1704 2855 1797 2923 vitae
1815 2860 1980 2931 coniiciat
2000 2858 2176 2956 homines,

143 2981 209 3026 vus
225 2971 259 3027 et
275 2977 398 3037 verus,
422 2967 464 3023 ut
479 2950 601 3023 Esaias
617 2951 752 3042 inquit:
787 2949 862 3038 Qui
877 2950 1039 3020 condidit
1054 2973 1132 3018 coe·
1185 2947 1258 3017 sive
1285 2946 1377 3019 luris
1400 2951 1628 3040 prudentiae,
1659 2954 1734 3023 sive
1755 2956 1807 3024 rei
1830 2958 2008 3046 Medicac,
2031 2969 2106 3038 sive
2123 2973 2175 3042 rei

86 3087 89 3094 ·
142 3043 241 3142 lum,
276 3071 311 3127 et
326 3055 497 3124 stabilivit
513 3069 641 3123 terram
656 3067 719 3126 etc.
770 3049 817 3121 Et
832 3047 1030 3139 Theologia
1048 3046 1133 3120 haee
1184 3050 1330 3118 militari
1358 3055 1444 3122 dent
1468 3078 1628 3144 operam,
1660 3054 1735 3125 sive
1757 3058 1795 3125 in
1815 3056 2175 3161 Philosophicoocio,

144 3184 247 3247 vera,
287 3182 361 3226 non
390 3170 442 3224 est
470 3154 643 3225 eiusmodi
676 3154 849 3243 cognitio,
889 3167 950 3222 aut
977 3152 1133 3237 scientia,
1185 3151 1257 3219 sive
1276 3148 1413 3241 llepub.
1429 3172 1630 3237 versentur,
1655 3171 1772 3228 tamen
1788 3162 1857 3230 nisi
1873 3188 1930 3249 ca,
1956 3191 2036 3236 curn
2052 3170 2175 3246 Tbeo'.

143 3273 345 3350 comparata
376 3259 490 3327 solum
523 3259 566 3326 ad
596 3257 703 3326 vitam
731 3251 824 3326 hanc
849 3268 1131 3325 momentaneam
1184 3253 1277 3341 logia
1293 3255 1481 3325 coniuncta
1500 3252 1670 3343 babeant,
1697 3261 2030 3340 sciantseadivina
2046 3285 2081 3343 et
2094 3300 2174 3347 coc·

142 3353 347 3457 ἡμερόβιον
370 3359 554 3450 strepitum
576 3382 714 3439 rerum,
746 3371 781 3426 et
802 3357 991 3427 umbratile
1008 3361 1132 3450 σχῆμα
1184 3354 1264 3424 lesti
1285 3355 1423 3444 origine
1451 3358 1686 3448 degenerasse.
1744 3361 2070 3466 Quantumcunque
2091 3401 2174 3471 ergo

142 3458 250 3533 huius
265 3461 404 3532 mundi.
464 3458 774 3547 Quemadmodum
791 3454 1046 3544 architectura,
1071 3474 1132 3529 aut
1185 3456 1224 3525 in
1248 3471 1482 3546 tempestuoso
1511 3461 1599 3527 mari
1623 3456 1730 3531 huius
1757 3465 1850 3534 vitae
1871 3470 2174 3569 circumerremus,

143 3564 277 3636 similes
297 3578 407 3645 artes,
437 3573 574 3630 tanturn
599 3562 643 3629 ad
666 3555 773 3632 huius
794 3561 886 3630 vitae
907 3583 1009 3630 usum
1034 3584 1133 3629 com·
1185 3579 1287 3645 saepe
1309 3558 1415 3626 etiam
1439 3560 1707 3648 naufragemur,
1740 3564 1825 3633 dum
1849 3563 1907 3640 bic
1932 3575 2174 3654 sollicitudine

144 3678 286 3758 paratae
312 3675 414 3745 sunt,
445 3683 530 3752 quas
546 3661 647 3750 pauci
662 3660 806 3753 quidam
822 3661 1045 3751 perdiscunt,
1070 3663 1131 3730 sed
1185 3659 1299 3726 victus
1325 3671 1530 3750 torquetur,
1563 3656 1622 3730 hie
1642 3662 1700 3733 siti
1722 3665 1873 3753 gloriae,
1900 3685 2019 3746 tamen
2044 3679 2085 3753 in
2107 3679 2174 3758 boe

144 3770 189 3838 ad
206 3762 298 3835 banc
321 3762 558 3853 coguitionem
579 3784 698 3829 veram
713 3760 800 3844 Dei,
823 3762 866 3829 ad
887 3755 978 3830 banc
993 3763 1134 3852 sapien·
1185 3775 1289 3850 portu
1304 3761 1597 3852 acquiescendum
1611 3777 1678 3848 est,
1700 3779 1817 3836 tamen
1832 3772 1900 3841 nisi
1915 3775 2077 3874 initium,
2100 3810 2175 3857 me.

144 3869 230 3940 tiam
247 3865 528 3958 percipiendam,
553 3885 676 3931 omnes
695 3857 858 3932 homines
874 3885 980 3953 super
993 3876 1134 3949 terram,
1185 3861 1304 3939 dium,
1326 3860 1407 3928 linis
1421 3857 1658 3934 humanarum
1674 3891 1793 3937 rerum
1808 3873 1853 3943 sit
1869 3872 2082 3971 Theologta,
2105 3888 2174 3960 iam

144 3984 456 4060 totumque-genus
472 3959 668 4034 humanum
684 3977 838 4033 creatum
854 3975 924 4048 est,
948 3977 1054 4056 atque
1070 3965 1133 4035 illa
1186 3957 1350 4031 homines
1372 3985 1445 4033 esse
1468 3967 1656 4052 desiimus,
1688 3983 1721 4037 et
1746 3971 1818 4041 rita
1841 3991 1982 4048 estnon
2007 3978 2176 4078 hominis,

144 4070 266 4140 divina
294 4093 392 4137 mens
416 4063 590 4150 hominis,
623 4065 685 4133 illa
704 4064 960 4154 elegantissima
977 4068 1134 4155 corporis
1185 4065 1246 4132 sed
1275 4064 1473 4139 beluarum.
1537 4065 1645 4138 Nulla
1683 4095 1832 4164 usquam
1869 4103 1952 4170 ergo
1980 4096 2174 4182 occupatio

144 4167 314 4249 humani,
358 4169 519 4238 omnium
565 4190 778 4256 organorum
812 4190 853 4236 ac
892 4168 1132 4237 membrorum
1186 4165 1329 4255 dignior
1349 4160 1641 4252 homine,·nutta
1671 4170 1871 4264 liberalior,
1907 4184 2010 4255 nulla
2029 4192 2175 4267 scienti,

59 4288 65 4300 “
145 4270 378 4353 constructio,
403 4292 477 4337 non
494 4269 531 4336 in
548 4265 615 4337 boc
631 4281 682 4336 est
697 4267 858 4348 condita,
884 4281 924 4337 ut
939 4269 1054 4337 solum
1075 4294 1133 4340 ar·
1186 4280 1246 4336 aut
1270 4267 1424 4355 cognitio
1441 4271 1682 4355 excellentior,
1715 4300 1820 4368 quarn
1840 4286 1995 4371 cognitio
2011 4315 2091 4364 vera
2107 4294 2174 4369 Dei

145 4387 197 4444 tes
214 4373 312 4452 illas,
339 4395 428 4463 quae
452 4394 523 4438 non
547 4370 615 4438 nisi
633 4363 716 4439 huic
734 4369 877 4439 mortali
893 4369 984 4438 vitae
1002 4385 1035 4440 et
1054 4396 1133 4442 cor-
1186 4381 1220 4438 et
1236 4368 1429 4457 religionis.
1486 4369 1636 4463 Propter
1650 4370 1741 4446 banc
1757 4377 1861 4451 initio
1876 4381 1991 4457 Adam
2008 4399 2174 4472 conditus

144 4476 223 4567 pori
242 4473 416 4554 serviunt,
443 4484 615 4552 exerceat,
641 4472 704 4539 scd
716 4484 757 4540 ut
772 4470 946 4539 infinitam
961 4473 1058 4540 illam
1077 4497 1133 4543 sa·
1186 4484 1239 4540 est
1261 4494 1300 4537 ex
1323 4471 1422 4559 gleba
1447 4486 1479 4541 et
1503 4475 1647 4564 pulvere
1664 4492 1792 4550 terrae:
1828 4503 1973 4579 propter
1989 4487 2079 4567 banc
2096 4496 2172 4572 Eva

144 4576 314 4668 pientiam
330 4588 364 4643 et
381 4572 573 4641 bonitatem
593 4569 661 4641 Dei
680 4583 882 4660 cognoscat,
908 4587 943 4642 ct
955 4575 1133 4661 magnitu-
1185 4571 1296 4663 ipsius
1311 4571 1374 4641 Dei
1391 4577 1555 4643 creatoris
1571 4578 1718 4649 mirifico
1739 4608 1844 4672 opere
1859 4612 1899 4656 ex
1918 4606 2010 4662 costa
2026 4605 2175 4674 masculi

145 4678 265 4747 dinem
281 4689 314 4745 et
330 4674 533 4743 varietatem
550 4688 584 4744 et
599 4672 781 4742 mirificam
799 4674 897 4741 illam
914 4672 952 4739 in
966 4677 1134 4746 omnibus
1185 4674 1320 4762 sculpta
1344 4689 1379 4744 et
1408 4676 1584 4747 aedificata
1612 4696 1663 4750 est
1691 4683 1728 4750 in
1753 4687 1943 4760 formosam
1969 4697 2174 4782 foeminam.

145 4779 217 4847 vim
242 4791 347 4869 atque
369 4775 562 4866 potentiam
592 4776 769 4864 operantis
793 4771 860 4842 Dei
881 4777 1134 4867 contemplans,
1186 4771 1263 4845 Etsi
1287 4776 1406 4844 forsan
1430 4778 1582 4867 primum
1605 4782 1802 4854 auditorem
1826 4787 2093 4890 scholasticum,
2127 4809 2175 4878 si.

144 4880 184 4947 in
201 4877 276 4947 Deo
294 4891 327 4947 et
342 4877 508 4946 omnibus
524 4876 691 4966 operibus
708 4873 776 4944 Dei
794 4876 961 4957 laetetur,
988 4891 1022 4947 et
1036 4901 1133 4947 sum·
1187 4872 1261 4945 mul
1289 4889 1323 4945 et
1351 4873 1541 4948 Ductorem
1566 4878 1783 4975 Theologiae
1813 4895 2045 4988 requirimus,
2077 4900 2173 4981 hunc

145 5004 203 5048 ma
231 4978 445 5048 exrrltatione
475 4990 510 5046 et
538 4977 715 5046 alacritate
750 4979 877 5067 gratias
907 4992 1004 5067 agat,
1045 4980 1134 5052 sicut
1186 4978 1335 5047 sciamus
1358 5001 1524 5068 magnum
1550 5000 1729 5074 parentem
1751 4990 1858 5063 luisse
1880 4994 2078 5088 Adamum,
2111 5013 2173 5104 qui

145 5077 309 5151 Christus
333 5080 405 5168 ipse
426 5077 602 5147 Dominus
627 5092 745 5148 noster
761 5080 862 5148 brevi
882 5091 916 5149 et
929 5081 1133 5169 gravissima
1187 5081 1301 5172 ipsum
1318 5078 1432 5149 Deum
1456 5084 1662 5172 magistrum
1683 5085 1828 5179 habuit,
1853 5099 1914 5189 qui
1935 5116 2016 5173 aute
2035 5107 2172 5202 lapsum

146 5183 319 5250 sententia
342 5181 443 5248 dicit:
467 5177 647 5249 vHaereat
667 5193 808 5250 aeterna
831 5180 921 5265 vita,
948 5197 986 5252 ut
1002 5205 1132 5273 cogno·
1187 5185 1347 5272 perfusus
1380 5181 1517 5274 Spiritu
1550 5203 1691 5273 sancto,
1729 5217 1811 5263 vere
1843 5198 2064 5278 illuminatus
2105 5214 2174 5286 fuit

146 5283 239 5350 scant
257 5295 290 5350 te
303 5304 425 5349 verum
436 5280 569 5361 Deum,
596 5296 749 5374 etquem
760 5281 1012 5353 misistilesum
1026 5280 1133 5355 Chri·
1186 5279 1409 5373 Theologus,
1440 5311 1510 5378 quo
1545 5292 1623 5359 viro
1653 5285 1711 5359 bic
1738 5298 1790 5363 sol
1822 5296 1914 5370 nibil
1939 5312 2072 5395 aspexit
2094 5332 2172 5406 post

144 5400 255 5466 stum;
292 5381 328 5450 id
353 5394 420 5451 est:
455 5378 541 5452 baec
564 5397 617 5454 est
646 5385 719 5454 vita
744 5383 825 5470 illa,
859 5381 1065 5470 salus‘illa,
1099 5403 1134 5459 et
1184 5385 1300 5476 ipsum
1316 5383 1496 5458 Christum
1513 5394 1757 5484 praestantius
1809 5398 1849 5469 Si
1862 5403 1957 5473 enim
1970 5408 2085 5483 Adam
2099 5441 2171 5488 non
