4664 6022
148 290 228 369 roo
724 281 886 371 uscu
918 280 995 366 uu
1027 282 1256 367 stanna
1288 278 1609 367 ununama
1758 266 1768 303 ‘
2103 294 2183 373 no
2283 284 2288 295 ·

148 482 281 543 etcum
303 460 466 539 distrios
488 459 632 538 coelesti
653 458 846 536 circunlert
865 461 985 537 literas
1008 476 1044 537 et
1068 462 1142 534 lin·
1189 465 1257 537 bus
1279 462 1522 553 facultatibus:
1564 463 1613 536 ita
1637 460 1754 536 sciunt
1769 459 1801 558 ⁸)
1822 488 1964 551 omnes,
1995 468 2058 566 qni
2078 471 2181 545 [ιιο-
2235 458 2238 463 ’

148 592 254 661 guas,
282 592 425 660 agamus
441 568 474 640 ei
491 568 641 659 gratias,
672 568 770 662 quod
785 567 946 662 undique
960 581 1141 639 aeternam
1188 564 1448 658 resEpicureos
1464 570 1699 640 detestanturs
1723 592 1799 639 eam
1813 571 2026 659 doctrinam,
2052 573 2091 646 in
2107 599 2178 670 qua

146 669 343 746 Ecclesiam
357 671 510 763 colligit,
532 682 567 741 et
584 693 763 764 quanqam
777 669 925 741 miserae
940 682 1024 742 sunt
1037 691 1141 764 pere·
1188 694 1225 742 se
1239 668 1337 743 Deus
1353 670 1538 761 patefecit,
1561 694 1648 763 pree
1660 671 1829 744 omnihus
1845 674 1926 745 aliis
1946 676 2052 747 rebus
2074 701 2179 770 expe·

145 777 389 868 grinationes,
412 790 533 849 tamen
547 773 586 842 in
600 767 666 843 hac
681 771 810 842 militia
827 771 860 842 ei
874 773 1080 856 serviamus,
1104 782 1139 844 et
1190 776 1332 846 tendam
1349 794 1435 846 essc.

146 902 273 950 vocem
289 873 477 968 Evangelii
490 890 524 949 et
540 871 605 946 has
618 873 799 959 literulas,
822 897 913 970 qnae
930 885 1080 966 prosunt
1094 873 1139 945 ad
1289 873 1360 948 Sed
1373 874 1498 944 dicunt
1512 873 1644 967 aliqui,
1667 879 1844 950 transfusa
1859 900 1932 950 esse
1948 894 2180 954 monumenta

144 981 398 1055 illustrandam
412 978 610 1053 doctrinam
623 976 822 1059 coelestem,
847 977 942 1049 bona
957 977 1138 1049 hdetuea·
1188 971 1450 1070 Prophetarum
1481 976 1520 1045 in
1541 974 1707 1047 Latinam
1738 980 1917 1071 linguam,
1953 994 1989 1054 et
2013 1006 2111 1055 nnnc
2138 985 2180 1055 in

146 1108 232 1155 mur
259 1098 294 1154 et
319 1104 563 1175 propagemus.
615 1077 713 1154 lium
735 1078 844 1170 igitur
866 1074 959 1150 hanc
982 1092 1139 1152 nostram
1190 1077 1453 1163 Germanicam,
1478 1102 1586 1172 quare
1599 1103 1673 1150 non
1687 1080 1852 1153 videatur
1865 1106 1955 1176 opus
1969 1087 2181 1179 esselingne
2245 1153 2246 1156 ,

146 1186 315 1258 militiam
330 1200 464 1276 gratam
489 1207 563 1255 osse
579 1180 656 1254 Deo
678 1182 891 1267 existimem,
923 1181 1077 1274 primum
1100 1180 1140 1251 in
1188 1180 1328 1254 Ebraca
1347 1179 1388 1275 ὅ).
1438 1178 1536 1252 Haec
1549 1183 1665 1254 oratio
1684 1207 1704 1252 a
1721 1208 1778 1254 me
1794 1208 1868 1257 non
1884 1188 2008 1256 acerbe
2024 1190 2181 1281 exagita-

145 1283 218 1361 hoc
233 1289 379 1359 exordio
396 1288 465 1357 mei
484 1287 658 1357 muueris:
690 1285 819 1355 invoco
836 1277 869 1380 ²)
885 1281 1000 1355 Deum
1024 1299 1140 1355 acter-
1190 1286 1299 1368 bitur,
1324 1308 1407 1354 nam
1422 1297 1455 1354 et
1468 1306 1533 1374 ego
1547 1283 1900 1377 interpretationibus
1914 1288 2066 1361 libenter
2080 1303 2179 1364 ntor:

145 1416 237 1463 num
263 1404 396 1483 patrem
413 1388 562 1460 Domini
584 1388 697 1458 nostri
719 1382 798 1459 lesu
819 1383 973 1471 Christi,
1002 1410 1042 1456 ac
1064 1408 1141 1471 oro,
1190 1386 1308 1460 etDeo
1322 1385 1450 1478 gratias
1462 1409 1548 1476 ago,
1572 1391 1668 1480 quod
1685 1390 1849 1460 excitavit
1863 1390 2065 1484 aliquorum
2080 1416 2183 1463 men·

144 1507 187 1566 ut
204 1516 302 1563 meos
316 1492 457 1563 labores
472 1505 569 1582 regat
585 1503 619 1562 et
633 1490 789 1563 adiuvet.
817 1484 958 1559 Deinde
972 1488 1141 1559 illustris·
1190 1503 1263 1574 tes,
1287 1503 1327 1560 ut
1342 1488 1651 1580 interpretationes
1666 1491 1863 1562 luculentas
1880 1494 2034 1566 ederent.
2090 1490 2180 1567 Exi·

145 1596 239 1669 simo
247 1593 408 1688 Principi
424 1594 555 1685 gratias
567 1615 652 1684 ago,
677 1593 774 1687 quod
789 1612 869 1661 suas
882 1604 1004 1681 gentes
1018 1592 1063 1662 ad
1079 1612 1142 1659 ve·
1189 1593 1295 1664 stimo
1310 1592 1425 1676 enim,
1446 1588 1564 1661 Deum
1577 1592 1658 1661 ideo
1676 1594 1830 1664 voluisse
1843 1595 1900 1664 edi
1916 1594 2181 1688 interpretatio-

146 1720 226 1785 ram
239 1695 317 1770 Deo
333 1697 552 1789 agnitionem
567 1694 714 1781 invitat,
737 1705 773 1764 et
786 1693 825 1762 in
839 1687 896 1765 his
913 1693 1017 1765 terris
1032 1691 1142 1761 mini-
1191 1718 1273 1764 nem
1288 1717 1309 1764 a
1323 1693 1558 1785 septuaginta,
1575 1707 1732 1787 tempore
1740 1692 2183 1793 PtolemaeiPhiladelphi‚

146 1801 297 1874 sterium
315 1796 501 1889 Evangelii
518 1810 553 1869 et
568 1792 707 1868 scholas
723 1794 923 1867 constituit:
950 1817 1142 1891 quaecum
1191 1811 1254 1869 ant
1269 1797 1458 1890 aliquanto
1482 1810 1579 1887 post,
1610 1808 1650 1867 nt
1673 1792 1839 1875 homines
1861 1798 1913 1890 pii
1936 1800 2031 1872 inter
2049 1817 2181 1893 gentes,

145 1904 222 1976 sint
236 1902 422 1996 praecipua
436 1901 525 1974 honi
540 1898 787 1992 gubernatoris
800 1921 918 1990 opera,
943 1892 1142 1971 hortandus
1192 1900 1253 1996 qui
1277 1899 1477 1969 doctrinam
1502 1900 1649 1968 devera
1672 1899 1897 1972 invocatione
1912 1897 1980 1972 Dei
2003 1902 2181 1977 aludaeis

148 2019 219 2091 est,
262 2020 322 2094 ut,
362 2006 459 2100 quod
491 2004 597 2089 facit,
642 1998 728 2074 haec
760 2013 858 2075 tanta
888 2001 986 2073 bone
1013 2020 1143 2070 ornare
1192 2000 1322 2095 passim
1335 2000 1464 2093 sparsis
1484 2012 1559 2070 toto
1580 2003 1667 2071 orbe
1690 2014 1863 2074 terramm
1886 2003 2104 2092 didicerant,
2135 2008 2184 2078 li·

145 2121 280 2203 pergat.
1192 2105 1277 2175 bros
1290 2098 1515 2194 propheticos
1530 2098 1560 2197 ⁶)
1574 2125 1696 2192 graece
1710 2105 1825 2195 legere
1838 2121 2002 2197 possent,
2026 2110 2122 2202 qaod
2140 2134 2183 2182 ea

253 2209 358 2283 Nunc
372 2230 458 2278 vero
482 2204 767 2276 adolescentibus
791 2202 928 2299 aliquid
949 2202 1143 2275 dicendum
1192 2207 1314 2296 lingua
1330 2220 1416 2277 tunc
1428 2204 1580 2273 maxime
1601 2207 1801 2277 communis
1820 2221 1905 2283 erat.
1963 2205 2042 2282 Etsi
2064 2224 2183 2283 autem

145 2327 202 2387 est
216 2311 407 2396 decausis,
437 2331 503 2381 cur
523 2308 644 2400 lingua
670 2301 875 2401 prophetica
899 2308 1143 2396 cognoscenda
1192 2333 1233 2379 ea
1247 2306 1493 2399 interpretatio
1508 2329 1629 2398 saepe,
1654 2322 1696 2380 ut
1710 2309 1749 2378 in
1762 2308 1900 2401 pictura
1924 2335 2016 2405 quae
2037 2314 2183 2387 umbras

95 2428 101 2439 “
147 2417 214 2501 sit,
238 2426 281 2486 ut
303 2435 447 2506 operam
474 2423 510 2482 et
532 2423 672 2504 tempus
693 2409 831 2481 utiliter
851 2409 1086 2481 collocaturus
1106 2429 1143 2479 se
1191 2425 1332 2483 tantum
1348 2410 1510 2479 imitatur
1526 2433 1735 2501 corporum,
1764 2412 1950 2484 obscurius
1966 2415 2084 2486 reddit
2100 2439 2184 2487 sen-

147 2541 227 2591 esse
244 2514 454 2604 intelligant.
492 2510 583 2583 Nam
600 2513 638 2583 in
655 2526 752 2585 tanta
769 2512 863 2585 vitae
880 2511 1068 2602 fugacitate
1084 2533 1143 2582 ca·
1193 2513 1349 2593 tentiae,
1366 2525 1485 2582 tamen
1501 2511 1605 2584 lectio
1622 2527 1695 2584 tota
1715 2514 1904 2585 mediocris
1918 2529 1992 2601 est,
2017 2541 2128 2612 quare
2147 2531 2183 2591 et

148 2618 310 2688 vendum
327 2627 396 2702 est,
420 2638 465 2688 ne
478 2616 584 2687 rebus
600 2615 790 2687 inutilibus
804 2615 1055 2700 immoremur,
1079 2614 1141 2683 sed
1192 2614 1357 2708 Apostoli
1374 2637 1414 2683 ea
1430 2613 1485 2684 usi
1502 2627 1598 2688 sunt.
1655 2613 1781 2687 Postea
1796 2614 2009 2713 Hieronymi
2031 2621 2187 2711 diligen·

150 2734 194 2792 ut
211 2740 417 2813 quaeramus
433 2731 467 2791 et
481 2741 646 2812 paremus
668 2742 708 2789 ea
723 2713 774 2815 ⁵),
804 2740 896 2812 quae
917 2717 1054 2788 aditum
1075 2739 1145 2785 no·
1193 2719 1261 2803 tia,
1297 2713 1499 2808 Prophetae
1522 2719 1607 2788 satis
1632 2718 1817 2811 perspicue
1844 2720 1944 2816 loqui
1978 2737 2182 2814 coeperunt.

146 2822 208 2893 bis
231 2821 444 2912 patefaciunt
465 2821 510 2891 ad
539 2837 720 2893 aeternam
740 2819 808 2891 Dei
837 2818 1144 2891 consuetudinem.
1195 2818 1409 2892 Germanice
1433 2842 1518 2888 vero
1544 2842 1641 2890 nnnc
1663 2815 1858 2893 aLuthero
1883 2824 1998 2895 multo
2020 2825 2184 2897 foelicius

145 2921 342 2997 sicaetera
365 2922 529 2994 omnium
554 2923 627 2995 vita
648 2924 782 2993 directa
807 2924 854 2994 ed
875 2917 942 2993 hos
963 2922 1072 3006 tines,
1102 2933 1145 2991 ut
1193 2923 1324 2994 redditi
1338 2922 1422 2993 sint.
1473 2917 1548 2990 Has
1563 2922 1871 3014 interpretationes
1888 2938 1921 2997 et
1936 2927 2011 3019 ipse
2025 2927 2125 3018 lego,
2150 2941 2186 3002 et

141 3022 245 3101 Dens
262 3037 355 3095 recte
369 3024 577 3107 celebretur,
600 3019 799 3093 etEcclesia
814 3035 974 3094 ornetur.
1000 3020 1144 3092 Postre-
1194 3038 1235 3095 ut
1249 3025 1390 3095 assidue
1405 3024 1497 3109 legat
1512 3026 1681 3116 populus,
1708 3039 1804 3115 opto.
1858 3025 1997 3098 interea
2012 3031 2186 3102 tamenin

141 3150 209 3199 rno
235 3138 278 3198 ut
304 3147 371 3194 nos
399 3123 467 3215 ipsi
495 3123 535 3192 iu
556 3119 716 3195 Ecclesia
736 3123 813 3201 Deo
844 3123 1056 3203 serviamus,
1104 3143 1145 3192 ac
1195 3121 1325 3195 scholis
1340 3124 1456 3193 fontes
1471 3124 1549 3194 noti
1566 3139 1661 3196 sunt.
1712 3124 1860 3196 Necesse
1874 3142 1928 3199 est
1939 3130 2048 3218 igitur
2062 3134 2186 3202 erudi.

143 3240 293 3305 aeterna
320 3225 477 3321 praemia
504 3236 734 3316 expectemus.
793 3222 943 3316 Propter
970 3217 1037 3294 hos
1056 3223 1144 3293 tines
1196 3227 1313 3307 tiores,
1340 3239 1374 3295 et
1391 3221 1645 3318 quosEcclesia
1660 3226 1737 3296 vult
1754 3231 1917 3298 custodes
1933 3253 2007 3301 esse
2019 3256 2059 3302 ac
2073 3235 2187 3304 inter-

143 3326 247 3407 Dcus
272 3351 440 3400 arcannm
463 3327 644 3417 decretum
671 3329 716 3395 de
738 3325 813 3396 filio
840 3326 1001 3419 patefecit
1023 3322 1145 3415 generi
1195 3341 1309 3421 pretes
1321 3349 1501 3397 sacrorum
1517 3328 1692 3413 codicum,
1714 3351 1817 3398 nosse
1832 3331 1990 3420 linguam
2000 3324 2189 3424 Ehraeain,

146 3426 329 3517 butrano,
361 3430 459 3501 misit
471 3428 606 3514 hlium,
638 3442 674 3499 et
699 3427 938 3498 ministerium
955 3423 1144 3515 Evangelii
1194 3443 1233 3501 ut
1248 3442 1383 3501 certum
1400 3426 1445 3499 sit
1461 3426 1769 3521 interpretationes
1784 3456 1978 3522 congruere
2001 3459 2082 3506 cum
2103 3440 2187 3508 fon-

148 3531 330 3613 iustituit,
355 3534 401 3604 ad
418 3534 515 3626 quod
530 3531 757 3602 retinendum
775 3553 865 3623 opus
878 3542 929 3601 est
950 3527 1143 3620 multiplici
1195 3532 1301 3606 tibus.
1354 3528 1492 3601 Deinde
1510 3532 1608 3602 nulla
1629 3545 1701 3602 tam
1723 3532 1829 3603 foelix
1852 3534 2096 3625 interpretatio
2118 3539 2188 3613 erit

144 3636 371 3722 multione,
396 3637 458 3705 sed
475 3650 594 3706 tamen
608 3634 795 3728 praecipue
820 3633 1023 3723 linguarum
1047 3630 1144 3704 noti·
1193 3659 1371 3730 unquam,
1395 3646 1435 3703 ut
1450 3656 1524 3702 non
1540 3633 1659 3730 aliqua
1681 3649 1870 3708 occurrant
1894 3632 2118 3734 σφάλματα,
2151 3655 2188 3717 et
2310 3632 2314 3637 ’

143 3738 219 3811 eia.
270 3739 354 3811 ldeo
376 3759 514 3828 semper
528 3733 764 3809 Deus·servat
787 3749 824 3809 et
845 3735 998 3808 subinde
1018 3734 1145 3807 excitat
1195 3739 1232 3808 in
1248 3738 1334 3807 locis
1352 3749 1454 3806 recte·
1463 3738 1644 3809 conversis
1662 3753 1777 3812 tamen
1797 3740 1950 3811 multum
1968 3741 2057 3813 lucis
2072 3744 2188 3818 adfert

143 3842 313 3915 doctores
332 3851 368 3910 et
379 3840 498 3913 studia
513 3838 729 3929 linguarum.
989 3858 993 3865 '
1194 3839 1353 3913 collatio.

254 3940 308 4014 Ac
323 3944 369 4014 de
386 3940 531 4013 cacteris
545 3941 680 4013 artibus
696 3955 731 4011 et
744 3939 879 4033 linguis
890 3939 952 4010 alii
968 3938 1145 4031 professo·
1296 3939 1439 4012 Possem
1458 3938 1616 4032 exempla
1631 3939 1778 4009 recitare
1792 3940 2081 4020 innumerabilia.
2114 3945 2188 4021 Sed

143 4065 287 4118 restim
306 4044 538 4120 locodicunt.
585 4041 725 4114 Multae
740 4064 889 4134 magnae
902 4065 1028 4115 causae
1050 4054 1146 4126 snut,
1195 4068 1275 4116 cnm
1290 4067 1402 4115 unum
1419 4055 1525 4136 atque
1538 4043 1687 4112 alterum
1706 4042 1917 4129 recitavero,
1942 4070 1998 4118 res
2015 4052 2187 4138 ostendet,

142 4143 545 4225 curLatineetGraece
562 4143 1145 4239 discendumsitquiafislinguis
1194 4170 1302 4243 quam
1326 4144 1413 4215 utile
1435 4145 1480 4215 sit
1506 4166 1610 4214 nosse
1632 4144 1757 4213 fontes.
1812 4142 1852 4214 ln
1872 4146 1932 4217 illa
1950 4153 2186 4224 vetustissima

143 4273 228 4322 nnn
253 4261 392 4320 tantum
415 4262 561 4341 propter
582 4261 813 4319 monumenta
844 4247 1027 4318 doctrinae
1057 4269 1145 4336 apo-
1195 4248 1368 4320 concione
1394 4249 1437 4316 ad
1462 4244 1569 4332 Cain,
1610 4245 1647 4314 in
1674 4270 1743 4340 qua
1769 4251 1981 4340 proponitur
2004 4254 2119 4324 statim
2141 4255 2187 4326 ab

143 4351 315 4438 stolicae,
338 4352 400 4422 scd
417 4364 452 4423 et
472 4363 617 4443 propter
639 4350 814 4444 reliquam
837 4351 948 4422 vitam
971 4362 1004 4418 et
1019 4343 1146 4417 Philo·
1197 4349 1303 4420 initio
1319 4348 1482 4420 doctrina
1497 4349 1543 4418 de
1556 4348 1678 4419 futuro
1694 4348 1845 4435 indicio,
1872 4355 1964 4422 etde
1980 4356 2103 4445 poenis
2116 4350 2187 4427 hu.

143 4447 314 4547 sophiam
346 4476 438 4548 opus
470 4467 533 4528 est.
613 4449 717 4522 Hane
750 4464 866 4522 autem
902 4445 1144 4544 propheticam
1197 4475 1383 4522 manomm
1402 4451 1586 4535 scelerum,
1602 4452 1775 4521 sententia
1789 4453 1827 4520 in
1840 4453 1998 4525 fontibus
2011 4456 2214 4543 illustrior,
2284 4510 2287 4519 .

143 4568 297 4654 propter
311 4579 419 4626 unam
437 4578 578 4626 cauum
598 4555 702 4624 vobis
717 4555 949 4639 commendo,
981 4551 1148 4621 videlicet
1196 4568 1258 4638 est,
1283 4554 1347 4625 ubi
1363 4553 1413 4623 sic
1427 4553 1572 4642 legitur:
1598 4549 1637 4623 si
1653 4554 1769 4623 bonus
1783 4554 1902 4638 fueris,
1922 4557 1991 4624 eris
2006 4574 2187 4650 acceptus:

144 4671 193 4734 nt
214 4658 334 4729 nativa
359 4657 535 4730 sententia
549 4651 809 4750 Prophetarum
831 4670 867 4728 et
889 4651 1146 4747 Apostolorum
1196 4657 1381 4729 sinautem
1400 4657 1534 4738 malus,
1560 4669 1738 4744 peccatum
1752 4666 1853 4724 tuum
1872 4658 2015 4729 cubabit
2031 4676 2069 4732 ut
2087 4685 2188 4731 seve-

141 4760 358 4837 adunatur.
1197 4758 1300 4830 letur.
1362 4755 1402 4827 ln
1426 4751 1492 4826 hac
1514 4758 1685 4827 brevitate
1708 4758 1796 4826 mira
1818 4752 1974 4849 emphasi
1998 4786 2053 4831 res
2074 4763 2188 4833 maxi-

253 4861 357 4933 llanc
371 4884 511 4933 causam
530 4880 654 4930 omues
667 4860 731 4953 qui
746 4859 930 4931 coelestem
943 4857 1144 4930 doctrinam
1197 4883 1275 4929 mae
1289 4860 1447 4950 signatae
1462 4853 1491 4953 ⁷)
1512 4872 1613 4943 sum,
1645 4858 1895 4930 discernuntur
1916 4861 2001 4931 boni
2027 4878 2062 4934 et
2084 4867 2185 4936 mali:

142 4978 294 5050 amant,
328 4977 463 5036 tautam
485 4984 559 5033 esse
583 4961 809 5053 intelligunt,
847 4975 887 5032 ut
908 4960 979 5031 alia
1000 4983 1074 5031 nou
1099 4959 1146 5030 sit
1195 4976 1230 5032 et
1252 4964 1366 5034 bonos
1387 4960 1548 5031 adfirmat
1562 4956 1661 5031 Deus
1678 4974 1838 5052 acceptos
1859 4985 1945 5034 esse.
2005 4962 2059 5036 De
2083 4968 2187 5040 malis

142 5068 365 5165 quaerenda.
416 5061 467 5137 Ut
480 5064 576 5136 euim
596 5064 692 5136 filius
709 5063 781 5136 Dei
797 5063 916 5156 inquit
938 5064 983 5133 de
1006 5084 1146 5153 marga-

142 5170 234 5255 rito,
251 5170 348 5264 quod
362 5171 553 5240 emendum
568 5165 616 5239 sit
625 5165 779 5240 venditis
787 5164 974 5259 praesidiis
984 5175 1019 5237 et
1027 5162 1145 5236 omni·
1229 5228 1259 5298 4)
1275 5227 1350 5284 ω
1370 5227 1481 5285 um
1496 5226 1541 5282 a·
1558 5229 1662 5286 Μ

145 5325 371 5346 ····-···
1134 5355 1139 5368 ,
1230 5314 1258 5379 5)
1278 5312 1408 5378 Edesco]
1428 5311 1492 5366 cort
1507 5313 1618 5367 Mosae.
1635 5310 1679 5365 88.
1696 5312 1859 5380 prepter.

183 5414 217 5477 2)
234 5411 304 5470 cad,
321 5412 437 5471 Mam,
450 5414 493 5469 ⁸8,
511 5414 652 5468 ῖηυοωῡο,
1045 5461 1050 5468 ‚
1225 5399 1260 5466 6)
1276 5401 1362 5451 tidros
1378 5397 1560 5462 propheticos
1577 5414 1634 5451 non
1653 5396 1753 5451 hahent
1770 5395 1833 5452 libri
1851 5396 1986 5470 impressi.

183 5500 215 5569 d)
231 5496 303 5558 cot.
320 5498 435 5559 Monac.
449 5501 494 5557 dd.
511 5517 547 5556 eo
564 5501 649 5554 eom.
1231 5485 1264 5557 7)
1280 5484 1426 5553 titum]
1442 5478 1639 5630 ‘navigem
1653 5480 1699 5537 88.
1714 5481 1900 5552 thedinus.
