4664 6022
148 280 226 358 sm
605 273 771 356 unca
800 272 884 351 un.
909 269 1251 352 uteorrnrn
1283 212 1488 351 srunn
1519 271 1733 357 aanor.
2111 276 2190 359 sas

148 454 255 527 Pauli
268 448 490 526 samosateni
505 449 667 542 impietas
682 450 922 528 damnaretur.
954 450 1029 524 Nec
1044 450 1144 523 alind
1193 446 1267 519 rint
1283 449 1328 519 de
1343 448 1539 539 religione,
1562 451 1756 524 necessaria
1772 475 1857 525 cura
1870 467 1923 525 est
1938 453 2075 539 videre,
2095 475 2189 546 quo·

149 557 324 629 vetustius
351 554 595 627 testimonium
626 567 737 636 extat,
777 567 859 647 post
886 555 1142 648 Apostolorum
1192 574 1274 622 rum
1293 565 1488 645 sequantur
1514 556 1752 629 autoritatem.
1806 555 1958 628 Ioannes
1978 552 2115 650 inquit:
2148 551 2191 626 Si

148 661 278 755 scripta
293 659 340 728 de
355 657 550 740 Trinitatc,
577 680 684 751 quam
700 651 810 728 huius
824 655 1004 749 Gregorii.
1042 659 1143 731 Tan-
1193 654 1274 749 quis
1293 655 1392 726 venit
1413 656 1459 728 ad
1480 679 1560 745 vos,
1586 671 1622 729 et
1643 655 1736 731 hanc
1750 660 1952 732 doctrinam
1968 685 2043 730 non
2062 657 2191 738 adfert,

146 779 225 837 tum
246 775 364 834 autem
380 760 414 831 ei
428 761 556 832 tribuit
569 758 744 840 Basilius,
770 773 812 831 ut
825 760 919 832 dicat
941 762 1010 833 sibi
1026 759 1142 835 adhuc
1192 781 1269 827 non
1293 758 1472 851 recipiatis
1492 784 1587 833 eum.
1638 758 1697 833 Ad
1720 765 1874 835 eundem
1887 765 2035 835 modum
2052 773 2087 832 et
2102 757 2192 829 alibi

146 888 340 960 personare
363 886 465 934 aures
487 885 572 933 voce
592 860 778 952 Gregorii,
809 863 956 958 eiusque
983 867 1142 937 testimo-
1193 882 1296 953 saepe
1312 861 1481 953 praecipit
1497 863 1682 955 scriptura.
1734 864 1855 956 Quare
1879 887 1992 957 genus
2005 861 2191 936 doctrinae

147 971 250 1040 nium
276 967 424 1060 opponit
440 964 636 1037 Sabellicus
659 965 952 1056 perturbantibus
967 964 1143 1038 Ecclesiae
1193 963 1384 1053 diligenter
1403 964 1702 1037 considerandum
1725 983 1797 1054 est,
1823 971 2018 1043 videndum
2039 991 2082 1037 ex
2105 963 2191 1058 qui·

148 1069 509 1151 Neocaesaricnsium.
561 1065 806 1162 Hieronymus
827 1070 965 1140 audivit
982 1065 1141 1162 Epipha·
1195 1067 1261 1135 bus
1283 1064 1443 1137 lontibus
1475 1060 1642 1140 haustum
1667 1070 1730 1158 sit;
1764 1095 1936 1163 magnum
1964 1070 2077 1161 igitur
2097 1087 2191 1139 onus

147 1177 250 1246 nium
266 1170 591 1255 etNazianzenum,
617 1170 744 1240 omitto
761 1170 849 1241 alios
865 1172 1008 1246 multos.
1042 1172 1141 1243 Tan.
1193 1166 1369 1239 sustinent
1393 1170 1559 1241 doctores
1580 1172 1619 1241 in
1633 1167 1787 1250 Schulis.
1837 1174 2023 1246 Hocscire
2034 1180 2189 1265 oporlels

146 1290 223 1354 tum
239 1290 356 1347 autem
371 1269 437 1343 hus
457 1271 751 1359 commemoravi,
775 1286 817 1344 ut
832 1274 986 1365 cogitent
1001 1275 1142 1346 audito.
1193 1271 1359 1363 aquibus
1380 1273 1566 1344 autoribus
1588 1278 1787 1366 acceperint
1800 1278 2020 1363 doctrinam,
2047 1289 2084 1347 et
2104 1270 2190 1345 reti·

146 1401 223 1465 res,
248 1377 428 1467 singulare
441 1374 507 1446 Dei
527 1375 739 1446 beneficium
754 1399 845 1462 esse,
870 1376 994 1448 andire
1010 1378 1142 1449 doctri-
1193 1396 1278 1442 nera
1293 1372 1504 1465 puritatem,
1529 1400 1571 1447 ac
1587 1401 1709 1448 cavere
1728 1403 1774 1449 ne
1794 1381 2057 1451 admisceantur
2073 1396 2190 1449 navas

145 1504 229 1554 mm
242 1476 445 1570 Evangelii,
469 1502 490 1549 o
512 1479 644 1549 solibus
662 1479 888 1565 doctoribus,
913 1504 1066 1573 quornm
1087 1504 1142 1550 se.
1194 1487 1228 1545 et
1241 1499 1369 1568 pravae
1385 1475 1584 1569 opiniones.
1637 1478 1740 1552 Sicut
1758 1482 1797 1551 in
1817 1479 1974 1555 Ecclesia
1988 1472 2187 1554 Antioche-

145 1585 208 1680 qui
224 1583 357 1654 iudicia
374 1593 448 1652 tute
464 1581 650 1673 possimus.
701 1578 887 1652 Pertinent
903 1581 1012 1672 igitur
1027 1578 1143 1655 Scho-
1194 1601 1252 1662 na,
1271 1602 1352 1649 cum
1368 1577 1501 1650 Paulus
1511 1577 1761 1655 Samosatenus
1776 1607 1880 1656 suum
1894 1609 2075 1657 venenum
2090 1603 2187 1671 spar-

145 1688 201 1759 lae
225 1687 270 1756 ad
293 1683 530 1754 ministerium
551 1679 740 1773 Evangelii
763 1682 801 1752 in
823 1680 1012 1771 Ecclesiia,
1037 1697 1072 1756 et
1093 1687 1141 1756 ob
1193 1702 1274 1770 gere
1303 1678 1493 1772 coepisset,
1534 1682 1737 1777 intelligens
1768 1684 1973 1773 Malchion,
2017 1684 2084 1781 qni
2114 1694 2186 1759 snt

146 1812 223 1861 eam
254 1811 396 1858 causam
428 1787 612 1857 doctrinae
641 1784 844 1857 testimonia
872 1787 977 1858 bonis
1010 1801 1045 1859 et
1075 1791 1141 1858 do-
1194 1806 1287 1853 unus
1303 1807 1343 1853 ex
1358 1778 1582 1871 doctoribus,
1607 1809 1742 1857 novum
1766 1792 1811 1860 ab
1833 1815 1875 1860 eo
1890 1790 2019 1881 dogma
2041 1787 2130 1870 seris
2153 1797 2185 1855 0¹

146 1893 213 1962 ctis
234 1891 321 1961 viris
349 1890 576 1969 tribuuntur,
609 1903 650 1961 ut
677 1902 813 1960 constet
835 1891 958 1981 quales
979 1891 1141 1962 doctores
1193 1885 1373 1975 corrumpi
1392 1899 1543 1956 veterem
1559 1888 1763 1979 puritatem,
1789 1891 1926 1984 primus
1943 1890 2125 1972 clamavit,
2154 1898 2184 1958 et

145 1993 344 2073 audierint,
373 2005 414 2063 ut
427 2006 521 2063 certa
542 1984 731 2062 autoritate
744 1992 908 2063 doctrina
922 1994 966 2062 ad
981 2007 1142 2085 posteros
1193 1985 1321 2057 vicinis
1335 1982 1532 2078 Episcopis,
1551 1984 1797 2064 Alexandrino
1811 2010 1846 2066 et
1857 1992 2182 2090 Hierosolymitano

145 2109 371 2190 propagetur.
431 2092 530 2164 Haec
555 2093 625 2166 luit
653 2094 693 2162 in
722 2089 881 2164 Ecclesia
905 2095 1140 2167 vetustissima
1191 2089 1403 2180 significavit
1419 2105 1593 2184 quantum
1613 2097 1886 2187 essetpericuli.
1937 2095 1991 2169 lu
2006 2088 2182 2167 Malchio-

103 2198 107 2204 '
147 2198 386 2282 consuetudo,
424 2210 546 2291 postea
574 2195 653 2268 sino
680 2196 894 2268 testimoniis
924 2198 1141 2283 docentium,
1191 2192 1249 2261 nis
1263 2191 1331 2261 fide
1348 2205 1382 2263 et
1396 2192 1580 2283 diligentia
1597 2197 1832 2285 confutatum,
1854 2212 1889 2270 et
1904 2200 2182 2291 extirpatumrst

144 2300 292 2374 admissi
321 2313 404 2370 sunt
433 2300 478 2370 ad
505 2299 756 2390 gubernandas
780 2294 956 2376 Ecclesias
976 2296 1141 2395 homines
1192 2292 1415 2365 Samosateni
1431 2294 1615 2370 delirium.
1668 2297 1789 2388 Quare
1811 2301 2051 2375 ministerium
2064 2296 2181 2373 Evan-

145 2401 342 2487 ineruditi,
368 2415 404 2472 et
419 2415 461 2473 ut
475 2398 720 2472 Nazianzenus
742 2400 810 2485 ait,
835 2402 954 2473 subito
975 2398 1058 2474 lacti
1073 2406 1141 2474 do-
1192 2395 1293 2486 celii,
1319 2409 1356 2468 el
1369 2392 1573 2480 indthollt,
1600 2413 1636 2471 et
1657 2400 1697 2470 in
1709 2399 1879 2476 Ecclesiia
1901 2404 1978 2497 pari
1999 2427 2089 2475 cura
2103 2399 2179 2474 rui·

144 2522 268 2591 ctores,
291 2505 383 2575 sicut
397 2505 436 2573 in
452 2504 583 2573 sabulis
597 2504 715 2574 subito
729 2502 803 2573 nati
819 2504 990 2577 dicuntur
1003 2503 1141 2596 Gigan-
1191 2500 1371 2583 nendum,
1396 2512 1430 2569 et
1445 2500 1709 2574 defendendum
1726 2519 1789 2579 est.
1839 2504 1897 2576 Pii
1911 2505 2102 2599 Principes
2114 2527 2181 2575 non

144 2625 208 2682 tes.
248 2605 357 2690 ‚Hinc
389 2619 469 2678 orta
503 2620 556 2677 est
585 2628 713 2697 magna
747 2607 931 2677 doctrinae
965 2608 1138 2682 conlusio.
1191 2601 1308 2672 solum
1334 2595 1708 2685 scholasosnstituere
1731 2608 1881 2690 debent,
1908 2611 1969 2680 ted
1992 2609 2104 2681 etiam
2123 2607 2183 2679 eli·
2227 2602 2229 2629 ⁵

142 2710 337 2806 Postquam
359 2708 469 2800 igitur
490 2709 587 2781 Deus
610 2733 674 2779 sua
697 2707 869 2779 immensa
885 2710 1139 2791 misericordia,
1191 2726 1272 2794 gere
1293 2725 1404 2794 genus
1426 2705 1626 2793 doctrinae,
1656 2731 1722 2779 ceu
1744 2711 1975 2783 seminarium
2004 2724 2182 2803 acceptum

143 2816 250 2887 nobis
264 2812 423 2884 restituit
435 2809 623 2901 Evangelii
641 2811 775 2896 lucem,
800 2834 945 2901 agamus
959 2810 1037 2884 Deo
1059 2836 1142 2904 gra-
1191 2819 1284 2877 certa
1308 2819 1343 2877 et
1367 2805 1469 2877 firma
1492 2810 1699 2896 autoritate,
1724 2826 1758 2883 et
1771 2836 1894 2884 curare
1911 2839 1957 2884 ne
1971 2814 2068 2885 illud
2082 2812 2182 2885 semi-

143 2919 230 3004 tias,
255 2931 289 2990 et
303 2915 341 2985 id
364 2914 595 2998 beneficium,
621 2936 761 2984 summo
778 2914 898 2984 studio
916 2914 955 2983 in
970 2911 1141 2985 Ecclesiia
1191 2909 1332 2979 narium
1346 2926 1606 3001 corrumpatur.
1652 2910 1750 2985 Haec
1765 2914 1805 2985 in
1819 2911 1952 2987 scholis
1963 2941 2053 2988 curs
2066 2938 2181 2987 necas·

143 3033 178 3092 et
196 3014 327 3090 scholis
343 3040 609 3101 conservemus,
634 3029 670 3086 et
691 3038 873 3097 curemus,
898 3031 939 3087 ut
961 3011 999 3086 hi
1016 3017 1079 3111 qui
1093 3020 1138 3088 ad
1189 3011 1281 3081 saria
1303 3024 1374 3091 est,
1398 3023 1438 3082 ut
1465 3014 1650 3103 posteritas
1674 3016 1779 3099 sciat,
1805 3018 1906 3090 cuius
1928 3032 2037 3091 notae
2055 3016 2204 3095 doctri·¹

142 3121 342 3194 ministeria
373 3118 606 3190 ecclesiastica
638 3116 808 3189 accessuri
840 3132 942 3204 sunt,
966 3195 968 3199 Α
989 3120 1141 3189 fideliter
1190 3137 1273 3183 nam
1290 3113 1474 3205 acceperit.
1524 3114 1626 3188 Hanc
1647 3117 1687 3187 in
1703 3118 1929 3213 Principibus
1949 3135 1984 3192 et
2005 3123 2048 3192 in
2066 3118 2174 3194 Eccle-

143 3225 397 3308 instituantur,
423 3245 488 3293 nec
507 3220 726 3313 recipiantur
739 3221 798 3291 vel
814 3220 968 3307 indocti,
989 3223 1046 3293 vel
1071 3218 1140 3295 αὐ-
1190 3215 1242 3286 sia
1266 3215 1488 3307 diligentiam
1512 3220 1661 3315 requirit
1681 3218 1798 3308 Deus,
1824 3226 1869 3293 ad
1891 3219 1979 3294 baec
2001 3221 2181 3317 praecipit,

143 3321 371 3401 τοδίὸακτοι.
423 3322 597 3394 Videmus
618 3323 714 3394 enim
741 3335 863 3394 nostra
879 3337 991 3396 aetate
1008 3326 1139 3397 fanati—
1189 3332 1231 3389 ut
1249 3342 1373 3388 omnes
1406 3343 1473 3411 pro
1495 3343 1557 3392 sua
1580 3324 1766 3395 vocatione
1789 3339 1919 3397 ornent
1950 3339 1986 3396 et
2015 3327 2183 3399 adiuvent
2227 3396 2229 3421 Ι

144 3452 202 3500 cas
218 3428 406 3522 opiniones
414 3425 742 3518 Anabaptistarum,
759 3439 897 3498 tantum
913 3428 959 3497 ab
975 3427 1140 3514 indoctis,
1191 3416 1259 3491 hoc
1279 3421 1530 3496 ministerium.
1585 3421 1937 3518 Acpraecipuevos,
1961 3428 2092 3523 quiin
2113 3441 2182 3500 stu-

81 3590 91 3597 .
144 3547 207 3604 snt
240 3521 525 3609 αὖτοδιδάκτοις
550 3542 646 3599 ortas
671 3551 756 3602 esse.
818 3527 1003 3618 Quantum
1030 3530 1140 3620 igitur
1191 3523 1261 3593 diis
1279 3523 1490 3605 versamini,
1517 3526 1667 3616 cogitate
1689 3551 1755 3599 nos
1784 3553 1858 3600 non
1886 3545 2024 3602 tantum
2050 3531 2183 3625 privata

144 3658 211 3704 nos
235 3634 403 3705 debemus
428 3629 522 3713 Deo,
557 3629 620 3723 qui
642 3630 748 3700 nobis
771 3632 1071 3721 gubernatorum,
1105 3646 1140 3704 et
1191 3624 1376 3696 vocatione
1391 3638 1589 3696 vestrorum
1603 3631 1842 3720 superiorum,
1865 3635 1924 3703 sed
1942 3633 2088 3726 publica
2105 3630 2183 3704 nni-

100 3784 103 3788 >
144 3739 326 3807 doctorem
343 3734 430 3817 lide,
457 3745 491 3803 et
507 3746 602 3803 recto
625 3732 759 3803 iudicio
781 3747 1015 3826 praestantem
1029 3734 1139 3816 dedit,
1191 3750 1312 3796 versae
1327 3723 1504 3798 Ecclesiae
1527 3729 1712 3802 vocatione
1731 3733 1921 3806 collocatos
1945 3758 2021 3806 esse
2040 3736 2082 3806 iu
2095 3728 2183 3806 banc

145 3837 246 3910 carius
271 3836 435 3908 doctrina
456 3836 627 3904 adversus
650 3833 732 3904 illas
754 3835 926 3907 fanaticas
953 3835 1140 3927 opiniones
1190 3829 1389 3915 stationem,
1404 3842 1444 3900 ut
1458 3831 1645 3922 praecipue
1657 3834 1856 3906 doctrinam
1869 3833 2058 3929 Evangelii
2071 3838 2183 3910 disca·

145 3939 362 4034 praemuniti
384 3920 537 4022 issimus,
569 3961 723 4031 quornm
744 3952 883 4009 autores
907 3961 1010 4029 saepe
1026 3951 1137 4011 tants-
1191 3932 1255 4016 tis,
1287 3945 1323 4002 et
1340 3946 1381 4003 ut
1404 3932 1551 4024 plurimi
1573 3956 1611 4004 se
1629 3938 1675 4006 ad
1695 3937 1933 4011 ministerium
1962 3952 2182 4033 praeparent.

146 4055 233 4114 runt
253 4038 429 4112 Ecclesias
453 4052 608 4125 nostras,
638 4041 701 4109 sed
723 4064 803 4111 cum
825 4041 865 4110 in
879 4036 1050 4111 Ecclesiia
1072 4066 1135 4112 no-
1191 4031 1272 4123 Qua
1288 4033 1326 4102 in
1341 4058 1381 4104 re
1394 4057 1458 4103 vot
1471 4037 1698 4124 gravissimae
1718 4041 2010 4113 comminationes
2038 4056 2074 4116 et
2103 4066 2183 4136 pro-

147 4144 437 4235 strispraeessent
451 4141 605 4213 instituti
619 4141 657 4211 in
667 4136 733 4213 hac
744 4138 879 4228 schola,
902 4156 937 4213 et
948 4143 1010 4238 qui
1022 4144 1140 4213 libeu-
1192 4135 1377 4206 missiones
1401 4136 1545 4208 divinae
1564 4155 1746 4227 moveant,
1771 4137 1935 4216 Christus
1947 4145 2087 4240 inquit:
2111 4142 2184 4237 Qm

146 4260 201 4318 tec
214 4259 411 4336 agnoscunt
424 4267 460 4313 se
474 4268 549 4315 non
565 4267 638 4315 esse
659 4237 972 4331 αὐτοδιδάκτους,
997 4246 1058 4316 sed
1075 4271 1139 4316 au·
1190 4238 1318 4330 recipit
1338 4233 1554 4329 Prophssltm
1581 4241 1620 4311 3¹1
1642 4244 1789 4316 nomine
1809 4242 2027 4339 prophelae,
2051 4270 2184 4320 mm·

146 4349 291 4433 ditores,
315 4347 420 4441 periti
436 4349 688 4438 gubernatores
701 4348 894 4438 prudenter
905 4347 1140 4421 instituerunt
1191 4342 1271 4410 dem
1288 4336 1487 4433 prophelae
1504 4343 1663 4436 accipiet,
1690 4360 1742 4418 elz
1768 4346 1808 4420 si
1823 4349 1904 4442 quis
1920 4350 2062 4421 dederit
2078 4349 2185 4423 alicui

147 4473 228 4524 suas
242 4446 437 4535 Ecclesias,
459 4472 588 4543 easque
604 4449 727 4519 divina
740 4474 807 4542 ope
825 4451 958 4535 adiuti,
983 4452 1045 4548 qui
1059 4452 1139 4543 piae
1191 4467 1232 4513 ex
1253 4443 1411 4513 minimis
1434 4443 1512 4514 istis
1529 4459 1653 4537 potum
1674 4473 1807 4543 aquae,
1830 4464 1968 4522 tantum
1982 4452 2024 4521 in
2040 4455 2185 4524 nomine

147 4554 460 4632 doctrinaefavet,
486 4551 525 4620 in
540 4549 659 4620 allicio
676 4552 912 4626 retinuerunt.
952 4550 1138 4626 Pertinent
1191 4546 1377 4639 discipuli,
1407 4541 1527 4617 Amen
1548 4548 1628 4620 dico
1650 4551 1768 4637 vobis,
1801 4575 1876 4622 non
1902 4556 2028 4646 perdet
2052 4578 2185 4626 merce·

146 4656 256 4746 igitur
278 4650 429 4726 Scholae
451 4654 496 4723 ad
522 4653 759 4725 ministerium
781 4650 988 4747 Evangelii,
1021 4670 1057 4728 et
1081 4657 1138 4726 vel
1190 4651 1272 4718 dem
1295 4672 1406 4724 tuam·
1458 4645 1580 4737 Quare
1604 4646 1660 4735 hi,
1687 4654 1750 4748 qui
1772 4655 1999 4728 benefaciunt
2012 4656 2187 4732 ministris

143 4757 334 4851 praecipua
350 4780 430 4849 pars
445 4769 529 4827 snm
543 4758 640 4826 illius
654 4757 867 4828 sanctissimi
880 4759 1055 4845 muneris;
1074 4782 1140 4828 ne-
1189 4745 1452 4838 Ecclcsiarum,
1477 4774 1497 4819 a
1510 4747 1655 4825 Christo
1672 4757 1839 4839 vicissim,
1863 4773 2050 4852 expectent
2063 4762 2187 4832 deien-

146 4869 240 4931 cesse
254 4873 305 4929 est
319 4859 416 4928 enim
430 4858 531 4950 prius
547 4860 631 4948 diu,
657 4872 691 4928 et
705 4859 895 4950 diligenter
910 4861 1050 4932 institui
1066 4885 1138 4947 eos,
1189 4853 1327 4924 ⁸3⁰nem
1354 4869 1388 4925 et
1411 4852 1525 4924 mulla
1539 4855 1608 4926 alia
1626 4857 1805 4929 beneficia.
1856 4857 1999 4949 Quanta
2016 4862 2186 4935 immani·

145 4961 279 5056 quibus
302 4960 512 5049 gubernatio
535 4957 775 5032 Ecclesiarum
796 4964 1052 5034 committenda
1074 4978 1137 5036 est.
1190 4969 1262 5027 tale
1275 4956 1351 5026 odii
1366 4952 1574 5042 Pontifices,
1613 4973 1647 5030 et
1668 4962 1773 5033 multi
1787 4960 1902 5053 Reges
1927 4988 1966 5035 ac
1987 4961 2187 5058 Principes,

145 5054 286 5135 Deinde
306 5063 435 5151 gradus
455 5076 508 5133 cst
528 5062 788 5151 tessimonium,
814 5080 855 5138 us
867 5080 1004 5138 constes
1019 5089 1039 5137 a
1057 5067 1141 5161 qui.
1190 5061 1360 5128 adversus
1375 5053 1611 5146 Evangelium
1628 5065 1839 5147 exarserint,
1865 5066 2004 5159 quoties
2020 5067 2094 5138 iam
2110 5066 2187 5138 bel·

144 5166 213 5236 bus
226 5163 433 5236 doctoribus
448 5167 644 5259 acceperint
658 5168 867 5239 doctrinam.
900 5166 980 5238 Hoc
992 5166 1139 5262 utApo-
1190 5163 1265 5232 lum
1288 5159 1539 5231 denunciarint
1559 5165 1690 5234 nostris
1711 5164 1956 5258 Principibus,
1982 5193 2074 5262 quos
2089 5166 2187 5242 Deus

145 5265 319 5339 stolorum
348 5279 526 5358 tempore,
565 5270 614 5340 ita
647 5294 744 5340 nunc
769 5294 913 5365 quoque
942 5270 1138 5363 plurimum
1190 5262 1348 5349 vocavit,
1369 5275 1411 5333 ut
1431 5274 1561 5333 tectum
1585 5266 1731 5359 aliquod
1755 5270 1945 5360 praebeant
1967 5269 2039 5365 piis
2060 5273 2187 5344 docto-

145 5364 254 5439 habet
273 5367 456 5440 momenti.
506 5367 599 5441 Cum
622 5373 718 5442 enim
739 5395 888 5464 magnae
910 5372 984 5442 sint
1001 5373 1139 5443 dissen-
1190 5366 1310 5450 ribuS,
1335 5365 1486 5437 memini
1501 5366 1692 5438 obscurum
1710 5386 1771 5442 est.
1815 5367 2012 5443 interisset:
2028 5375 2184 5467 pericula

144 5470 276 5557 aiones,
301 5470 539 5559 deductrina,
563 5498 646 5549 cum
658 5497 788 5566 magna
802 5475 996 5546 certamina
1012 5476 1139 5547 extite-
1188 5480 1328 5539 tantum
1353 5463 1410 5539 his
1435 5494 1492 5540 me
1516 5470 1813 5559 promissionibus
1845 5487 2024 5562 sustento,
2054 5477 2185 5570 quibus
