4672 6016
142 295 215 369 011
557 280 717 361 DECL.
768 274 843 357 DE
874 273 1340 357 CONIUNCTIONE
1372 274 1757 359 SCHOLARUM.
2102 288 2175 365 ult

144 490 209 559 pro
225 487 345 556 graeca
361 484 447 532 voce
463 453 658 553 συνέδριον
671 468 900 547 usurparunt.
951 452 1022 527 Sed
1044 477 1133 548 qua·
1182 453 1344 524 aularum
1365 451 1535 542 negotiis,
1567 476 1699 525 munus
1724 455 1877 525 docendi
1898 454 1941 525 in
1965 458 2180 561 monasteria

144 570 329 659 liseunque
352 577 492 634 senatus
513 562 572 629 ille
595 560 682 644 init,
707 553 903 649 Prophetas
915 570 1051 627 constat
1068 552 1133 626 ha-
1185 556 1396 626 translatum
1419 568 1481 625 est.
1538 552 1635 625 Haec
1655 581 1737 626 eum
1761 571 2003 629 onerarentur
2027 583 2181 631 ceremo-

144 671 262 741 bnisse
288 668 426 736 assidua
446 663 646 733 sudditorum
671 660 824 750 agmina.
875 657 982 730 Hunc
998 682 1134 729 morem
1183 656 1271 742 niis,
1301 648 1376 726 non
1398 669 1590 747 patuerunt
1613 658 1721 729 simul
1743 660 1895 731 docendi
1917 660 2090 731 laborem
2110 686 2183 733 mo·

146 796 251 866 quem
279 769 441 837 viderant
467 763 629 855 Apostoli
661 777 837 832 servatum
865 786 884 831 a
910 759 1066 852 Baptista
1099 774 1135 831 et
1183 759 1310 829 lestum
1328 772 1362 829 et
1377 759 1558 831 difficilem
1572 760 1759 835 sustinere.
1797 757 1955 835 Exortae
1972 762 2093 853 igitur
2107 778 2181 837 surr

147 868 340 951 aChrism,
373 869 595 937 retinuerunt
620 879 652 933 ct
674 864 760 955 ipsi,
788 862 957 933 loannem
978 862 1135 955 Aposto·
1183 857 1414 946 Academiae,
1447 861 1488 930 in
1510 861 1641 954 quibus
1660 863 1776 933 studia
1792 864 1983 935 literarum
2002 878 2182 959 utcunque

147 976 222 1044 lum
249 966 381 1061 Ephesi
407 969 619 1038 domesticos
652 968 848 1053 auditores,
884 966 1009 1059 quise
1043 978 1135 1035 totos
1184 963 1352 1047 excitata,
1384 962 1445 1032 sed
1475 963 1683 1055 disciplinae
1716 966 1858 1037 vincula
1883 967 2051 1037 nimium
2076 968 2182 1039 laxata

149 1076 327 1146 doctrinae
352 1071 580 1150 dediderant,
612 1062 777 1137 habuisse
793 1082 926 1137 certum
946 1081 1016 1151 est,
1041 1068 1136 1136 inter
1184 1077 1279 1134 sunt.
1328 1059 1383 1134 Ex
1398 1059 1463 1135 hac
1480 1060 1645 1137 historica
1664 1070 2011 1142 commemoratione
2031 1069 2182 1141 satisin

148 1198 236 1270 quos
259 1186 294 1243 ct
316 1172 532 1266 Polycarpus
552 1172 641 1253 iuit,
672 1170 734 1262 qui
766 1184 883 1261 postea
916 1169 954 1238 in
978 1167 1135 1239 Ecclesia
1184 1165 1297 1256 telligi
1319 1180 1451 1259 potest,
1483 1181 1517 1237 et
1536 1168 1645 1238 fuisse
1666 1192 1805 1261 semper
1828 1172 2027 1243 adiunctas
2054 1168 2180 1243 schola

147 1278 319 1369 Smyrnea
351 1275 490 1343 circiter
518 1270 775 1366 quinquaginta
794 1262 911 1341 'annos
937 1272 1135 1342 doctrinam
1184 1263 1370 1354 Ecclesiis,
1394 1282 1429 1339 et
1443 1269 1580 1340 amissis
1596 1270 1707 1341 literis
1726 1272 1839 1343 lucem
1857 1268 2062 1364 Evangelii
2075 1274 2179 1345 enu-

147 1376 325 1448 aloanne
348 1377 512 1446 traditam
542 1374 714 1444 foeliciter
738 1374 955 1469 propagavit.
1019 1371 1137 1443 Huius
1185 1370 1257 1461 gui.
1308 1367 1387 1441 Hoc
1405 1395 1486 1441 cum
1508 1372 1558 1442 ita
1584 1371 1647 1459 sit,
1676 1375 1832 1464 proiecto
1855 1376 2177 1467 sapientesguber·

147 1478 290 1549 auditor
312 1476 456 1547 Ireneus
482 1475 664 1545 doctrinae
690 1477 786 1543 rivos
811 1476 850 1543 iu
874 1473 1077 1544 Pannonias
1103 1487 1138 1544 et
1186 1486 1344 1558 natores,
1377 1485 1419 1543 ut
1445 1467 1639 1560 Ecclesiae,
1679 1475 1728 1546 ita
1756 1472 1972 1548 Academias
2007 1502 2098 1549 cura
2125 1500 2174 1549 sas

149 1578 478 1653 Galliamdeduxit.
530 1578 584 1647 Ac
606 1578 692 1645 tales
706 1577 813 1645 fuisse
831 1572 969 1647 scholas
984 1588 1138 1668 apparet,
1186 1574 1498 1665 complectidecet.
1548 1574 1733 1648 Summum
1757 1572 1993 1649 hauddubie
2011 1582 2174 1669 guberna·

104 1680 111 1693 ’
148 1682 354 1775 ubicunque
376 1677 553 1750 Ecclesiae
575 1678 830 1771 frequentiores
850 1680 1012 1758 suerunt,
1047 1680 1139 1749 cele-
1186 1676 1275 1747 toris
1294 1676 1535 1764 officiumest,
1566 1674 1634 1746 Dei
1651 1678 1819 1750 noticiam
1834 1681 1930 1751 inter
1945 1676 2173 1753 hominesu-

149 1784 370 1854 hratissimae
392 1805 476 1850 vero
505 1783 666 1863 suerunt,
700 1774 942 1865 Antiochena',
981 1776 1137 1851 Alexan·
1186 1778 1313 1852 tinere.
1371 1775 1466 1849 Huic
1493 1801 1620 1868 magno
1644 1781 1784 1851 muneri
1804 1795 1950 1853 nostrae
1968 1783 2172 1856 literaeser·

150 1885 256 1954 drina
276 1881 527 1961 Caesariensis,
562 1882 601 1950 in
623 1905 693 1974 qua
709 1880 883 1971 Origenes
902 1883 1040 1963 docuit,
1064 1880 1139 1977 By·
1188 1880 1301 1954 viunt.
1351 1877 1461 1951 Curet
1475 1879 1586 1970 igitur
1599 1882 1831 1970 gubernator,
1856 1898 1899 1955 ut
1915 1886 2085 1957 floreant
2097 1884 2173 1959 Aca·

151 1986 310 2070 aantina,
344 1984 382 2053 iu
411 2008 480 2078 qua
510 1981 681 2052 Basilium
711 1984 871 2055 docuisse
897 1982 1139 2054 Nazianzenus
1187 1981 1324 2051 demiae
1355 1982 1449 2052 veris
1481 1984 1719 2066 ornamentis,
1758 1985 1983 2075 ingeniosis,
2026 1988 2170 2067 eruditis.

151 2087 285 2159 scribit.
337 2083 410 2155 Nee
426 2086 522 2155 aliud
539 2085 646 2156 luisse
662 2084 763 2154 initio
778 2086 924 2176 collegia
938 2083 1139 2157 Canonieo·
1187 2085 1319 2153 virtute
1340 2097 1374 2154 et
1392 2084 1580 2176 prudentia
1604 2087 1772 2176 praeditis
1796 2089 2043 2175 doctoribus,
2075 2090 2168 2185 quid

150 2213 231 2260 rum
257 2201 392 2258 certum
416 2200 485 2271 est,
511 2210 617 2280 quam
643 2188 845 2258 docentium
871 2200 904 2258 et
927 2188 1138 2263 discentium
1187 2184 1388 2275 intelligant
1401 2186 1575 2258 rationem
1590 2188 1733 2258 dicendi
1747 2189 1892 2276 utilem,
1915 2204 1955 2262 et
1965 2190 2166 2263 fideliteral·

151 2304 280 2363 coetus.
331 2285 500 2360 Arbitror
523 2302 557 2359 et
579 2288 617 2356 iu
640 2288 713 2378 ipsa
732 2285 925 2360 Germania
943 2288 1140 2382 antenAtti-
1187 2287 1307 2357 ficium
1327 2286 1471 2364 saciant.
1529 2284 1606 2358 Hos
1628 2290 1798 2362 adiuvent
1819 2291 2017 2385 principes
2031 2290 2165 2365 inditi·

150 2393 222 2463 lam
243 2392 350 2463 fuisse
371 2391 553 2460 adiunctas
579 2384 717 2459 scholas
744 2386 911 2462 Ecclesiis
933 2393 1138 2465 mediocres.
1188 2390 1286 2481 plina
1307 2390 1450 2460 tuenda.
1508 2388 1599 2460 Nam
1629 2392 1706 2463 sine
1733 2393 1969 2485 superiorum
2005 2396 2160 2467 autad*

150 2492 241 2565 Nam
256 2491 400 2564 lreueus
417 2505 453 2562 et
467 2486 692 2582 Epiphanius
706 2491 815 2563 citant
830 2494 1030 2565 testimonia
1045 2491 1139 2564 Ger-
1188 2491 1376 2581 disciplina
1391 2491 1538 2563 retineri
1552 2516 1627 2562 non
1640 2507 1766 2585 potest
1815 2491 1969 2569 Dentur
1984 2496 2159 2569 eeisutts·

150 2595 371 2667 manicarum
392 2590 645 2663 Ecclesiarum:
680 2617 748 2686 qua
771 2618 811 2662 ex
828 2619 867 2664 re
881 2598 1044 2687 adparet,
1068 2596 1138 2666 cito
1187 2593 1283 2663 libus
1305 2594 1509 2664 doctoribus
1524 2597 1701 2667 mercedes
1720 2591 1903 2669 honestae.
1958 2597 2061 2670 Nam
2082 2596 2155 2669 υἱὲ

149 2710 381 2791 propagatum
404 2719 477 2764 esse
497 2691 729 2784 Evangelium
760 2696 799 2764 iu
822 2693 1070 2784 Germaniam,
1104 2709 1139 2766 et
1186 2694 1369 2786 opulentia
1385 2718 1430 2764 ne
1446 2697 1590 2789 quidem
1606 2700 1760 2789 optanda
1775 2712 1841 2769 est:
1868 2699 1963 2793 quia
1979 2718 2151 2793 curaop

151 2800 269 2893 aliqua
286 2797 593 2868 literarumstudia
609 2800 647 2863 in
663 2791 729 2864 hac
742 2798 887 2867 natione
901 2799 1019 2868 inisse.
1071 2798 1139 2869 Le-
1187 2811 1223 2867 et
1254 2796 1402 2887 impedit
1436 2798 1619 2867 literarum
1650 2800 1785 2885 studia,
1828 2813 1862 2872 et
1898 2801 1940 2870 in
1974 2798 2157 2875 ociosissfl

152 2897 539 2990 gimusetiamLucium
548 2894 780 2991 Cyrenaeum,
795 2895 896 2968 Pauli
912 2899 1137 2992 discipulum,
1186 2898 1321 2968 luxum.
1373 2896 1619 2968 Mediocritate
1635 2914 1752 2971 tamen
1768 2924 1857 2994 opus
1874 2917 1954 2973 est:
1983 2921 2022 2978 et
2034 2902 2157 2999 quiade·

150 3000 306 3094 primum
335 2999 495 3068 docuisse
521 2995 754 3088 Evangelium
788 3002 831 3069 ad
859 2999 1066 3074 Danubium
1100 3002 1138 3071 in
1187 3012 1300 3070 ctores
1327 3023 1450 3070 vacare
1483 2997 1567 3071 huic
1590 3024 1656 3072 suo
1678 3003 1818 3073 muneri
1847 3027 1929 3073 non
1963 3000 2153 3099 possutsfl'

151 3098 312 3192 Augusta
341 3099 532 3181 Tiberina,
571 3124 661 3194 quae
688 3125 783 3172 nunc
816 3118 867 3173 est
889 3101 1137 3194 Regensburg:
1187 3102 1319 3170 victum
1343 3100 1413 3172 sibi
1435 3115 1469 3172 et
1489 3102 1636 3173 familiis
1650 3104 1796 3175 aliunde
1811 3128 2003 3199 quaerere
2017 3118 2150 3197 rugiunt,

151 3227 263 3299 eaque
284 3203 323 3272 in
346 3203 424 3272 loca
441 3202 579 3272 venisse
598 3226 677 3271 eum
694 3228 772 3273 cum
786 3202 963 3277 Romanis
979 3207 1139 3276 exerciti·
1187 3217 1223 3274 et
1250 3201 1333 3296 quia
1356 3226 1530 3295 pauperes
1550 3204 1718 3297 discipuli
1746 3201 1984 3298 provehendi
2017 3223 2105 3293 sunt,
2123 3224 2156 3273 ιιι

150 3307 235 3391 hus,
267 3305 329 3399 qui
359 3299 508 3375 Rhetias
541 3306 728 3389 tenebant,
769 3321 1044 3378 cousentaneum
1077 3320 1138 3379 est.
1186 3304 1305 3375 desint
1323 3301 1491 3376 Ecclesiis
1512 3319 1679 3398 pastores.
1728 3306 1842 3378 Valde
1868 3311 1980 3381 enim
1996 3306 2154 3385 euantii

150 3404 274 3479 illuxit
307 3402 543 3495 Evangelium
576 3401 867 3495 Argentoratensi
901 3410 1056 3500 populo,
1104 3424 1139 3479 et
1187 3406 1249 3501 qui
1266 3420 1423 3496 pastores
1442 3432 1484 3476 er
1501 3408 1662 3500 quolibet
1683 3408 1782 3499 ligno
1798 3411 1937 3502 sculpi,
1968 3428 2009 3486 et
2023 3410 2154 3485 sinelite

149 3504 370 3600 Agrippinae
401 3504 592 3590 Coloniae,
637 3509 781 3579 doctore
814 3508 1001 3594 Materno,
1041 3508 1137 3580 Petri
1186 3509 1254 3593 ris,
1285 3508 1362 3578 sine
1390 3509 1494 3599 longa
1523 3509 1746 3582 institutione
1768 3512 1965 3601 religionis
1991 3515 2156 3588 doetdu

150 3610 336 3702 discipulo.
395 3603 632 3700 Trophimum
654 3606 791 3679 Arelati
811 3611 936 3696 tuisse,
962 3609 1139 3683 Eusebius
1186 3610 1304 3680 subito
1336 3610 1471 3703 percipi
1500 3634 1602 3702 posse
1627 3613 1818 3687 somniant.
1877 3613 2056 3689 Primum
2080 3630 2157 3709 ge-

150 3723 316 3782 testatur:
335 3706 508 3809 ¹Clemens
522 3707 700 3779 Metenses
714 3712 757 3780 ad
771 3705 903 3781 Christi
919 3714 1138 3803 agnitionem
1186 3711 1360 3782 sermonis
1391 3707 1588 3805 prophetici
1619 3727 1654 3784 et
1680 3714 1866 3808 apostolici
1896 3718 2158 3809 coguoscenh

150 3810 301 3884 vocavit.
358 3807 582 3882 Crescentem
610 3812 712 3887 aiunt
742 3811 878 3882 venisse
901 3811 1140 3905 Mogontiam,
1188 3826 1249 3884 est.
1298 3810 1494 3885 Discendae
1510 3829 1594 3886 sunt
1608 3815 1871 3908 igiturlinguae
1885 3833 2056 3908 veteres,
2073 3828 2159 3892 ctu

150 3910 332 3996 Marcum,
357 3910 461 3981 Pauli
484 3912 716 4004 discipulum,
747 3913 893 4009 antiqua
909 3930 1139 3988 monumenta
1186 3914 1278 3986 ratio
1300 3916 1507 3987 formandae
1527 3916 1701 3990 orationis
1718 3923 1973 4009 cognoscenda
1989 3937 2061 3996 est:
2082 3934 2159 4017 qu

150 4008 330 4085 Ecclesiae
339 4011 578 4083 Passavieusis
590 4016 633 4083 ad
645 4013 851 4087 Danubium
867 4030 1040 4089 testantur
1052 4042 1140 4089 con·
1186 4019 1320 4087 adrem
1335 4017 1440 4087 bonis
1458 4019 1664 4091 doctoribus
1684 4034 1843 4091 veterum
1860 4038 2159 4096 monumentor!

151 4115 330 4186 cionatum
343 4138 436 4197 esse,
460 4116 500 4183 in
517 4118 605 4185 urbe
619 4113 828 4202 Iuliobona,
853 4142 943 4213 quae
956 4122 1056 4191 sedes
1070 4121 1139 4192 suit
1187 4118 1356 4200 lectione,
1386 4120 1536 4190 literatis
1556 4121 1747 4204 exercitiis,
1778 4122 1940 4217 denique
1966 4128 2078 4197 etiam
2098 4138 2161 4195 tu·

149 4211 319 4310 Episcopi
341 4217 379 4286 in
401 4212 554 4307 Norico,
583 4231 665 4286 ante
690 4218 877 4310 collegium
901 4219 1137 4293 Passaviense.
1187 4242 1272 4309 pore
1288 4243 1378 4310 opus
1393 4233 1455 4292 est.
1506 4219 1632 4293 Postea
1647 4223 1761 4295 maior
1776 4225 1879 4295 labor
1892 4230 2075 4301 succedit.
2110 4220 2163 4297 ἢ

152 4316 225 4389 Τοι
241 4317 359 4409 magui
373 4331 406 4387 et
422 4318 596 4409 sapientes
618 4319 685 4387 viri
705 4344 785 4391 cnm
805 4322 842 4391 in
859 4320 1090 4395 Germaniam
1104 4339 1138 4394 et
1186 4322 1246 4391 bet
1262 4316 1418 4391 Ecclesia
1443 4345 1543 4392 suam
1560 4325 1738 4417 quandam
1759 4325 1980 4417 sapientiam
1996 4320 2164 4423 superb

152 4417 307 4490 Galliam
320 4419 503 4505 venerint,
530 4417 623 4490 haud
641 4421 749 4505 dubie
761 4424 986 4516 praecipuam
999 4426 1138 4497 studio·
1186 4445 1291 4492 mana
1314 4422 1444 4492 iudicia
1466 4424 1628 4514 positam.
1678 4423 1796 4498 Habet
1818 4422 1965 4499 hostem
1993 4428 2166 4503 dissolu

150 4545 229 4592 rum
246 4546 367 4593 curam
391 4516 613 4606 habuerunt,
646 4535 683 4591 ut
701 4524 745 4592 ad
768 4538 925 4614 posteros
941 4550 1005 4616 per
1019 4522 1138 4598 homi·
1186 4526 1247 4619 qui
1265 4524 1416 4595 obruere
1432 4525 1615 4598 veritatem
1626 4541 1791 4600 conatur:
1817 4544 1850 4601 et
1867 4530 1994 4603 merita
2009 4547 2094 4605 sunt
2105 4548 2166 4621 μ’

150 4646 213 4694 nes
239 4638 333 4695 recte
355 4624 553 4709 institutos,
584 4623 747 4694 etsolide
764 4628 887 4697 doctos
902 4623 1136 4718 Evangelium
1184 4649 1228 4696 va
1250 4624 1414 4717 ingenia,
1446 4650 1538 4721 quae
1564 4629 1620 4698 vel
1641 4629 1857 4721 petulantia,
1888 4632 1953 4703 vel
1979 4632 2168 4709 suffiunt

149 4740 410 4816 propagaretur.
460 4722 539 4796 Etsi
556 4739 671 4796 autem
687 4739 805 4817 postea
823 4731 1043 4819 temporibus
1054 4731 1138 4801 bar·
1184 4729 1241 4798 vel
1255 4724 1587 4825 patoretnss'qeveras
1599 4731 1789 4801 sententias
1803 4734 2069 4829 corrumpunt.
2094 4730 2168 4805 tre·

148 4825 277 4896 baricis
299 4852 380 4898 cum
407 4824 620 4917 vandalica,
646 4824 831 4913 Hunniea‚
857 4826 1026 4901 Francica
1042 4832 1136 4901 bella
1183 4843 1270 4901 runt
1290 4830 1401 4920 igitur
1413 4831 1581 4902 omnibns
1599 4832 1772 4904 aetatibus
1789 4834 1996 4907 acerrimae
2011 4838 2053 4909 in
2067 4830 2169 4909 tude

148 4948 292 5015 magnas
311 4929 490 5000 vastitates
505 4929 687 5016 iecissent,
717 4943 833 5000 vetera
849 4932 999 5018 collegia
1014 4957 1135 5004 eversa
1184 4931 1236 5001 sia
1258 4932 1513 5005 contentiones.
1573 4928 1679 5026 Opus
1702 4948 1755 5005 est
1767 4947 1888 5006 autem
1911 4936 1961 5006 ad
1981 4932 2169 5033 expli&

148 5040 247 5097 sunt:
293 5044 410 5101 tamen
444 5033 708 5126 qualescunque
738 5033 909 5127 reliquiae
936 5028 1135 5114 Ecclesiae,
1183 5055 1265 5101 nem
1279 5033 1599 5105 controversiarum
1615 5036 1868 5121 maximarum,
1893 5060 1977 5109 non
1998 5034 2169 5113 soluni-

148 5151 239 5221 quae
271 5146 495 5221 supererant,
533 5157 651 5203 carere
686 5132 798 5203 literis
826 5156 899 5204 non
934 5148 1135 5225 potuerunt.
1182 5133 1279 5223 genii
1297 5135 1507 5206 dexteritate
1532 5148 1566 5205 et
1586 5136 1757 5207 mediocri
1775 5135 1991 5225 cognitione
2005 5154 2167 5213 umor·

145 5224 287 5302 Rursus
310 5231 418 5322 igitur
432 5235 576 5325 collegia
593 5232 855 5305 Canonicorum
874 5248 908 5306 et
923 5238 1133 5309 monasteria
1182 5235 1379 5317 librorum,
1411 5236 1598 5307 sedetiam
1623 5237 1831 5329 disputandi
1854 5253 1956 5327 arte,
1984 5243 2167 5335 eopiaara·

147 5332 288 5403 condita
302 5345 405 5416 sunt,
426 5347 554 5406 etcum
570 5332 1134 5424 incollegiisCauonicorumstn·
1181 5336 1309 5421 tionis,
1334 5336 1466 5409 noticia
1483 5332 1674 5424 historiae,
1698 5340 1937 5434 ειιιίιιιιὶἰθίῑίι
1966 5356 2002 5414 el
2026 5356 2165 5413 *ΜΠ

146 5429 205 5501 dia
219 5434 498 5527 negligerentur,
524 5439 620 5530 quod
642 5452 757 5509 essent
779 5439 940 5532 occupati
957 5464 1080 5533 regum
1098 5455 1134 5512 et
1180 5438 1407 5509 iudiciorum.
1457 5434 1513 5510 Ac
1535 5453 1721 5513 tantasres
1742 5441 1806 5512 diu
1820 5443 2056 5539 multumque
2070 5440 2162 5533 agilt-
