<?xml version="1.0" encoding="UTF-8"?>
<!DOCTYPE html PUBLIC "-//W3C//DTD XHTML 1.0 Transitional//EN"
    "http://www.w3.org/TR/xhtml1/DTD/xhtml1-transitional.dtd">
<html xmlns="http://www.w3.org/1999/xhtml" xml:lang="en" lang="en">
 <head>
  <title>
</title>
<meta http-equiv="Content-Type" content="text/html;charset=utf-8" />
  <meta name='ocr-system' content='tesseract 3.04.00' />
  <meta name='ocr-capabilities' content='ocr_page ocr_carea ocr_par ocr_line ocrx_word'/>
</head>
<body>
  <div class='ocr_page' id='page_1' title='image "./philippimelanth00bretgoog_0059.png"; bbox 0 0 4664 6022; ppageno 0'>
   <div class='ocr_carea' id='block_1_1' title="bbox 249 304 2292 397">
    <p class='ocr_par' dir='ltr' id='par_1_1' title="bbox 249 304 2292 397">
     <span class='ocr_line' id='line_1_1' title="bbox 249 304 2292 397; baseline 0 -12"><span class='ocrx_word' id='word_1_1' title='bbox 249 316 302 397; x_wconf 75' lang='lat'>06</span> <span class='ocrx_word' id='word_1_2' title='bbox 836 304 1000 389; x_wconf 79' lang='lat' dir='ltr'>DECL.</span> <span class='ocrx_word' id='word_1_3' title='bbox 1030 304 1106 385; x_wconf 81' lang='lat' dir='ltr'>DE</span> <span class='ocrx_word' id='word_1_4' title='bbox 1138 304 1471 388; x_wconf 74' lang='lat' dir='ltr'>rutnuntco</span> <span class='ocrx_word' id='word_1_5' title='bbox 1503 304 1704 385; x_wconf 80' lang='lat' dir='ltr'><strong>ELECT.</strong></span> <span class='ocrx_word' id='word_1_6' title='bbox 2239 306 2292 386; x_wconf 70' lang='grc' dir='ltr'><strong><em>Μ</em></strong></span> 
     </span>
    </p>
   </div>
   <div class='ocr_carea' id='block_1_2' title="bbox 248 481 2292 1011">
    <p class='ocr_par' dir='ltr' id='par_1_2' title="bbox 248 481 2292 1011">
     <span class='ocr_line' id='line_1_2' title="bbox 250 481 2291 590; baseline -0.004 -25"><span class='ocrx_word' id='word_1_7' title='bbox 250 501 315 587; x_wconf 70' lang='lat' dir='ltr'>rit,</span> <span class='ocrx_word' id='word_1_8' title='bbox 341 510 377 569; x_wconf 86' lang='lat' dir='ltr'>et</span> <span class='ocrx_word' id='word_1_9' title='bbox 398 493 496 590; x_wconf 88' lang='lat' dir='ltr'>qnod</span> <span class='ocrx_word' id='word_1_10' title='bbox 513 489 552 561; x_wconf 94' lang='lat' dir='ltr'>in</span> <span class='ocrx_word' id='word_1_11' title='bbox 569 511 678 581; x_wconf 87' lang='lat' dir='ltr'>regno</span> <span class='ocrx_word' id='word_1_12' title='bbox 694 482 930 558; x_wconf 83' lang='lat' dir='ltr'>difficilimum</span> <span class='ocrx_word' id='word_1_13' title='bbox 947 496 1022 570; x_wconf 86' lang='lat' dir='ltr'>est,</span> <span class='ocrx_word' id='word_1_14' title='bbox 1044 481 1245 553; x_wconf 85' lang='lat' dir='ltr'>retinuerit.</span> <span class='ocrx_word' id='word_1_15' title='bbox 1296 496 1414 577; x_wconf 85' lang='lat' dir='ltr'>patre,</span> <span class='ocrx_word' id='word_1_16' title='bbox 1439 482 1655 556; x_wconf 90' lang='lat' dir='ltr'>alienissimo</span> <span class='ocrx_word' id='word_1_17' title='bbox 1677 497 1847 575; x_wconf 86' lang='lat' dir='ltr'>ternpore.</span> <span class='ocrx_word' id='word_1_18' title='bbox 1897 481 2060 560; x_wconf 77' lang='lat' dir='ltr'>coniecit</span> <span class='ocrx_word' id='word_1_19' title='bbox 2079 485 2203 559; x_wconf 87' lang='lat' dir='ltr'>oeulos</span> <span class='ocrx_word' id='word_1_20' title='bbox 2225 511 2291 581; x_wconf 88' lang='lat' dir='ltr'>pa·</span> 
     </span>
     <span class='ocr_line' id='line_1_3' title="bbox 252 584 2291 690; baseline -0.007 -14"><span class='ocrx_word' id='word_1_21' title='bbox 252 603 442 685; x_wconf 87' lang='lat' dir='ltr'>Praetereo</span> <span class='ocrx_word' id='word_1_22' title='bbox 479 616 569 690; x_wconf 90' lang='lat' dir='ltr'>quae</span> <span class='ocrx_word' id='word_1_23' title='bbox 607 592 648 660; x_wconf 93' lang='lat' dir='ltr'>in</span> <span class='ocrx_word' id='word_1_24' title='bbox 682 584 868 660; x_wconf 70' lang='lat' dir='ltr'>adeundis·</span> <span class='ocrx_word' id='word_1_25' title='bbox 890 585 1059 680; x_wconf 89' lang='lat' dir='ltr'>periculis</span> <span class='ocrx_word' id='word_1_26' title='bbox 1088 585 1244 656; x_wconf 79' lang='lat' dir='ltr'>conlatio</span> <span class='ocrx_word' id='word_1_27' title='bbox 1296 586 1364 658; x_wconf 89' lang='lat' dir='ltr'>tria</span> <span class='ocrx_word' id='word_1_28' title='bbox 1386 586 1426 656; x_wconf 92' lang='lat' dir='ltr'>in</span> <span class='ocrx_word' id='word_1_29' title='bbox 1446 586 1591 657; x_wconf 85' lang='lat' dir='ltr'>fratrem</span> <span class='ocrx_word' id='word_1_30' title='bbox 1613 600 1734 671; x_wconf 90' lang='lat' dir='ltr'>tuum,</span> <span class='ocrx_word' id='word_1_31' title='bbox 1758 586 1856 656; x_wconf 90' lang='lat' dir='ltr'>illius</span> <span class='ocrx_word' id='word_1_32' title='bbox 1879 610 1916 657; x_wconf 92' lang='lat' dir='ltr'>se</span> <span class='ocrx_word' id='word_1_33' title='bbox 1937 586 2019 657; x_wconf 87' lang='lat' dir='ltr'>fidei</span> <span class='ocrx_word' id='word_1_34' title='bbox 2043 600 2122 660; x_wconf 89' lang='lat' dir='ltr'>tuto</span> <span class='ocrx_word' id='word_1_35' title='bbox 2143 589 2291 686; x_wconf 86' lang='lat' dir='ltr'>quidem</span> 
     </span>
     <span class='ocr_line' id='line_1_4' title="bbox 248 684 2291 797; baseline -0.009 -17"><span class='ocrx_word' id='word_1_36' title='bbox 248 705 369 788; x_wconf 84' lang='lat' dir='ltr'>fuerit,</span> <span class='ocrx_word' id='word_1_37' title='bbox 394 721 484 797; x_wconf 87' lang='lat' dir='ltr'>quae</span> <span class='ocrx_word' id='word_1_38' title='bbox 498 692 694 768; x_wconf 86' lang='lat' dir='ltr'>constantia</span> <span class='ocrx_word' id='word_1_39' title='bbox 708 691 746 761; x_wconf 94' lang='lat' dir='ltr'>in</span> <span class='ocrx_word' id='word_1_40' title='bbox 760 689 980 784; x_wconf 80' lang='lat' dir='ltr'>perferendis</span> <span class='ocrx_word' id='word_1_41' title='bbox 993 688 1112 763; x_wconf 86' lang='lat' dir='ltr'>suerit.</span> <span class='ocrx_word' id='word_1_42' title='bbox 1161 684 1244 757; x_wconf 89' lang='lat' dir='ltr'>Nun</span> <span class='ocrx_word' id='word_1_43' title='bbox 1296 688 1469 761; x_wconf 90' lang='lat' dir='ltr'>committi</span> <span class='ocrx_word' id='word_1_44' title='bbox 1491 689 1617 774; x_wconf 88' lang='lat' dir='ltr'>sentit,</span> <span class='ocrx_word' id='word_1_45' title='bbox 1655 688 1811 781; x_wconf 89' lang='lat' dir='ltr'>sedipsc</span> <span class='ocrx_word' id='word_1_46' title='bbox 1836 689 1940 759; x_wconf 91' lang='lat' dir='ltr'>ctiam</span> <span class='ocrx_word' id='word_1_47' title='bbox 1965 702 2066 781; x_wconf 87' lang='lat' dir='ltr'>putat</span> <span class='ocrx_word' id='word_1_48' title='bbox 2087 691 2202 762; x_wconf 86' lang='lat' dir='ltr'>sesni</span> <span class='ocrx_word' id='word_1_49' title='bbox 2224 691 2291 762; x_wconf 81' lang='lat' dir='ltr'>eli·</span> 
     </span>
     <span class='ocr_line' id='line_1_5' title="bbox 252 790 2291 900; baseline -0.008 -18"><span class='ocrx_word' id='word_1_50' title='bbox 252 811 334 882; x_wconf 91' lang='lat' dir='ltr'>dico</span> <span class='ocrx_word' id='word_1_51' title='bbox 353 812 487 900; x_wconf 86' lang='lat' dir='ltr'>quanta</span> <span class='ocrx_word' id='word_1_52' title='bbox 507 797 661 870; x_wconf 87' lang='lat' dir='ltr'>suavitas</span> <span class='ocrx_word' id='word_1_53' title='bbox 681 794 721 862; x_wconf 94' lang='lat' dir='ltr'>in</span> <span class='ocrx_word' id='word_1_54' title='bbox 737 791 906 864; x_wconf 81' lang='lat' dir='ltr'>familiari</span> <span class='ocrx_word' id='word_1_55' title='bbox 921 813 1112 882; x_wconf 87' lang='lat' dir='ltr'>congressu</span> <span class='ocrx_word' id='word_1_56' title='bbox 1127 790 1245 876; x_wconf 84' lang='lat' dir='ltr'>luerit,</span> <span class='ocrx_word' id='word_1_57' title='bbox 1296 814 1402 884; x_wconf 89' lang='lat' dir='ltr'>quam</span> <span class='ocrx_word' id='word_1_58' title='bbox 1428 804 1563 884; x_wconf 89' lang='lat' dir='ltr'>partem</span> <span class='ocrx_word' id='word_1_59' title='bbox 1587 790 1801 883; x_wconf 71' lang='lat' dir='ltr'>perdidisse,</span> <span class='ocrx_word' id='word_1_60' title='bbox 1834 803 1869 860; x_wconf 89' lang='lat' dir='ltr'>te</span> <span class='ocrx_word' id='word_1_61' title='bbox 1894 793 2068 879; x_wconf 79' lang='lat' dir='ltr'>extincto,</span> <span class='ocrx_word' id='word_1_62' title='bbox 2100 792 2215 865; x_wconf 87' lang='lat' dir='ltr'>animi</span> <span class='ocrx_word' id='word_1_63' title='bbox 2237 793 2291 866; x_wconf 90' lang='lat' dir='ltr'>tui</span> 
     </span>
     <span class='ocr_line' id='line_1_6' title="bbox 252 892 2292 1011; baseline -0.007 -30"><span class='ocrx_word' id='word_1_64' title='bbox 252 923 387 1011; x_wconf 85' lang='lat' dir='ltr'>quanta</span> <span class='ocrx_word' id='word_1_65' title='bbox 409 905 448 973; x_wconf 95' lang='lat' dir='ltr'>in</span> <span class='ocrx_word' id='word_1_66' title='bbox 470 921 633 972; x_wconf 78' lang='lat' dir='ltr'>sermone</span> <span class='ocrx_word' id='word_1_67' title='bbox 657 896 859 981; x_wconf 90' lang='lat' dir='ltr'>urbanitas,</span> <span class='ocrx_word' id='word_1_68' title='bbox 884 908 1016 988; x_wconf 89' lang='lat' dir='ltr'>quanta</span> <span class='ocrx_word' id='word_1_69' title='bbox 1039 892 1174 983; x_wconf 85' lang='lat' dir='ltr'>ingenii</span> <span class='ocrx_word' id='word_1_70' title='bbox 1187 916 1244 961; x_wconf 88' lang='lat' dir='ltr'>ar·</span> <span class='ocrx_word' id='word_1_71' title='bbox 1296 893 1530 984; x_wconf 89' lang='lat' dir='ltr'>praesentiam</span> <span class='ocrx_word' id='word_1_72' title='bbox 1545 908 1580 964; x_wconf 89' lang='lat' dir='ltr'>et</span> <span class='ocrx_word' id='word_1_73' title='bbox 1594 893 1759 977; x_wconf 84' lang='lat' dir='ltr'>roburin</span> <span class='ocrx_word' id='word_1_74' title='bbox 1776 893 1909 983; x_wconf 86' lang='lat' dir='ltr'>asperis</span> <span class='ocrx_word' id='word_1_75' title='bbox 1922 895 2090 965; x_wconf 87' lang='lat' dir='ltr'>omnibns</span> <span class='ocrx_word' id='word_1_76' title='bbox 2103 897 2213 967; x_wconf 88' lang='lat' dir='ltr'>rebus</span> <span class='ocrx_word' id='word_1_77' title='bbox 2228 897 2292 967; x_wconf 82' lang='lat' dir='ltr'>de·</span> 
     </span>
    </p>
   </div>
   <div class='ocr_carea' id='block_1_3' title="bbox 250 994 1248 4354">
    <p class='ocr_par' dir='ltr' id='par_1_3' title="bbox 250 994 1248 4046">
     <span class='ocr_line' id='line_1_7' title="bbox 251 994 1245 1108; baseline -0.022 -24"><span class='ocrx_word' id='word_1_78' title='bbox 251 1013 349 1108; x_wconf 85' lang='lat' dir='ltr'>gutia</span> <span class='ocrx_word' id='word_1_79' title='bbox 372 1005 491 1079; x_wconf 84' lang='lat' dir='ltr'>luerit.</span> <span class='ocrx_word' id='word_1_80' title='bbox 541 997 624 1071; x_wconf 87' lang='lat' dir='ltr'>Non</span> <span class='ocrx_word' id='word_1_81' title='bbox 648 1020 886 1069; x_wconf 88' lang='lat' dir='ltr'>commemoro</span> <span class='ocrx_word' id='word_1_82' title='bbox 911 995 1094 1066; x_wconf 89' lang='lat' dir='ltr'>scientiam</span> <span class='ocrx_word' id='word_1_83' title='bbox 1116 994 1168 1063; x_wconf 90' lang='lat' dir='ltr'>rei</span> <span class='ocrx_word' id='word_1_84' title='bbox 1190 994 1245 1063; x_wconf 81' lang='lat' dir='ltr'>ia-</span> 
     </span>
     <span class='ocr_line' id='line_1_8' title="bbox 252 1096 1245 1198; baseline -0.024 -10"><span class='ocrx_word' id='word_1_85' title='bbox 252 1110 405 1188; x_wconf 84' lang='lat' dir='ltr'>milisris</span> <span class='ocrx_word' id='word_1_86' title='bbox 425 1104 694 1198; x_wconf 68' lang='lat' dir='ltr'>gubernandae,</span> <span class='ocrx_word' id='word_1_87' title='bbox 725 1123 815 1194; x_wconf 90' lang='lat' dir='ltr'>qnae</span> <span class='ocrx_word' id='word_1_88' title='bbox 836 1099 905 1170; x_wconf 84' lang='lat' dir='ltr'>luit</span> <span class='ocrx_word' id='word_1_89' title='bbox 925 1098 964 1166; x_wconf 91' lang='lat' dir='ltr'>in</span> <span class='ocrx_word' id='word_1_90' title='bbox 988 1097 1052 1166; x_wconf 91' lang='lat' dir='ltr'>illo</span> <span class='ocrx_word' id='word_1_91' title='bbox 1076 1096 1185 1180; x_wconf 89' lang='lat' dir='ltr'>mira,</span> <span class='ocrx_word' id='word_1_92' title='bbox 1210 1108 1245 1165; x_wconf 90' lang='lat' dir='ltr'>ct</span> 
     </span>
     <span class='ocr_line' id='line_1_9' title="bbox 254 1195 1245 1315; baseline -0.019 -29"><span class='ocrx_word' id='word_1_93' title='bbox 254 1242 323 1315; x_wconf 89' lang='lat' dir='ltr'>qua</span> <span class='ocrx_word' id='word_1_94' title='bbox 337 1232 453 1305; x_wconf 86' lang='lat' dir='ltr'>nuper</span> <span class='ocrx_word' id='word_1_95' title='bbox 463 1228 643 1279; x_wconf 92' lang='lat' dir='ltr'>annonam</span> <span class='ocrx_word' id='word_1_96' title='bbox 659 1202 958 1291; x_wconf 84' lang='lat' dir='ltr'>ingravescentem</span> <span class='ocrx_word' id='word_1_97' title='bbox 974 1199 1116 1269; x_wconf 82' lang='lat' dir='ltr'>laxavit.</span> <span class='ocrx_word' id='word_1_98' title='bbox 1147 1195 1245 1268; x_wconf 88' lang='lat' dir='ltr'>Haec</span> 
     </span>
     <span class='ocr_line' id='line_1_10' title="bbox 253 1301 1245 1398; baseline -0.025 -4"><span class='ocrx_word' id='word_1_99' title='bbox 253 1317 373 1394; x_wconf 89' lang='lat' dir='ltr'>omnia</span> <span class='ocrx_word' id='word_1_100' title='bbox 396 1310 517 1383; x_wconf 90' lang='lat' dir='ltr'>animo</span> <span class='ocrx_word' id='word_1_101' title='bbox 539 1305 730 1398; x_wconf 88' lang='lat' dir='ltr'>repetenda</span> <span class='ocrx_word' id='word_1_102' title='bbox 751 1318 836 1375; x_wconf 89' lang='lat' dir='ltr'>sunt</span> <span class='ocrx_word' id='word_1_103' title='bbox 855 1302 975 1388; x_wconf 89' lang='lat' dir='ltr'>vobis,</span> <span class='ocrx_word' id='word_1_104' title='bbox 1016 1314 1052 1371; x_wconf 90' lang='lat' dir='ltr'>et</span> <span class='ocrx_word' id='word_1_105' title='bbox 1074 1301 1245 1370; x_wconf 87' lang='lat' dir='ltr'>memoria</span> 
     </span>
     <span class='ocr_line' id='line_1_11' title="bbox 252 1402 1246 1496; baseline -0.027 0"><span class='ocrx_word' id='word_1_106' title='bbox 252 1419 413 1496; x_wconf 90' lang='lat' dir='ltr'>omnium</span> <span class='ocrx_word' id='word_1_107' title='bbox 434 1413 533 1484; x_wconf 88' lang='lat' dir='ltr'>illius</span> <span class='ocrx_word' id='word_1_108' title='bbox 553 1409 727 1480; x_wconf 91' lang='lat' dir='ltr'>virtutum</span> <span class='ocrx_word' id='word_1_109' title='bbox 750 1429 790 1477; x_wconf 91' lang='lat' dir='ltr'>ac</span> <span class='ocrx_word' id='word_1_110' title='bbox 810 1405 1019 1476; x_wconf 90' lang='lat' dir='ltr'>meritorum</span> <span class='ocrx_word' id='word_1_111' title='bbox 1034 1402 1246 1487; x_wconf 87' lang='lat' dir='ltr'>revocanda,</span> 
     </span>
     <span class='ocr_line' id='line_1_12' title="bbox 250 1503 1245 1614; baseline -0.027 -15"><span class='ocrx_word' id='word_1_112' title='bbox 250 1541 292 1599; x_wconf 91' lang='lat' dir='ltr'>ut</span> <span class='ocrx_word' id='word_1_113' title='bbox 307 1513 511 1614; x_wconf 84' lang='lat' dir='ltr'>expendatis</span> <span class='ocrx_word' id='word_1_114' title='bbox 523 1511 690 1604; x_wconf 90' lang='lat' dir='ltr'>primum,</span> <span class='ocrx_word' id='word_1_115' title='bbox 715 1521 883 1603; x_wconf 88' lang='lat' dir='ltr'>quantam</span> <span class='ocrx_word' id='word_1_116' title='bbox 891 1504 970 1578; x_wconf 89' lang='lat' dir='ltr'>Deo</span> <span class='ocrx_word' id='word_1_117' title='bbox 983 1528 1050 1598; x_wconf 89' lang='lat' dir='ltr'>pro</span> <span class='ocrx_word' id='word_1_118' title='bbox 1064 1504 1128 1574; x_wconf 91' lang='lat' dir='ltr'>tali</span> <span class='ocrx_word' id='word_1_119' title='bbox 1135 1503 1245 1574; x_wconf 92' lang='lat' dir='ltr'>Prin-</span> 
     </span>
     <span class='ocr_line' id='line_1_13' title="bbox 252 1606 1246 1718; baseline -0.021 -22"><span class='ocrx_word' id='word_1_120' title='bbox 252 1629 331 1718; x_wconf 84' lang='lat' dir='ltr'>cipe</span> <span class='ocrx_word' id='word_1_121' title='bbox 351 1616 499 1714; x_wconf 84' lang='lat' dir='ltr'>gratiam</span> <span class='ocrx_word' id='word_1_122' title='bbox 508 1665 520 1700; x_wconf 88' lang='lat'>‚</span> <span class='ocrx_word' id='word_1_123' title='bbox 545 1613 674 1685; x_wconf 89' lang='lat' dir='ltr'>deinde</span> <span class='ocrx_word' id='word_1_124' title='bbox 695 1624 864 1706; x_wconf 86' lang='lat' dir='ltr'>quantam</span> <span class='ocrx_word' id='word_1_125' title='bbox 878 1608 988 1701; x_wconf 92' lang='lat' dir='ltr'>ipsius</span> <span class='ocrx_word' id='word_1_126' title='bbox 1003 1606 1168 1676; x_wconf 88' lang='lat' dir='ltr'>manibus</span> <span class='ocrx_word' id='word_1_127' title='bbox 1183 1610 1246 1676; x_wconf 84' lang='lat' dir='ltr'>dc-</span> 
     </span>
     <span class='ocr_line' id='line_1_14' title="bbox 252 1708 1244 1808; baseline -0.023 -8"><span class='ocrx_word' id='word_1_128' title='bbox 252 1732 419 1808; x_wconf 90' lang='lat' dir='ltr'>beamus,</span> <span class='ocrx_word' id='word_1_129' title='bbox 443 1717 543 1792; x_wconf 84' lang='lat' dir='ltr'>nulla</span> <span class='ocrx_word' id='word_1_130' title='bbox 563 1728 657 1787; x_wconf 86' lang='lat' dir='ltr'>aetas</span> <span class='ocrx_word' id='word_1_131' title='bbox 678 1737 719 1784; x_wconf 86' lang='lat' dir='ltr'>ex</span> <span class='ocrx_word' id='word_1_132' title='bbox 742 1712 871 1782; x_wconf 80' lang='lat' dir='ltr'>animis</span> <span class='ocrx_word' id='word_1_133' title='bbox 893 1708 1024 1782; x_wconf 85' lang='lat' dir='ltr'>nostris</span> <span class='ocrx_word' id='word_1_134' title='bbox 1038 1709 1244 1780; x_wconf 82' lang='lat' dir='ltr'>memoriam</span> 
     </span>
     <span class='ocr_line' id='line_1_15' title="bbox 252 1809 1246 1906; baseline -0.024 -4"><span class='ocrx_word' id='word_1_135' title='bbox 252 1844 374 1906; x_wconf 66' lang='lat' dir='ltr'>tantm</span> <span class='ocrx_word' id='word_1_136' title='bbox 388 1819 529 1895; x_wconf 82' lang='lat' dir='ltr'>virtutis</span> <span class='ocrx_word' id='word_1_137' title='bbox 543 1842 583 1888; x_wconf 92' lang='lat' dir='ltr'>ac</span> <span class='ocrx_word' id='word_1_138' title='bbox 598 1815 852 1887; x_wconf 87' lang='lat' dir='ltr'>beneficiorum</span> <span class='ocrx_word' id='word_1_139' title='bbox 867 1813 987 1883; x_wconf 90' lang='lat' dir='ltr'>delere</span> <span class='ocrx_word' id='word_1_140' title='bbox 1001 1811 1116 1884; x_wconf 89' lang='lat' dir='ltr'>debet.</span> <span class='ocrx_word' id='word_1_141' title='bbox 1142 1809 1246 1880; x_wconf 85' lang='lat' dir='ltr'>Ami·</span> 
     </span>
     <span class='ocr_line' id='line_1_16' title="bbox 253 1911 1248 2010; baseline -0.021 -6"><span class='ocrx_word' id='word_1_142' title='bbox 253 1936 300 2007; x_wconf 87' lang='lat' dir='ltr'>sit</span> <span class='ocrx_word' id='word_1_143' title='bbox 321 1927 436 2008; x_wconf 88' lang='lat' dir='ltr'>enim,</span> <span class='ocrx_word' id='word_1_144' title='bbox 466 1921 615 1992; x_wconf 88' lang='lat' dir='ltr'>miseros</span> <span class='ocrx_word' id='word_1_145' title='bbox 635 1940 719 2003; x_wconf 86' lang='lat' dir='ltr'>noe,</span> <span class='ocrx_word' id='word_1_146' title='bbox 752 1916 865 2010; x_wconf 89' lang='lat' dir='ltr'>patria</span> <span class='ocrx_word' id='word_1_147' title='bbox 886 1939 959 1986; x_wconf 93' lang='lat' dir='ltr'>non</span> <span class='ocrx_word' id='word_1_148' title='bbox 982 1927 1120 1985; x_wconf 87' lang='lat' dir='ltr'>tanturn</span> <span class='ocrx_word' id='word_1_149' title='bbox 1141 1911 1248 1997; x_wconf 73' lang='lat' dir='ltr'>Prin·‚</span> 
     </span>
     <span class='ocr_line' id='line_1_17' title="bbox 254 2014 1244 2127; baseline -0.022 -21"><span class='ocrx_word' id='word_1_150' title='bbox 254 2036 371 2127; x_wconf 89' lang='lat' dir='ltr'>cipem</span> <span class='ocrx_word' id='word_1_151' title='bbox 386 2027 513 2101; x_wconf 91' lang='lat' dir='ltr'>utilem</span> <span class='ocrx_word' id='word_1_152' title='bbox 529 2047 569 2093; x_wconf 88' lang='lat' dir='ltr'>ac</span> <span class='ocrx_word' id='word_1_153' title='bbox 581 2023 792 2106; x_wconf 89' lang='lat' dir='ltr'>salutarem,</span> <span class='ocrx_word' id='word_1_154' title='bbox 818 2032 853 2089; x_wconf 94' lang='lat' dir='ltr'>et</span> <span class='ocrx_word' id='word_1_155' title='bbox 869 2019 1059 2089; x_wconf 74' lang='lat' dir='ltr'>diuturnae</span> <span class='ocrx_word' id='word_1_156' title='bbox 1074 2014 1169 2107; x_wconf 81' lang='lat' dir='ltr'>pacis</span> <span class='ocrx_word' id='word_1_157' title='bbox 1183 2040 1244 2084; x_wconf 90' lang='lat' dir='ltr'>cn-</span> 
     </span>
     <span class='ocr_line' id='line_1_18' title="bbox 255 2111 1246 2219; baseline -0.024 -9"><span class='ocrx_word' id='word_1_158' title='bbox 255 2111 413 2216; x_wconf 88' lang='lat' dir='ltr'>stodem,</span> <span class='ocrx_word' id='word_1_159' title='bbox 443 2128 504 2198; x_wconf 87' lang='lat' dir='ltr'>sed</span> <span class='ocrx_word' id='word_1_160' title='bbox 526 2138 662 2219; x_wconf 91' lang='lat' dir='ltr'>patrem</span> <span class='ocrx_word' id='word_1_161' title='bbox 683 2122 787 2192; x_wconf 83' lang='lat' dir='ltr'>etiarn</span> <span class='ocrx_word' id='word_1_162' title='bbox 814 2145 926 2214; x_wconf 87' lang='lat' dir='ltr'>aquo</span> <span class='ocrx_word' id='word_1_163' title='bbox 947 2119 1053 2190; x_wconf 90' lang='lat' dir='ltr'>honis</span> <span class='ocrx_word' id='word_1_164' title='bbox 1078 2118 1246 2188; x_wconf 88' lang='lat' dir='ltr'>omnibns</span> 
     </span>
     <span class='ocr_line' id='line_1_19' title="bbox 254 2217 1246 2313; baseline -0.022 -1"><span class='ocrx_word' id='word_1_165' title='bbox 254 2240 362 2313; x_wconf 89' lang='lat' dir='ltr'>rebus</span> <span class='ocrx_word' id='word_1_166' title='bbox 385 2241 552 2302; x_wconf 83' lang='lat' dir='ltr'>exornata</span> <span class='ocrx_word' id='word_1_167' title='bbox 572 2240 635 2299; x_wconf 91' lang='lat' dir='ltr'>est.</span> <span class='ocrx_word' id='word_1_168' title='bbox 686 2223 839 2296; x_wconf 88' lang='lat' dir='ltr'>Divinos</span> <span class='ocrx_word' id='word_1_169' title='bbox 858 2217 1015 2293; x_wconf 89' lang='lat' dir='ltr'>honores</span> <span class='ocrx_word' id='word_1_170' title='bbox 1036 2232 1246 2291; x_wconf 90' lang='lat' dir='ltr'>meruerunt</span> 
     </span>
     <span class='ocr_line' id='line_1_20' title="bbox 253 2321 1246 2427; baseline -0.022 -14"><span class='ocrx_word' id='word_1_171' title='bbox 253 2335 405 2421; x_wconf 91' lang='lat' dir='ltr'>alicubi,</span> <span class='ocrx_word' id='word_1_172' title='bbox 428 2331 492 2427; x_wconf 94' lang='lat' dir='ltr'>qni</span> <span class='ocrx_word' id='word_1_173' title='bbox 514 2329 689 2400; x_wconf 89' lang='lat' dir='ltr'>culturam</span> <span class='ocrx_word' id='word_1_174' title='bbox 711 2350 878 2417; x_wconf 88' lang='lat' dir='ltr'>agrorum</span> <span class='ocrx_word' id='word_1_175' title='bbox 902 2324 1152 2395; x_wconf 88' lang='lat' dir='ltr'>ostenderunt:</span> <span class='ocrx_word' id='word_1_176' title='bbox 1176 2321 1246 2392; x_wconf 88' lang='lat' dir='ltr'>Hic</span> 
     </span>
     <span class='ocr_line' id='line_1_21' title="bbox 254 2425 1246 2536; baseline -0.017 -24"><span class='ocrx_word' id='word_1_177' title='bbox 254 2460 421 2536; x_wconf 88' lang='lat' dir='ltr'>agrorum</span> <span class='ocrx_word' id='word_1_178' title='bbox 449 2434 645 2515; x_wconf 88' lang='lat' dir='ltr'>culturam,</span> <span class='ocrx_word' id='word_1_179' title='bbox 677 2427 923 2498; x_wconf 84' lang='lat' dir='ltr'>educationem</span> <span class='ocrx_word' id='word_1_180' title='bbox 954 2425 1108 2509; x_wconf 89' lang='lat' dir='ltr'>subolis,</span> <span class='ocrx_word' id='word_1_181' title='bbox 1140 2438 1246 2520; x_wconf 90' lang='lat' dir='ltr'>atque</span> 
     </span>
     <span class='ocr_line' id='line_1_22' title="bbox 254 2527 1246 2622; baseline -0.019 -5"><span class='ocrx_word' id='word_1_182' title='bbox 254 2540 538 2620; x_wconf 86' lang='lat' dir='ltr'>institutionem,</span> <span class='ocrx_word' id='word_1_183' title='bbox 570 2531 850 2622; x_wconf 80' lang='lat' dir='ltr'>negociationem</span> <span class='ocrx_word' id='word_1_184' title='bbox 879 2527 1161 2600; x_wconf 73' lang='lat' dir='ltr'>coruscantissimc</span> <span class='ocrx_word' id='word_1_185' title='bbox 1188 2544 1246 2598; x_wconf 92' lang='lat' dir='ltr'>tu·</span> 
     </span>
     <span class='ocr_line' id='line_1_23' title="bbox 255 2628 1246 2730; baseline -0.023 -10"><span class='ocrx_word' id='word_1_186' title='bbox 255 2655 440 2722; x_wconf 87' lang='lat' dir='ltr'>tatuscst,</span> <span class='ocrx_word' id='word_1_187' title='bbox 466 2659 550 2730; x_wconf 90' lang='lat' dir='ltr'>pace</span> <span class='ocrx_word' id='word_1_188' title='bbox 572 2660 635 2729; x_wconf 89' lang='lat' dir='ltr'>per</span> <span class='ocrx_word' id='word_1_189' title='bbox 658 2648 711 2707; x_wconf 90' lang='lat' dir='ltr'>tot</span> <span class='ocrx_word' id='word_1_190' title='bbox 735 2655 848 2702; x_wconf 89' lang='lat' dir='ltr'>annos</span> <span class='ocrx_word' id='word_1_191' title='bbox 869 2645 1086 2702; x_wconf 80' lang='lat' dir='ltr'>conservata.</span> <span class='ocrx_word' id='word_1_192' title='bbox 1143 2628 1246 2698; x_wconf 89' lang='lat' dir='ltr'>Ami-</span> 
     </span>
     <span class='ocr_line' id='line_1_24' title="bbox 257 2730 1244 2820; baseline -0.022 0"><span class='ocrx_word' id='word_1_193' title='bbox 257 2757 381 2820; x_wconf 89' lang='lat' dir='ltr'>serunt</span> <span class='ocrx_word' id='word_1_194' title='bbox 403 2756 438 2813; x_wconf 92' lang='lat' dir='ltr'>ct</span> <span class='ocrx_word' id='word_1_195' title='bbox 459 2737 577 2812; x_wconf 89' lang='lat' dir='ltr'>studia</span> <span class='ocrx_word' id='word_1_196' title='bbox 595 2750 717 2807; x_wconf 85' lang='lat' dir='ltr'>nostra</span> <span class='ocrx_word' id='word_1_197' title='bbox 732 2734 993 2818; x_wconf 85' lang='lat' dir='ltr'>Maecenatem,</span> <span class='ocrx_word' id='word_1_198' title='bbox 1018 2755 1123 2801; x_wconf 91' lang='lat' dir='ltr'>nemo</span> <span class='ocrx_word' id='word_1_199' title='bbox 1150 2730 1244 2799; x_wconf 88' lang='lat' dir='ltr'>enim</span> 
     </span>
     <span class='ocr_line' id='line_1_25' title="bbox 254 2832 1242 2936; baseline -0.019 -14"><span class='ocrx_word' id='word_1_200' title='bbox 254 2847 483 2936; x_wconf 87' lang='lat' dir='ltr'>Principum,</span> <span class='ocrx_word' id='word_1_201' title='bbox 509 2840 651 2929; x_wconf 90' lang='lat' dir='ltr'>ingenia</span> <span class='ocrx_word' id='word_1_202' title='bbox 670 2850 731 2907; x_wconf 87' lang='lat' dir='ltr'>aut</span> <span class='ocrx_word' id='word_1_203' title='bbox 747 2850 850 2906; x_wconf 87' lang='lat' dir='ltr'>norat</span> <span class='ocrx_word' id='word_1_204' title='bbox 863 2834 991 2904; x_wconf 87' lang='lat' dir='ltr'>melius</span> <span class='ocrx_word' id='word_1_205' title='bbox 1006 2847 1068 2905; x_wconf 92' lang='lat' dir='ltr'>aut</span> <span class='ocrx_word' id='word_1_206' title='bbox 1080 2832 1169 2902; x_wconf 94' lang='lat' dir='ltr'>aluit</span> <span class='ocrx_word' id='word_1_207' title='bbox 1183 2833 1242 2904; x_wconf 89' lang='lat' dir='ltr'>be·</span> 
     </span>
     <span class='ocr_line' id='line_1_26' title="bbox 254 2934 1247 3043; baseline -0.021 -19"><span class='ocrx_word' id='word_1_208' title='bbox 254 2949 411 3043; x_wconf 86' lang='lat' dir='ltr'>nignius.</span> <span class='ocrx_word' id='word_1_209' title='bbox 464 2939 595 3014; x_wconf 83' lang='lat' dir='ltr'>Amisit</span> <span class='ocrx_word' id='word_1_210' title='bbox 617 2940 783 3012; x_wconf 86' lang='lat' dir='ltr'>universa</span> <span class='ocrx_word' id='word_1_211' title='bbox 800 2934 993 3007; x_wconf 90' lang='lat' dir='ltr'>Germania</span> <span class='ocrx_word' id='word_1_212' title='bbox 1013 2935 1164 3007; x_wconf 89' lang='lat' dir='ltr'>Senatus</span> <span class='ocrx_word' id='word_1_213' title='bbox 1179 2935 1247 3004; x_wconf 91' lang='lat' dir='ltr'>im-</span> 
     </span>
     <span class='ocr_line' id='line_1_27' title="bbox 255 3035 1247 3149; baseline -0.022 -23"><span class='ocrx_word' id='word_1_214' title='bbox 255 3052 347 3149; x_wconf 88' lang='lat' dir='ltr'>perii</span> <span class='ocrx_word' id='word_1_215' title='bbox 361 3046 575 3136; x_wconf 87' lang='lat' dir='ltr'>Principem.</span> <span class='ocrx_word' id='word_1_216' title='bbox 629 3040 673 3113; x_wconf 89' lang='lat' dir='ltr'>ln</span> <span class='ocrx_word' id='word_1_217' title='bbox 696 3035 765 3110; x_wconf 91' lang='lat' dir='ltr'>hoc</span> <span class='ocrx_word' id='word_1_218' title='bbox 783 3039 981 3133; x_wconf 92' lang='lat' dir='ltr'>plurimum</span> <span class='ocrx_word' id='word_1_219' title='bbox 1002 3038 1107 3107; x_wconf 92' lang='lat' dir='ltr'>bonis</span> <span class='ocrx_word' id='word_1_220' title='bbox 1127 3039 1247 3107; x_wconf 90' lang='lat' dir='ltr'>omni·</span> 
     </span>
     <span class='ocr_line' id='line_1_28' title="bbox 254 3138 1246 3245; baseline -0.021 -16"><span class='ocrx_word' id='word_1_221' title='bbox 254 3160 323 3230; x_wconf 89' lang='lat' dir='ltr'>bus</span> <span class='ocrx_word' id='word_1_222' title='bbox 351 3147 517 3245; x_wconf 88' lang='lat' dir='ltr'>praesidii</span> <span class='ocrx_word' id='word_1_223' title='bbox 548 3159 640 3230; x_wconf 90' lang='lat' dir='ltr'>erat,</span> <span class='ocrx_word' id='word_1_224' title='bbox 670 3145 715 3213; x_wconf 91' lang='lat' dir='ltr'>ad</span> <span class='ocrx_word' id='word_1_225' title='bbox 743 3139 841 3212; x_wconf 91' lang='lat' dir='ltr'>hunc</span> <span class='ocrx_word' id='word_1_226' title='bbox 870 3141 1029 3234; x_wconf 87' lang='lat' dir='ltr'>proxime</span> <span class='ocrx_word' id='word_1_227' title='bbox 1057 3138 1096 3207; x_wconf 91' lang='lat' dir='ltr'>in</span> <span class='ocrx_word' id='word_1_228' title='bbox 1118 3162 1246 3228; x_wconf 91' lang='lat' dir='ltr'>magno</span> 
     </span>
     <span class='ocr_line' id='line_1_29' title="bbox 256 3244 1247 3331; baseline -0.021 -1"><span class='ocrx_word' id='word_1_229' title='bbox 256 3253 471 3331; x_wconf 85' lang='lat' dir='ltr'>Germaniae</span> <span class='ocrx_word' id='word_1_230' title='bbox 492 3245 696 3318; x_wconf 87' lang='lat' dir='ltr'>discrimine</span> <span class='ocrx_word' id='word_1_231' title='bbox 717 3244 918 3314; x_wconf 86' lang='lat' dir='ltr'>detulerant</span> <span class='ocrx_word' id='word_1_232' title='bbox 936 3265 1054 3311; x_wconf 87' lang='lat' dir='ltr'>rerum</span> <span class='ocrx_word' id='word_1_233' title='bbox 1072 3264 1247 3310; x_wconf 91' lang='lat' dir='ltr'>summam</span> 
     </span>
     <span class='ocr_line' id='line_1_30' title="bbox 254 3343 1246 3438; baseline -0.022 -5"><span class='ocrx_word' id='word_1_234' title='bbox 254 3379 378 3435; x_wconf 91' lang='lat' dir='ltr'>omnes</span> <span class='ocrx_word' id='word_1_235' title='bbox 407 3351 570 3437; x_wconf 86' lang='lat' dir='ltr'>ordines,</span> <span class='ocrx_word' id='word_1_236' title='bbox 603 3345 710 3420; x_wconf 88' lang='lat' dir='ltr'>huius</span> <span class='ocrx_word' id='word_1_237' title='bbox 733 3346 943 3438; x_wconf 90' lang='lat' dir='ltr'>sapientiam</span> <span class='ocrx_word' id='word_1_238' title='bbox 966 3357 1001 3414; x_wconf 92' lang='lat' dir='ltr'>et</span> <span class='ocrx_word' id='word_1_239' title='bbox 1024 3343 1246 3413; x_wconf 89' lang='lat' dir='ltr'>autoritatem</span> 
     </span>
     <span class='ocr_line' id='line_1_31' title="bbox 254 3439 1246 3546; baseline -0.024 -11"><span class='ocrx_word' id='word_1_240' title='bbox 254 3452 460 3535; x_wconf 87' lang='lat' dir='ltr'>iudicabant</span> <span class='ocrx_word' id='word_1_241' title='bbox 473 3477 592 3546; x_wconf 89' lang='lat' dir='ltr'>parem</span> <span class='ocrx_word' id='word_1_242' title='bbox 609 3474 683 3521; x_wconf 88' lang='lat' dir='ltr'>esse</span> <span class='ocrx_word' id='word_1_243' title='bbox 697 3450 852 3540; x_wconf 90' lang='lat' dir='ltr'>gerendo</span> <span class='ocrx_word' id='word_1_244' title='bbox 868 3446 1032 3537; x_wconf 85' lang='lat' dir='ltr'>imperio,</span> <span class='ocrx_word' id='word_1_245' title='bbox 1056 3439 1152 3513; x_wconf 85' lang='lat' dir='ltr'>htrnc</span> <span class='ocrx_word' id='word_1_246' title='bbox 1167 3459 1246 3513; x_wconf 91' lang='lat' dir='ltr'>tan-</span> 
     </span>
     <span class='ocr_line' id='line_1_32' title="bbox 255 3548 1247 3660; baseline -0.019 -26"><span class='ocrx_word' id='word_1_247' title='bbox 255 3587 363 3660; x_wconf 88' lang='lat' dir='ltr'>quam</span> <span class='ocrx_word' id='word_1_248' title='bbox 390 3556 574 3628; x_wconf 88' lang='lat' dir='ltr'>nracnlnm</span> <span class='ocrx_word' id='word_1_249' title='bbox 601 3551 747 3644; x_wconf 90' lang='lat' dir='ltr'>aliquod</span> <span class='ocrx_word' id='word_1_250' title='bbox 770 3551 808 3618; x_wconf 94' lang='lat' dir='ltr'>in</span> <span class='ocrx_word' id='word_1_251' title='bbox 831 3549 1006 3638; x_wconf 79' lang='lat' dir='ltr'>ambiguis</span> <span class='ocrx_word' id='word_1_252' title='bbox 1031 3548 1137 3617; x_wconf 89' lang='lat' dir='ltr'>rebus</span> <span class='ocrx_word' id='word_1_253' title='bbox 1161 3571 1247 3616; x_wconf 88' lang='lat' dir='ltr'>con-</span> 
     </span>
     <span class='ocr_line' id='line_1_33' title="bbox 255 3648 1247 3739; baseline -0.019 -2"><span class='ocrx_word' id='word_1_254' title='bbox 255 3664 429 3737; x_wconf 87' lang='lat' dir='ltr'>sulebant.</span> <span class='ocrx_word' id='word_1_255' title='bbox 479 3652 527 3727; x_wconf 83' lang='lat' dir='ltr'>Et</span> <span class='ocrx_word' id='word_1_256' title='bbox 550 3655 698 3724; x_wconf 87' lang='lat' dir='ltr'>amissus</span> <span class='ocrx_word' id='word_1_257' title='bbox 719 3666 770 3723; x_wconf 91' lang='lat' dir='ltr'>cst</span> <span class='ocrx_word' id='word_1_258' title='bbox 788 3648 856 3720; x_wconf 90' lang='lat' dir='ltr'>boc</span> <span class='ocrx_word' id='word_1_259' title='bbox 876 3663 1052 3739; x_wconf 90' lang='lat' dir='ltr'>tempore,</span> <span class='ocrx_word' id='word_1_260' title='bbox 1076 3672 1157 3718; x_wconf 90' lang='lat' dir='ltr'>cum</span> <span class='ocrx_word' id='word_1_261' title='bbox 1173 3661 1247 3721; x_wconf 88' lang='lat' dir='ltr'>tota</span> 
     </span>
     <span class='ocr_line' id='line_1_34' title="bbox 256 3750 1120 3840; baseline -0.025 0"><span class='ocrx_word' id='word_1_262' title='bbox 256 3760 451 3840; x_wconf 87' lang='lat' dir='ltr'>Germania</span> <span class='ocrx_word' id='word_1_263' title='bbox 467 3757 562 3827; x_wconf 85' lang='lat' dir='ltr'>civili</span> <span class='ocrx_word' id='word_1_264' title='bbox 577 3756 672 3826; x_wconf 90' lang='lat' dir='ltr'>bello</span> <span class='ocrx_word' id='word_1_265' title='bbox 689 3755 808 3837; x_wconf 87' lang='lat' dir='ltr'>ardet,</span> <span class='ocrx_word' id='word_1_266' title='bbox 831 3765 866 3821; x_wconf 91' lang='lat' dir='ltr'>et</span> <span class='ocrx_word' id='word_1_267' title='bbox 880 3765 920 3822; x_wconf 94' lang='lat' dir='ltr'>nt</span> <span class='ocrx_word' id='word_1_268' title='bbox 936 3750 996 3820; x_wconf 92' lang='lat' dir='ltr'>ille</span> <span class='ocrx_word' id='word_1_269' title='bbox 1013 3750 1120 3821; x_wconf 83' lang='lat' dir='ltr'>dixit:</span> 
     </span>
     <span class='ocr_line' id='line_1_35' title="bbox 360 3862 978 3948; baseline -0.019 -16"><span class='ocrx_word' id='word_1_270' title='bbox 360 3869 491 3932; x_wconf 80' lang='lat' dir='ltr'>Vioinee</span> <span class='ocrx_word' id='word_1_271' title='bbox 506 3869 604 3948; x_wconf 76' lang='lat' dir='ltr'>ruptIs</span> <span class='ocrx_word' id='word_1_272' title='bbox 619 3869 696 3925; x_wconf 88' lang='lat' dir='ltr'>inter</span> <span class='ocrx_word' id='word_1_273' title='bbox 711 3885 743 3925; x_wconf 88' lang='lat' dir='ltr'>se</span> <span class='ocrx_word' id='word_1_274' title='bbox 758 3863 874 3944; x_wconf 85' lang='lat' dir='ltr'>legibus</span> <span class='ocrx_word' id='word_1_275' title='bbox 890 3862 978 3921; x_wconf 85' lang='lat' dir='ltr'>urbes</span> 
     </span>
     <span class='ocr_line' id='line_1_36' title="bbox 358 3961 1101 4046; baseline -0.019 -11"><span class='ocrx_word' id='word_1_276' title='bbox 358 3971 456 4036; x_wconf 76' lang='lat' dir='ltr'>Arme</span> <span class='ocrx_word' id='word_1_277' title='bbox 468 3971 589 4046; x_wconf 77' lang='lat' dir='ltr'>lerunt,</span> <span class='ocrx_word' id='word_1_278' title='bbox 613 3969 706 4030; x_wconf 83' lang='lat' dir='ltr'>suerit</span> <span class='ocrx_word' id='word_1_279' title='bbox 719 3979 785 4027; x_wconf 91' lang='lat' dir='ltr'>toto</span> <span class='ocrx_word' id='word_1_280' title='bbox 798 3961 879 4026; x_wconf 80' lang='lat' dir='ltr'>Mars</span> <span class='ocrx_word' id='word_1_281' title='bbox 893 3967 1005 4046; x_wconf 88' lang='lat' dir='ltr'>impius</span> <span class='ocrx_word' id='word_1_282' title='bbox 1020 3962 1101 4023; x_wconf 85' lang='lat' dir='ltr'>orbe.</span> 
     </span>
    </p>

    <p class='ocr_par' dir='ltr' id='par_1_4' title="bbox 255 4055 1247 4354">
     <span class='ocr_line' id='line_1_37' title="bbox 255 4055 1247 4164; baseline -0.02 -21"><span class='ocrx_word' id='word_1_283' title='bbox 255 4070 418 4164; x_wconf 88' lang='lat' dir='ltr'>Cumque</span> <span class='ocrx_word' id='word_1_284' title='bbox 445 4068 488 4137; x_wconf 92' lang='lat' dir='ltr'>ad</span> <span class='ocrx_word' id='word_1_285' title='bbox 513 4062 766 4135; x_wconf 88' lang='lat' dir='ltr'>restituendam</span> <span class='ocrx_word' id='word_1_286' title='bbox 788 4083 927 4154; x_wconf 89' lang='lat' dir='ltr'>pacem,</span> <span class='ocrx_word' id='word_1_287' title='bbox 953 4060 996 4128; x_wconf 93' lang='lat' dir='ltr'>ad</span> <span class='ocrx_word' id='word_1_288' title='bbox 1018 4058 1135 4148; x_wconf 85' lang='lat' dir='ltr'>legum</span> <span class='ocrx_word' id='word_1_289' title='bbox 1160 4055 1247 4124; x_wconf 89' lang='lat' dir='ltr'>reli-</span> 
     </span>
     <span class='ocr_line' id='line_1_38' title="bbox 256 4156 1246 4264; baseline -0.014 -23"><span class='ocrx_word' id='word_1_290' title='bbox 256 4171 444 4264; x_wconf 85' lang='lat' dir='ltr'>gionisque</span> <span class='ocrx_word' id='word_1_291' title='bbox 464 4165 769 4249; x_wconf 89' lang='lat' dir='ltr'>emendationem,</span> <span class='ocrx_word' id='word_1_292' title='bbox 799 4156 907 4232; x_wconf 87' lang='lat' dir='ltr'>huius</span> <span class='ocrx_word' id='word_1_293' title='bbox 927 4160 1115 4234; x_wconf 89' lang='lat' dir='ltr'>autoritate</span> <span class='ocrx_word' id='word_1_294' title='bbox 1120 4209 1133 4243; x_wconf 92' lang='lat'>,</span> <span class='ocrx_word' id='word_1_295' title='bbox 1160 4183 1246 4250; x_wconf 90' lang='lat' dir='ltr'>pru-</span> 
     </span>
     <span class='ocr_line' id='line_1_39' title="bbox 256 4264 1245 4354; baseline -0.014 -8"><span class='ocrx_word' id='word_1_296' title='bbox 256 4272 377 4346; x_wconf 90' lang='lat' dir='ltr'>dentia</span> <span class='ocrx_word' id='word_1_297' title='bbox 405 4285 440 4342; x_wconf 89' lang='lat' dir='ltr'>et</span> <span class='ocrx_word' id='word_1_298' title='bbox 468 4267 579 4338; x_wconf 90' lang='lat' dir='ltr'>animi</span> <span class='ocrx_word' id='word_1_299' title='bbox 608 4264 853 4354; x_wconf 87' lang='lat' dir='ltr'>magnitudine</span> <span class='ocrx_word' id='word_1_300' title='bbox 878 4264 1028 4333; x_wconf 86' lang='lat' dir='ltr'>maxime</span> <span class='ocrx_word' id='word_1_301' title='bbox 1048 4282 1136 4351; x_wconf 87' lang='lat' dir='ltr'>opus</span> <span class='ocrx_word' id='word_1_302' title='bbox 1160 4275 1245 4333; x_wconf 87' lang='lat' dir='ltr'>erat.</span> 
     </span>
    </p>
   </div>
   <div class='ocr_carea' id='block_1_4' title="bbox 1295 991 2291 4356">
    <p class='ocr_par' dir='ltr' id='par_1_5' title="bbox 1295 991 2291 4356">
     <span class='ocr_line' id='line_1_40' title="bbox 1295 991 2291 1069; baseline 0.007 -7"><span class='ocrx_word' id='word_1_303' title='bbox 1295 995 1458 1068; x_wconf 86' lang='lat' dir='ltr'>siderat..</span> <span class='ocrx_word' id='word_1_304' title='bbox 1490 992 1561 1064; x_wconf 88' lang='lat' dir='ltr'>Hic</span> <span class='ocrx_word' id='word_1_305' title='bbox 1576 991 1727 1067; x_wconf 90' lang='lat' dir='ltr'>Senatus</span> <span class='ocrx_word' id='word_1_306' title='bbox 1747 996 1853 1066; x_wconf 86' lang='lat' dir='ltr'>etiarn</span> <span class='ocrx_word' id='word_1_307' title='bbox 1876 996 2024 1066; x_wconf 87' lang='lat' dir='ltr'>ditionis</span> <span class='ocrx_word' id='word_1_308' title='bbox 2046 997 2172 1069; x_wconf 92' lang='lat' dir='ltr'>dolore</span> <span class='ocrx_word' id='word_1_309' title='bbox 2192 1021 2291 1069; x_wconf 57' lang='lat' dir='ltr'>moe</span> 
     </span>
     <span class='ocr_line' id='line_1_41' title="bbox 1295 1097 2290 1193; baseline 0.003 -26"><span class='ocrx_word' id='word_1_310' title='bbox 1295 1097 1460 1193; x_wconf 90' lang='lat' dir='ltr'>stitiaque</span> <span class='ocrx_word' id='word_1_311' title='bbox 1480 1098 1719 1179; x_wconf 83' lang='lat' dir='ltr'>exanimatus,</span> <span class='ocrx_word' id='word_1_312' title='bbox 1745 1110 1853 1189; x_wconf 87' lang='lat' dir='ltr'>capnt</span> <span class='ocrx_word' id='word_1_313' title='bbox 1871 1098 2006 1190; x_wconf 87' lang='lat' dir='ltr'>publici</span> <span class='ocrx_word' id='word_1_314' title='bbox 2024 1098 2184 1187; x_wconf 89' lang='lat' dir='ltr'>consilii,</span> <span class='ocrx_word' id='word_1_315' title='bbox 2204 1113 2290 1172; x_wconf 84' lang='lat' dir='ltr'>tan·</span> 
     </span>
     <span class='ocr_line' id='line_1_42' title="bbox 1297 1196 2289 1294; baseline 0.003 -24"><span class='ocrx_word' id='word_1_316' title='bbox 1297 1224 1404 1294; x_wconf 89' lang='lat' dir='ltr'>quarn</span> <span class='ocrx_word' id='word_1_317' title='bbox 1435 1199 1474 1269; x_wconf 91' lang='lat' dir='ltr'>in</span> <span class='ocrx_word' id='word_1_318' title='bbox 1496 1196 1749 1292; x_wconf 85' lang='lat' dir='ltr'>Imperatorem</span> <span class='ocrx_word' id='word_1_319' title='bbox 1780 1201 1951 1272; x_wconf 81' lang='lat' dir='ltr'>exercitus</span> <span class='ocrx_word' id='word_1_320' title='bbox 1973 1201 2010 1270; x_wconf 92' lang='lat' dir='ltr'>in</span> <span class='ocrx_word' id='word_1_321' title='bbox 2034 1202 2145 1273; x_wconf 86' lang='lat' dir='ltr'>dubia</span> <span class='ocrx_word' id='word_1_322' title='bbox 2169 1224 2289 1294; x_wconf 77' lang='lat' dir='ltr'>pugna</span> 
     </span>
     <span class='ocr_line' id='line_1_43' title="bbox 1295 1301 2289 1398; baseline 0.005 -27"><span class='ocrx_word' id='word_1_323' title='bbox 1295 1301 1465 1395; x_wconf 87' lang='lat' dir='ltr'>requirit,</span> <span class='ocrx_word' id='word_1_324' title='bbox 1492 1316 1552 1372; x_wconf 87' lang='lat' dir='ltr'>tua</span> <span class='ocrx_word' id='word_1_325' title='bbox 1576 1301 1694 1390; x_wconf 92' lang='lat' dir='ltr'>signa,</span> <span class='ocrx_word' id='word_1_326' title='bbox 1720 1314 1816 1373; x_wconf 93' lang='lat' dir='ltr'>tuam</span> <span class='ocrx_word' id='word_1_327' title='bbox 1837 1327 1960 1373; x_wconf 83' lang='lat' dir='ltr'>vocem</span> <span class='ocrx_word' id='word_1_328' title='bbox 1984 1303 2085 1398; x_wconf 88' lang='lat' dir='ltr'>sequi</span> <span class='ocrx_word' id='word_1_329' title='bbox 2108 1304 2289 1376; x_wconf 76' lang='lat' dir='ltr'>adsuetus·</span> 
     </span>
     <span class='ocr_line' id='line_1_44' title="bbox 1297 1402 2288 1498; baseline 0.003 -23"><span class='ocrx_word' id='word_1_330' title='bbox 1297 1402 1367 1475; x_wconf 89' lang='lat' dir='ltr'>Sed</span> <span class='ocrx_word' id='word_1_331' title='bbox 1390 1403 1543 1473; x_wconf 89' lang='lat' dir='ltr'>nimium</span> <span class='ocrx_word' id='word_1_332' title='bbox 1562 1402 1731 1496; x_wconf 92' lang='lat' dir='ltr'>indulgeo</span> <span class='ocrx_word' id='word_1_333' title='bbox 1746 1404 1883 1490; x_wconf 93' lang='lat' dir='ltr'>dolori,</span> <span class='ocrx_word' id='word_1_334' title='bbox 1908 1405 1996 1498; x_wconf 92' lang='lat' dir='ltr'>quin</span> <span class='ocrx_word' id='word_1_335' title='bbox 2013 1428 2134 1476; x_wconf 91' lang='lat' dir='ltr'>recreo</span> <span class='ocrx_word' id='word_1_336' title='bbox 2150 1427 2232 1486; x_wconf 90' lang='lat' dir='ltr'>rne,</span> <span class='ocrx_word' id='word_1_337' title='bbox 2255 1418 2288 1478; x_wconf 87' lang='lat' dir='ltr'>et</span> 
     </span>
     <span class='ocr_line' id='line_1_45' title="bbox 1297 1505 2289 1601; baseline 0.002 -26"><span class='ocrx_word' id='word_1_338' title='bbox 1297 1505 1444 1598; x_wconf 89' lang='lat' dir='ltr'>colligo,</span> <span class='ocrx_word' id='word_1_339' title='bbox 1483 1527 1575 1601; x_wconf 90' lang='lat' dir='ltr'>quae</span> <span class='ocrx_word' id='word_1_340' title='bbox 1605 1506 1742 1577; x_wconf 89' lang='lat' dir='ltr'>luctum</span> <span class='ocrx_word' id='word_1_341' title='bbox 1772 1505 1891 1599; x_wconf 88' lang='lat' dir='ltr'>aliqua</span> <span class='ocrx_word' id='word_1_342' title='bbox 1919 1531 1961 1577; x_wconf 84' lang='lat' dir='ltr'>ex</span> <span class='ocrx_word' id='word_1_343' title='bbox 1990 1519 2089 1598; x_wconf 90' lang='lat' dir='ltr'>parte</span> <span class='ocrx_word' id='word_1_344' title='bbox 2113 1507 2289 1584; x_wconf 86' lang='lat' dir='ltr'>minuant.</span> 
     </span>
     <span class='ocr_line' id='line_1_46' title="bbox 1297 1606 2288 1701; baseline 0.002 -22"><span class='ocrx_word' id='word_1_345' title='bbox 1297 1606 1390 1680; x_wconf 88' lang='lat' dir='ltr'>Sunt</span> <span class='ocrx_word' id='word_1_346' title='bbox 1414 1621 1530 1678; x_wconf 89' lang='lat' dir='ltr'>autem</span> <span class='ocrx_word' id='word_1_347' title='bbox 1554 1632 1574 1678; x_wconf 88' lang='lat' dir='ltr'>a</span> <span class='ocrx_word' id='word_1_348' title='bbox 1600 1609 1819 1701; x_wconf 85' lang='lat' dir='ltr'>sapientibus</span> <span class='ocrx_word' id='word_1_349' title='bbox 1839 1608 1926 1678; x_wconf 87' lang='lat' dir='ltr'>viris</span> <span class='ocrx_word' id='word_1_350' title='bbox 1947 1611 1992 1679; x_wconf 92' lang='lat' dir='ltr'>de</span> <span class='ocrx_word' id='word_1_351' title='bbox 2008 1610 2183 1680; x_wconf 90' lang='lat' dir='ltr'>brevitate</span> <span class='ocrx_word' id='word_1_352' title='bbox 2197 1609 2288 1681; x_wconf 79' lang='lat' dir='ltr'>vitae</span> 
     </span>
     <span class='ocr_line' id='line_1_47' title="bbox 1299 1710 2290 1805; baseline 0.004 -27"><span class='ocrx_word' id='word_1_353' title='bbox 1299 1711 1503 1782; x_wconf 89' lang='lat' dir='ltr'>mortalium</span> <span class='ocrx_word' id='word_1_354' title='bbox 1535 1712 1651 1805; x_wconf 89' lang='lat' dir='ltr'>deque</span> <span class='ocrx_word' id='word_1_355' title='bbox 1685 1710 1868 1780; x_wconf 90' lang='lat' dir='ltr'>communi</span> <span class='ocrx_word' id='word_1_356' title='bbox 1904 1711 2127 1781; x_wconf 89' lang='lat' dir='ltr'>nascentium</span> <span class='ocrx_word' id='word_1_357' title='bbox 2164 1710 2290 1784; x_wconf 88' lang='lat' dir='ltr'>condi·</span> 
     </span>
     <span class='ocr_line' id='line_1_48' title="bbox 1297 1813 2288 1904; baseline 0.002 -20"><span class='ocrx_word' id='word_1_358' title='bbox 1297 1814 1394 1884; x_wconf 90' lang='lat' dir='ltr'>tione</span> <span class='ocrx_word' id='word_1_359' title='bbox 1410 1814 1585 1904; x_wconf 91' lang='lat' dir='ltr'>disputata</span> <span class='ocrx_word' id='word_1_360' title='bbox 1603 1815 1646 1882; x_wconf 90' lang='lat' dir='ltr'>ad</span> <span class='ocrx_word' id='word_1_361' title='bbox 1663 1813 1942 1883; x_wconf 83' lang='lat' dir='ltr'>assuefaciendus</span> <span class='ocrx_word' id='word_1_362' title='bbox 1956 1813 2094 1882; x_wconf 87' lang='lat' dir='ltr'>animos</span> <span class='ocrx_word' id='word_1_363' title='bbox 2138 1826 2180 1884; x_wconf 91' lang='lat' dir='ltr'>ut</span> <span class='ocrx_word' id='word_1_364' title='bbox 2192 1836 2288 1885; x_wconf 85' lang='lat' dir='ltr'>cum·</span> 
     </span>
     <span class='ocr_line' id='line_1_49' title="bbox 1299 1914 2288 2008; baseline 0.003 -24"><span class='ocrx_word' id='word_1_365' title='bbox 1299 1915 1419 1985; x_wconf 89' lang='lat' dir='ltr'>munia</span> <span class='ocrx_word' id='word_1_366' title='bbox 1442 1915 1534 1985; x_wconf 90' lang='lat' dir='ltr'>mala</span> <span class='ocrx_word' id='word_1_367' title='bbox 1554 1915 1702 2008; x_wconf 87' lang='lat' dir='ltr'>aequius</span> <span class='ocrx_word' id='word_1_368' title='bbox 1721 1916 1864 1987; x_wconf 83' lang='lat' dir='ltr'>ferrent.</span> <span class='ocrx_word' id='word_1_369' title='bbox 1915 1914 2017 2003; x_wconf 84' lang='lat' dir='ltr'>Quae</span> <span class='ocrx_word' id='word_1_370' title='bbox 2030 1937 2097 1984; x_wconf 87' lang='lat' dir='ltr'>nos</span> <span class='ocrx_word' id='word_1_371' title='bbox 2140 1939 2184 1986; x_wconf 92' lang='lat' dir='ltr'>oc</span> <span class='ocrx_word' id='word_1_372' title='bbox 2201 1928 2288 1987; x_wconf 86' lang='lat' dir='ltr'>tem-</span> 
     </span>
     <span class='ocr_line' id='line_1_50' title="bbox 1298 2015 2288 2113; baseline 0 -25"><span class='ocrx_word' id='word_1_373' title='bbox 1298 2041 1384 2110; x_wconf 87' lang='lat' dir='ltr'>pore</span> <span class='ocrx_word' id='word_1_374' title='bbox 1415 2040 1489 2086; x_wconf 89' lang='lat' dir='ltr'>non</span> <span class='ocrx_word' id='word_1_375' title='bbox 1518 2018 1744 2108; x_wconf 87' lang='lat' dir='ltr'>attingemus.</span> <span class='ocrx_word' id='word_1_376' title='bbox 1796 2015 1887 2087; x_wconf 90' lang='lat' dir='ltr'>Nam</span> <span class='ocrx_word' id='word_1_377' title='bbox 1915 2041 1978 2113; x_wconf 87' lang='lat' dir='ltr'>ego</span> <span class='ocrx_word' id='word_1_378' title='bbox 2000 2016 2187 2088; x_wconf 83' lang='lat' dir='ltr'>Friderico</span> <span class='ocrx_word' id='word_1_379' title='bbox 2211 2016 2288 2111; x_wconf 87' lang='lat' dir='ltr'>ipsi,</span> 
     </span>
     <span class='ocr_line' id='line_1_51' title="bbox 1297 2118 2286 2217; baseline -0.001 -26"><span class='ocrx_word' id='word_1_380' title='bbox 1297 2144 1502 2217; x_wconf 91' lang='lat' dir='ltr'>quanquam</span> <span class='ocrx_word' id='word_1_381' title='bbox 1525 2133 1560 2190; x_wconf 89' lang='lat' dir='ltr'>et</span> <span class='ocrx_word' id='word_1_382' title='bbox 1581 2119 1672 2190; x_wconf 87' lang='lat' dir='ltr'>ratio</span> <span class='ocrx_word' id='word_1_383' title='bbox 1693 2131 1726 2189; x_wconf 90' lang='lat' dir='ltr'>et</span> <span class='ocrx_word' id='word_1_384' title='bbox 1742 2118 1937 2190; x_wconf 88' lang='lat' dir='ltr'>multarum</span> <span class='ocrx_word' id='word_1_385' title='bbox 1953 2143 2072 2191; x_wconf 91' lang='lat' dir='ltr'>rerum</span> <span class='ocrx_word' id='word_1_386' title='bbox 2087 2140 2176 2192; x_wconf 78' lang='lat' dir='ltr'>nans</span> <span class='ocrx_word' id='word_1_387' title='bbox 2190 2120 2286 2192; x_wconf 90' lang='lat' dir='ltr'>addi·</span> 
     </span>
     <span class='ocr_line' id='line_1_52' title="bbox 1297 2221 2285 2317; baseline -0.001 -23"><span class='ocrx_word' id='word_1_388' title='bbox 1297 2225 1398 2294; x_wconf 90' lang='lat' dir='ltr'>derat</span> <span class='ocrx_word' id='word_1_389' title='bbox 1426 2244 1594 2314; x_wconf 88' lang='lat' dir='ltr'>magnum</span> <span class='ocrx_word' id='word_1_390' title='bbox 1624 2221 1803 2317; x_wconf 92' lang='lat' dir='ltr'>quoddam</span> <span class='ocrx_word' id='word_1_391' title='bbox 1831 2222 1944 2292; x_wconf 92' lang='lat' dir='ltr'>robur</span> <span class='ocrx_word' id='word_1_392' title='bbox 1971 2224 2017 2291; x_wconf 94' lang='lat' dir='ltr'>ad</span> <span class='ocrx_word' id='word_1_393' title='bbox 2044 2222 2213 2293; x_wconf 82' lang='lat' dir='ltr'>serendas</span> <span class='ocrx_word' id='word_1_394' title='bbox 2236 2244 2285 2293; x_wconf 83' lang='lat' dir='ltr'>rer</span> 
     </span>
     <span class='ocr_line' id='line_1_53' title="bbox 1297 2324 2283 2415; baseline 0 -20"><span class='ocrx_word' id='word_1_395' title='bbox 1297 2328 1423 2411; x_wconf 87' lang='lat' dir='ltr'>duras,</span> <span class='ocrx_word' id='word_1_396' title='bbox 1446 2338 1564 2395; x_wconf 89' lang='lat' dir='ltr'>tamen</span> <span class='ocrx_word' id='word_1_397' title='bbox 1588 2324 1695 2394; x_wconf 92' lang='lat' dir='ltr'>aliam</span> <span class='ocrx_word' id='word_1_398' title='bbox 1717 2335 1802 2415; x_wconf 88' lang='lat' dir='ltr'>puto</span> <span class='ocrx_word' id='word_1_399' title='bbox 1822 2324 2012 2409; x_wconf 88' lang='lat' dir='ltr'>maiorem,</span> <span class='ocrx_word' id='word_1_400' title='bbox 2038 2324 2283 2395; x_wconf 79' lang='lat' dir='ltr'>efficaciorem-</span> 
     </span>
     <span class='ocr_line' id='line_1_54' title="bbox 1297 2420 2285 2522; baseline 0 -26"><span class='ocrx_word' id='word_1_401' title='bbox 1297 2452 1366 2522; x_wconf 92' lang='lat' dir='ltr'>que</span> <span class='ocrx_word' id='word_1_402' title='bbox 1388 2451 1544 2514; x_wconf 89' lang='lat' dir='ltr'>causam,</span> <span class='ocrx_word' id='word_1_403' title='bbox 1569 2427 1671 2496; x_wconf 88' lang='lat' dir='ltr'>firmo</span> <span class='ocrx_word' id='word_1_404' title='bbox 1691 2426 1810 2496; x_wconf 92' lang='lat' dir='ltr'>animo</span> <span class='ocrx_word' id='word_1_405' title='bbox 1827 2428 2011 2496; x_wconf 90' lang='lat' dir='ltr'>adeundae</span> <span class='ocrx_word' id='word_1_406' title='bbox 2027 2426 2165 2501; x_wconf 88' lang='lat' dir='ltr'>mortis.</span> <span class='ocrx_word' id='word_1_407' title='bbox 2216 2420 2285 2496; x_wconf 79' lang='lat' dir='ltr'>No-</span> 
     </span>
     <span class='ocr_line' id='line_1_55' title="bbox 1298 2523 2285 2620; baseline -0.002 -20"><span class='ocrx_word' id='word_1_408' title='bbox 1298 2543 1350 2600; x_wconf 92' lang='lat' dir='ltr'>rat</span> <span class='ocrx_word' id='word_1_409' title='bbox 1373 2531 1468 2601; x_wconf 90' lang='lat' dir='ltr'>enim</span> <span class='ocrx_word' id='word_1_410' title='bbox 1488 2553 1530 2598; x_wconf 86' lang='lat' dir='ltr'>ex</span> <span class='ocrx_word' id='word_1_411' title='bbox 1542 2523 1745 2601; x_wconf 89' lang='lat' dir='ltr'>Christiana</span> <span class='ocrx_word' id='word_1_412' title='bbox 1766 2527 1949 2613; x_wconf 90' lang='lat' dir='ltr'>doctrina,</span> <span class='ocrx_word' id='word_1_413' title='bbox 1972 2542 2124 2599; x_wconf 88' lang='lat' dir='ltr'>mortem</span> <span class='ocrx_word' id='word_1_414' title='bbox 2143 2550 2285 2620; x_wconf 84' lang='lat' dir='ltr'>essege·</span> 
     </span>
     <span class='ocr_line' id='line_1_56' title="bbox 1299 2630 2286 2723; baseline -0.002 -22"><span class='ocrx_word' id='word_1_415' title='bbox 1299 2633 1375 2701; x_wconf 90' lang='lat' dir='ltr'>neri</span> <span class='ocrx_word' id='word_1_416' title='bbox 1406 2630 1594 2702; x_wconf 90' lang='lat' dir='ltr'>hominnm</span> <span class='ocrx_word' id='word_1_417' title='bbox 1623 2630 1797 2701; x_wconf 85' lang='lat' dir='ltr'>divinitus</span> <span class='ocrx_word' id='word_1_418' title='bbox 1818 2630 2039 2723; x_wconf 86' lang='lat' dir='ltr'>impositam,</span> <span class='ocrx_word' id='word_1_419' title='bbox 2072 2653 2147 2699; x_wconf 92' lang='lat' dir='ltr'>nun</span> <span class='ocrx_word' id='word_1_420' title='bbox 2172 2631 2286 2717; x_wconf 86' lang='lat' dir='ltr'>modo,</span> 
     </span>
     <span class='ocr_line' id='line_1_57' title="bbox 1297 2732 2287 2828; baseline -0.003 -22"><span class='ocrx_word' id='word_1_421' title='bbox 1297 2749 1337 2807; x_wconf 89' lang='lat' dir='ltr'>ut</span> <span class='ocrx_word' id='word_1_422' title='bbox 1360 2759 1426 2828; x_wconf 87' lang='lat' dir='ltr'>pro</span> <span class='ocrx_word' id='word_1_423' title='bbox 1450 2747 1591 2828; x_wconf 87' lang='lat' dir='ltr'>peccato</span> <span class='ocrx_word' id='word_1_424' title='bbox 1610 2756 1760 2827; x_wconf 91' lang='lat' dir='ltr'>poenam</span> <span class='ocrx_word' id='word_1_425' title='bbox 1777 2732 1972 2813; x_wconf 89' lang='lat' dir='ltr'>lueremus,</span> <span class='ocrx_word' id='word_1_426' title='bbox 2000 2733 2191 2826; x_wconf 85' lang='lat' dir='ltr'>quoderat</span> <span class='ocrx_word' id='word_1_427' title='bbox 2208 2754 2287 2804; x_wconf 79' lang='lat' dir='ltr'>sane</span> 
     </span>
     <span class='ocr_line' id='line_1_58' title="bbox 1298 2835 2286 2930; baseline 0.001 -24"><span class='ocrx_word' id='word_1_428' title='bbox 1298 2838 1485 2922; x_wconf 88' lang='lat' dir='ltr'>miserum,</span> <span class='ocrx_word' id='word_1_429' title='bbox 1509 2837 1591 2921; x_wconf 88' lang='lat' dir='ltr'>sed,</span> <span class='ocrx_word' id='word_1_430' title='bbox 1609 2838 1713 2930; x_wconf 89' lang='lat' dir='ltr'>qnod</span> <span class='ocrx_word' id='word_1_431' title='bbox 1729 2835 1798 2927; x_wconf 91' lang='lat' dir='ltr'>piis</span> <span class='ocrx_word' id='word_1_432' title='bbox 1814 2858 1888 2905; x_wconf 87' lang='lat' dir='ltr'>esse</span> <span class='ocrx_word' id='word_1_433' title='bbox 1903 2847 2103 2927; x_wconf 89' lang='lat' dir='ltr'>pergratum</span> <span class='ocrx_word' id='word_1_434' title='bbox 2121 2835 2231 2922; x_wconf 89' lang='lat' dir='ltr'>solet,</span> <span class='ocrx_word' id='word_1_435' title='bbox 2250 2846 2286 2907; x_wconf 90' lang='lat' dir='ltr'>nt</span> 
     </span>
     <span class='ocr_line' id='line_1_59' title="bbox 1297 2936 2286 3030; baseline -0.001 -22"><span class='ocrx_word' id='word_1_436' title='bbox 1297 2955 1412 3012; x_wconf 91' lang='lat' dir='ltr'>morte</span> <span class='ocrx_word' id='word_1_437' title='bbox 1439 2940 1638 3030; x_wconf 90' lang='lat' dir='ltr'>deponatur</span> <span class='ocrx_word' id='word_1_438' title='bbox 1658 2950 1859 3030; x_wconf 90' lang='lat' dir='ltr'>peccatum,</span> <span class='ocrx_word' id='word_1_439' title='bbox 1893 2950 1928 3007; x_wconf 89' lang='lat' dir='ltr'>et</span> <span class='ocrx_word' id='word_1_440' title='bbox 1950 2936 2198 3027; x_wconf 88' lang='lat' dir='ltr'>ingrediamur</span> <span class='ocrx_word' id='word_1_441' title='bbox 2220 2936 2286 3007; x_wconf 92' lang='lat' dir='ltr'>im·</span> 
     </span>
     <span class='ocr_line' id='line_1_60' title="bbox 1298 3036 2286 3126; baseline 0 -16"><span class='ocrx_word' id='word_1_442' title='bbox 1298 3040 1524 3113; x_wconf 89' lang='lat' dir='ltr'>mortalitatis</span> <span class='ocrx_word' id='word_1_443' title='bbox 1544 3039 1624 3111; x_wconf 86' lang='lat' dir='ltr'>iter.</span> <span class='ocrx_word' id='word_1_444' title='bbox 1673 3036 1785 3109; x_wconf 88' lang='lat' dir='ltr'>Porro</span> <span class='ocrx_word' id='word_1_445' title='bbox 1810 3053 1844 3110; x_wconf 90' lang='lat' dir='ltr'>et</span> <span class='ocrx_word' id='word_1_446' title='bbox 1865 3053 1947 3109; x_wconf 89' lang='lat' dir='ltr'>ante</span> <span class='ocrx_word' id='word_1_447' title='bbox 1966 3053 2041 3112; x_wconf 89' lang='lat' dir='ltr'>acta</span> <span class='ocrx_word' id='word_1_448' title='bbox 2059 3038 2151 3126; x_wconf 87' lang='lat' dir='ltr'>vita,</span> <span class='ocrx_word' id='word_1_449' title='bbox 2177 3052 2213 3112; x_wconf 81' lang='lat' dir='ltr'>et</span> <span class='ocrx_word' id='word_1_450' title='bbox 2228 3038 2286 3110; x_wconf 81' lang='lat' dir='ltr'>ille</span> 
     </span>
     <span class='ocr_line' id='line_1_61' title="bbox 1299 3141 2281 3233; baseline -0.003 -20"><span class='ocrx_word' id='word_1_451' title='bbox 1299 3145 1442 3213; x_wconf 89' lang='lat' dir='ltr'>demum</span> <span class='ocrx_word' id='word_1_452' title='bbox 1464 3141 1576 3212; x_wconf 90' lang='lat' dir='ltr'>animi</span> <span class='ocrx_word' id='word_1_453' title='bbox 1599 3141 1814 3233; x_wconf 89' lang='lat' dir='ltr'>praesentia,</span> <span class='ocrx_word' id='word_1_454' title='bbox 1839 3166 1919 3211; x_wconf 89' lang='lat' dir='ltr'>cnm</span> <span class='ocrx_word' id='word_1_455' title='bbox 1938 3143 2008 3211; x_wconf 91' lang='lat' dir='ltr'>iam</span> <span class='ocrx_word' id='word_1_456' title='bbox 2024 3165 2117 3233; x_wconf 89' lang='lat' dir='ltr'>pene</span> <span class='ocrx_word' id='word_1_457' title='bbox 2132 3141 2281 3212; x_wconf 88' lang='lat' dir='ltr'>animam</span> 
     </span>
     <span class='ocr_line' id='line_1_62' title="bbox 1300 3242 2286 3337; baseline 0 -23"><span class='ocrx_word' id='word_1_458' title='bbox 1300 3259 1433 3337; x_wconf 88' lang='lat' dir='ltr'>ageret,</span> <span class='ocrx_word' id='word_1_459' title='bbox 1466 3256 1673 3334; x_wconf 90' lang='lat' dir='ltr'>argumento</span> <span class='ocrx_word' id='word_1_460' title='bbox 1696 3255 1782 3314; x_wconf 89' lang='lat' dir='ltr'>sunt</span> <span class='ocrx_word' id='word_1_461' title='bbox 1801 3243 1949 3314; x_wconf 91' lang='lat' dir='ltr'>sensisse</span> <span class='ocrx_word' id='word_1_462' title='bbox 1969 3266 2069 3315; x_wconf 90' lang='lat' dir='ltr'>suam</span> <span class='ocrx_word' id='word_1_463' title='bbox 2091 3242 2172 3316; x_wconf 89' lang='lat' dir='ltr'>Deo</span> <span class='ocrx_word' id='word_1_464' title='bbox 2194 3243 2286 3315; x_wconf 77' lang='lat' dir='ltr'>sulu-</span> 
     </span>
     <span class='ocr_line' id='line_1_63' title="bbox 1299 3345 2287 3441; baseline -0.002 -23"><span class='ocrx_word' id='word_1_465' title='bbox 1299 3363 1368 3418; x_wconf 89' lang='lat' dir='ltr'>tem</span> <span class='ocrx_word' id='word_1_466' title='bbox 1391 3372 1495 3417; x_wconf 89' lang='lat' dir='ltr'>curae</span> <span class='ocrx_word' id='word_1_467' title='bbox 1511 3369 1596 3420; x_wconf 87' lang='lat' dir='ltr'>esse.</span> <span class='ocrx_word' id='word_1_468' title='bbox 1647 3345 1736 3415; x_wconf 90' lang='lat' dir='ltr'>Nam</span> <span class='ocrx_word' id='word_1_469' title='bbox 1755 3346 2108 3441; x_wconf 89' lang='lat' dir='ltr'>praeterquamquod</span> <span class='ocrx_word' id='word_1_470' title='bbox 2125 3345 2287 3437; x_wconf 81' lang='lat' dir='ltr'>religiose</span> 
     </span>
     <span class='ocr_line' id='line_1_64' title="bbox 1299 3443 2286 3543; baseline 0.001 -24"><span class='ocrx_word' id='word_1_471' title='bbox 1299 3450 1429 3520; x_wconf 90' lang='lat' dir='ltr'>muniit</span> <span class='ocrx_word' id='word_1_472' title='bbox 1454 3472 1528 3519; x_wconf 88' lang='lat' dir='ltr'>sese</span> <span class='ocrx_word' id='word_1_473' title='bbox 1549 3443 1791 3528; x_wconf 82' lang='lat' dir='ltr'>Eucharistia,</span> <span class='ocrx_word' id='word_1_474' title='bbox 1826 3462 1859 3519; x_wconf 90' lang='lat' dir='ltr'>et</span> <span class='ocrx_word' id='word_1_475' title='bbox 1882 3444 2096 3518; x_wconf 86' lang='lat' dir='ltr'>Christianis</span> <span class='ocrx_word' id='word_1_476' title='bbox 2112 3448 2286 3543; x_wconf 83' lang='lat' dir='ltr'>precibus,</span> 
     </span>
     <span class='ocr_line' id='line_1_65' title="bbox 1299 3550 2285 3644; baseline -0.002 -23"><span class='ocrx_word' id='word_1_477' title='bbox 1299 3552 1347 3621; x_wconf 91' lang='lat' dir='ltr'>sic</span> <span class='ocrx_word' id='word_1_478' title='bbox 1361 3553 1494 3644; x_wconf 90' lang='lat' dir='ltr'>accipio</span> <span class='ocrx_word' id='word_1_479' title='bbox 1509 3551 1730 3641; x_wconf 88' lang='lat' dir='ltr'>respondisse</span> <span class='ocrx_word' id='word_1_480' title='bbox 1745 3552 1811 3619; x_wconf 90' lang='lat' dir='ltr'>sub</span> <span class='ocrx_word' id='word_1_481' title='bbox 1827 3551 1943 3641; x_wconf 88' lang='lat' dir='ltr'>ipsum</span> <span class='ocrx_word' id='word_1_482' title='bbox 1958 3550 2050 3620; x_wconf 88' lang='lat' dir='ltr'>vitae</span> <span class='ocrx_word' id='word_1_483' title='bbox 2062 3550 2183 3637; x_wconf 86' lang='lat' dir='ltr'>finem,</span> <span class='ocrx_word' id='word_1_484' title='bbox 2207 3573 2285 3620; x_wconf 91' lang='lat' dir='ltr'>cnm</span> 
     </span>
     <span class='ocr_line' id='line_1_66' title="bbox 1299 3649 2283 3746; baseline 0 -23"><span class='ocrx_word' id='word_1_485' title='bbox 1299 3655 1540 3725; x_wconf 88' lang='lat' dir='ltr'>consolaretur</span> <span class='ocrx_word' id='word_1_486' title='bbox 1562 3653 1753 3746; x_wconf 88' lang='lat' dir='ltr'>quispiam:</span> <span class='ocrx_word' id='word_1_487' title='bbox 1786 3650 1883 3721; x_wconf 86' lang='lat' dir='ltr'>Deus</span> <span class='ocrx_word' id='word_1_488' title='bbox 1905 3652 2023 3737; x_wconf 90' lang='lat' dir='ltr'>dedit,</span> <span class='ocrx_word' id='word_1_489' title='bbox 2047 3649 2146 3722; x_wconf 87' lang='lat' dir='ltr'>Deus</span> <span class='ocrx_word' id='word_1_490' title='bbox 2169 3653 2283 3723; x_wconf 86' lang='lat' dir='ltr'>abstu-</span> 
     </span>
     <span class='ocr_line' id='line_1_67' title="bbox 1298 3748 2284 3847; baseline -0.001 -23"><span class='ocrx_word' id='word_1_491' title='bbox 1298 3756 1358 3840; x_wconf 87' lang='lat' dir='ltr'>lit,</span> <span class='ocrx_word' id='word_1_492' title='bbox 1381 3756 1426 3827; x_wconf 89' lang='lat' dir='ltr'>sit</span> <span class='ocrx_word' id='word_1_493' title='bbox 1448 3779 1579 3826; x_wconf 81' lang='lat' dir='ltr'>nomen</span> <span class='ocrx_word' id='word_1_494' title='bbox 1603 3751 1752 3824; x_wconf 88' lang='lat' dir='ltr'>Domini</span> <span class='ocrx_word' id='word_1_495' title='bbox 1776 3755 2016 3825; x_wconf 85' lang='lat' dir='ltr'>benedictum.</span> <span class='ocrx_word' id='word_1_496' title='bbox 2069 3748 2106 3823; x_wconf 94' lang='grc'><strong>0</strong></span> <span class='ocrx_word' id='word_1_497' title='bbox 2129 3754 2284 3847; x_wconf 84' lang='lat' dir='ltr'>praecla-</span> 
     </span>
     <span class='ocr_line' id='line_1_68' title="bbox 1298 3856 2283 3943; baseline -0.004 -15"><span class='ocrx_word' id='word_1_498' title='bbox 1298 3883 1373 3928; x_wconf 91' lang='lat' dir='ltr'>ram</span> <span class='ocrx_word' id='word_1_499' title='bbox 1406 3882 1557 3943; x_wconf 86' lang='lat' dir='ltr'>vocem,·</span> <span class='ocrx_word' id='word_1_500' title='bbox 1578 3871 1612 3927; x_wconf 92' lang='lat' dir='ltr'>et</span> <span class='ocrx_word' id='word_1_501' title='bbox 1640 3869 1762 3927; x_wconf 89' lang='lat' dir='ltr'>testem</span> <span class='ocrx_word' id='word_1_502' title='bbox 1785 3858 1875 3925; x_wconf 91' lang='lat' dir='ltr'>bene</span> <span class='ocrx_word' id='word_1_503' title='bbox 1898 3856 2083 3928; x_wconf 85' lang='lat' dir='ltr'>sentientis</span> <span class='ocrx_word' id='word_1_504' title='bbox 2106 3856 2221 3926; x_wconf 90' lang='lat' dir='ltr'>animi</span> <span class='ocrx_word' id='word_1_505' title='bbox 2244 3856 2283 3926; x_wconf 86' lang='lat' dir='ltr'>de</span> 
     </span>
     <span class='ocr_line' id='line_1_69' title="bbox 1297 3954 2284 4051; baseline -0.004 -21"><span class='ocrx_word' id='word_1_506' title='bbox 1297 3959 1383 4030; x_wconf 89' lang='lat' dir='ltr'>Deo.</span> <span class='ocrx_word' id='word_1_507' title='bbox 1434 3959 1527 4030; x_wconf 90' lang='lat' dir='ltr'>Nam</span> <span class='ocrx_word' id='word_1_508' title='bbox 1549 3954 1640 4027; x_wconf 84' lang='lat' dir='ltr'>milri</span> <span class='ocrx_word' id='word_1_509' title='bbox 1663 3959 1783 4044; x_wconf 90' lang='lat' dir='ltr'>erede,</span> <span class='ocrx_word' id='word_1_510' title='bbox 1808 3958 1971 4051; x_wconf 87' lang='lat' dir='ltr'>quisquis</span> <span class='ocrx_word' id='word_1_511' title='bbox 1992 3958 2040 4027; x_wconf 92' lang='lat' dir='ltr'>ita</span> <span class='ocrx_word' id='word_1_512' title='bbox 2055 3959 2284 4041; x_wconf 84' lang='lat' dir='ltr'>adfectusest,</span> 
     </span>
     <span class='ocr_line' id='line_1_70' title="bbox 1298 4058 2284 4134; baseline -0.002 -2"><span class='ocrx_word' id='word_1_513' title='bbox 1298 4077 1336 4134; x_wconf 93' lang='lat' dir='ltr'>ut</span> <span class='ocrx_word' id='word_1_514' title='bbox 1355 4064 1485 4133; x_wconf 89' lang='lat' dir='ltr'>sentiat</span> <span class='ocrx_word' id='word_1_515' title='bbox 1506 4058 1614 4132; x_wconf 88' lang='lat' dir='ltr'>huius</span> <span class='ocrx_word' id='word_1_516' title='bbox 1632 4061 1720 4129; x_wconf 84' lang='lat' dir='ltr'>lucis</span> <span class='ocrx_word' id='word_1_517' title='bbox 1734 4084 1876 4130; x_wconf 88' lang='lat' dir='ltr'>usuram</span> <span class='ocrx_word' id='word_1_518' title='bbox 1897 4060 2069 4129; x_wconf 87' lang='lat' dir='ltr'>divinitus</span> <span class='ocrx_word' id='word_1_519' title='bbox 2084 4060 2191 4130; x_wconf 90' lang='lat' dir='ltr'>nobis</span> <span class='ocrx_word' id='word_1_520' title='bbox 2204 4084 2284 4130; x_wconf 90' lang='lat' dir='ltr'>cou-</span> 
     </span>
     <span class='ocr_line' id='line_1_71' title="bbox 1298 4163 2284 4249; baseline -0.003 -14"><span class='ocrx_word' id='word_1_521' title='bbox 1298 4188 1428 4235; x_wconf 86' lang='lat' dir='ltr'>cessam</span> <span class='ocrx_word' id='word_1_522' title='bbox 1455 4188 1546 4249; x_wconf 90' lang='lat' dir='ltr'>csse,</span> <span class='ocrx_word' id='word_1_523' title='bbox 1578 4163 1707 4232; x_wconf 89' lang='lat' dir='ltr'>deinde</span> <span class='ocrx_word' id='word_1_524' title='bbox 1732 4186 1797 4230; x_wconf 91' lang='lat' dir='ltr'>nos</span> <span class='ocrx_word' id='word_1_525' title='bbox 1818 4187 1890 4230; x_wconf 93' lang='lat' dir='ltr'>non</span> <span class='ocrx_word' id='word_1_526' title='bbox 1914 4178 2045 4233; x_wconf 89' lang='lat' dir='ltr'>temere</span> <span class='ocrx_word' id='word_1_527' title='bbox 2068 4163 2284 4246; x_wconf 85' lang='lat' dir='ltr'>occumbere,</span> 
     </span>
     <span class='ocr_line' id='line_1_72' title="bbox 1297 4261 2283 4356; baseline -0.007 -18"><span class='ocrx_word' id='word_1_528' title='bbox 1297 4267 1356 4338; x_wconf 89' lang='lat' dir='ltr'>sed</span> <span class='ocrx_word' id='word_1_529' title='bbox 1373 4267 1439 4338; x_wconf 93' lang='lat' dir='ltr'>Dei</span> <span class='ocrx_word' id='word_1_530' title='bbox 1458 4266 1605 4336; x_wconf 87' lang='lat' dir='ltr'>arbitrio</span> <span class='ocrx_word' id='word_1_531' title='bbox 1623 4288 1748 4333; x_wconf 84' lang='lat' dir='ltr'>exuere</span> <span class='ocrx_word' id='word_1_532' title='bbox 1760 4261 1829 4334; x_wconf 92' lang='lat' dir='ltr'>hoc</span> <span class='ocrx_word' id='word_1_533' title='bbox 1844 4288 1992 4355; x_wconf 87' lang='lat' dir='ltr'>corpus,</span> <span class='ocrx_word' id='word_1_534' title='bbox 2018 4278 2200 4356; x_wconf 87' lang='lat' dir='ltr'>praeterea</span> <span class='ocrx_word' id='word_1_535' title='bbox 2214 4285 2283 4334; x_wconf 93' lang='lat' dir='ltr'>non</span> 
     </span>
    </p>
   </div>
   <div class='ocr_carea' id='block_1_5' title="bbox 254 4364 2283 5588">
    <p class='ocr_par' dir='ltr' id='par_1_6' title="bbox 254 4364 2283 5588">
     <span class='ocr_line' id='line_1_73' title="bbox 254 4364 2283 4465; baseline -0.012 -6"><span class='ocrx_word' id='word_1_536' title='bbox 254 4376 377 4448; x_wconf 63' lang='lat' dir='ltr'>Nolim</span> <span class='ocrx_word' id='word_1_537' title='bbox 399 4372 530 4464; x_wconf 68' lang='grc' dir='ltr'>Ρὸῐῐῑθθ</span> <span class='ocrx_word' id='word_1_538' title='bbox 551 4369 642 4438; x_wconf 68' lang='lat'>&#39;⁰³¹0</span> <span class='ocrx_word' id='word_1_539' title='bbox 657 4367 827 4451; x_wconf 59' lang='lat' dir='ltr'>minaris</span> <span class='ocrx_word' id='word_1_540' title='bbox 852 4380 888 4436; x_wconf 67' lang='lat'>³2</span> <span class='ocrx_word' id='word_1_541' title='bbox 906 4380 1024 4465; x_wconf 64' lang='lat'>¹⁰²[130</span> <span class='ocrx_word' id='word_1_542' title='bbox 1041 4377 1176 4446; x_wconf 56' lang='lat' dir='ltr'>umen,</span> <span class='ocrx_word' id='word_1_543' title='bbox 1200 4386 1246 4431; x_wconf 70' lang='lat'>1¹⁰</span> <span class='ocrx_word' id='word_1_544' title='bbox 1297 4385 1435 4442; x_wconf 90' lang='lat' dir='ltr'>tantum</span> <span class='ocrx_word' id='word_1_545' title='bbox 1453 4369 1582 4459; x_wconf 92' lang='lat' dir='ltr'>deponi</span> <span class='ocrx_word' id='word_1_546' title='bbox 1598 4367 1724 4446; x_wconf 85' lang='lat' dir='ltr'>vitam,</span> <span class='ocrx_word' id='word_1_547' title='bbox 1750 4368 1811 4436; x_wconf 90' lang='lat' dir='ltr'>sed</span> <span class='ocrx_word' id='word_1_548' title='bbox 1823 4364 1901 4435; x_wconf 90' lang='lat' dir='ltr'>Deo</span> <span class='ocrx_word' id='word_1_549' title='bbox 1917 4367 1986 4436; x_wconf 93' lang='lat' dir='ltr'>iam</span> <span class='ocrx_word' id='word_1_550' title='bbox 2002 4365 2199 4450; x_wconf 88' lang='lat' dir='ltr'>committi,</span> <span class='ocrx_word' id='word_1_551' title='bbox 2225 4390 2283 4458; x_wconf 90' lang='lat' dir='ltr'>po·</span> 
     </span>
     <span class='ocr_line' id='line_1_74' title="bbox 254 4461 2281 4558; baseline -0.011 2"><span class='ocrx_word' id='word_1_552' title='bbox 254 4476 354 4551; x_wconf 59' lang='grc' dir='ltr'>Ποῦ*</span> <span class='ocrx_word' id='word_1_553' title='bbox 373 4476 484 4546; x_wconf 58' lang='lat' dir='ltr'>{salut</span> <span class='ocrx_word' id='word_1_554' title='bbox 506 4465 926 4558; x_wconf 62' lang='lat' dir='ltr'>leffishssnsseripufflls</span> <span class='ocrx_word' id='word_1_555' title='bbox 952 4489 1116 4558; x_wconf 68' lang='lat' dir='ltr'>nequem</span> <span class='ocrx_word' id='word_1_556' title='bbox 1134 4461 1245 4534; x_wconf 60' lang='lat' dir='ltr'>habe·</span> <span class='ocrx_word' id='word_1_557' title='bbox 1297 4487 1426 4542; x_wconf 86' lang='lat' dir='ltr'>strcmo</span> <span class='ocrx_word' id='word_1_558' title='bbox 1457 4472 1561 4541; x_wconf 90' lang='lat' dir='ltr'>etiam</span> <span class='ocrx_word' id='word_1_559' title='bbox 1586 4466 1652 4537; x_wconf 90' lang='lat' dir='ltr'>Dei</span> <span class='ocrx_word' id='word_1_560' title='bbox 1686 4492 1816 4538; x_wconf 89' lang='lat' dir='ltr'>nomen</span> <span class='ocrx_word' id='word_1_561' title='bbox 1840 4469 1879 4536; x_wconf 95' lang='lat' dir='ltr'>in</span> <span class='ocrx_word' id='word_1_562' title='bbox 1904 4483 2056 4539; x_wconf 86' lang='lat' dir='ltr'>extremo</span> <span class='ocrx_word' id='word_1_563' title='bbox 2080 4469 2281 4540; x_wconf 82' lang='lat' dir='ltr'>discrimine</span> 
     </span>
     <span class='ocr_line' id='line_1_75' title="bbox 255 4564 2281 4666; baseline -0.009 -8"><span class='ocrx_word' id='word_1_564' title='bbox 255 4601 375 4651; x_wconf 75' lang='lat' dir='ltr'>runos</span> <span class='ocrx_word' id='word_1_565' title='bbox 395 4578 565 4647; x_wconf 82' lang='lat' dir='ltr'>idoneum</span> <span class='ocrx_word' id='word_1_566' title='bbox 591 4572 752 4664; x_wconf 78' lang='lat' dir='ltr'>publicae</span> <span class='ocrx_word' id='word_1_567' title='bbox 777 4568 872 4661; x_wconf 82' lang='lat' dir='ltr'>pacis</span> <span class='ocrx_word' id='word_1_568' title='bbox 896 4581 1065 4637; x_wconf 81' lang='lat' dir='ltr'>autorem.</span> <span class='ocrx_word' id='word_1_569' title='bbox 1117 4564 1245 4637; x_wconf 81' lang='lat' dir='ltr'>Multis</span> <span class='ocrx_word' id='word_1_570' title='bbox 1298 4575 1484 4666; x_wconf 82' lang='lat' dir='ltr'>praedicat.</span> <span class='ocrx_word' id='word_1_571' title='bbox 1537 4569 1571 4642; x_wconf 88' lang='lat' dir='ltr'>ts</span> <span class='ocrx_word' id='word_1_572' title='bbox 1593 4572 1717 4662; x_wconf 82' lang='lat' dir='ltr'>procul</span> <span class='ocrx_word' id='word_1_573' title='bbox 1740 4571 1850 4641; x_wconf 82' lang='lat' dir='ltr'>dubio</span> <span class='ocrx_word' id='word_1_574' title='bbox 1875 4571 2124 4640; x_wconf 81' lang='lat' dir='ltr'>animadvertit</span> <span class='ocrx_word' id='word_1_575' title='bbox 2149 4583 2281 4664; x_wconf 77' lang='lat' dir='ltr'>praesto</span> 
     </span>
     <span class='ocr_line' id='line_1_76' title="bbox 256 4668 2282 4771; baseline -0.01 -8"><span class='ocrx_word' id='word_1_576' title='bbox 256 4684 328 4752; x_wconf 68' lang='lat' dir='ltr'>iam</span> <span class='ocrx_word' id='word_1_577' title='bbox 359 4677 531 4771; x_wconf 66' lang='lat' dir='ltr'>Pr⁰dittfi⁸</span> <span class='ocrx_word' id='word_1_578' title='bbox 551 4675 640 4745; x_wconf 65' lang='lat' dir='ltr'>51³¹ss</span> <span class='ocrx_word' id='word_1_579' title='bbox 663 4697 762 4740; x_wconf 61' lang='lat' dir='ltr'>suam</span> <span class='ocrx_word' id='word_1_580' title='bbox 783 4669 992 4760; x_wconf 85' lang='lat' dir='ltr'>significavit</span> <span class='ocrx_word' id='word_1_581' title='bbox 1015 4668 1129 4751; x_wconf 64' lang='lat' dir='ltr'>Deusss</span> <span class='ocrx_word' id='word_1_582' title='bbox 1164 4682 1244 4739; x_wconf 83' lang='lat' dir='ltr'>nata</span> <span class='ocrx_word' id='word_1_583' title='bbox 1296 4678 1415 4745; x_wconf 84' lang='lat' dir='ltr'>adesse</span> <span class='ocrx_word' id='word_1_584' title='bbox 1444 4672 1559 4743; x_wconf 91' lang='lat' dir='ltr'>Deum</span> <span class='ocrx_word' id='word_1_585' title='bbox 1589 4685 1733 4764; x_wconf 90' lang='lat' dir='ltr'>portum</span> <span class='ocrx_word' id='word_1_586' title='bbox 1765 4689 1799 4742; x_wconf 90' lang='lat' dir='ltr'>et</span> <span class='ocrx_word' id='word_1_587' title='bbox 1828 4673 2029 4763; x_wconf 87' lang='lat' dir='ltr'>profugium</span> <span class='ocrx_word' id='word_1_588' title='bbox 2060 4671 2282 4764; x_wconf 87' lang='lat' dir='ltr'>periclitanti.</span> 
     </span>
     <span class='ocr_line' id='line_1_77' title="bbox 256 4771 2283 4866; baseline -0.006 -14"><span class='ocrx_word' id='word_1_589' title='bbox 256 4795 434 4866; x_wconf 89' lang='lat' dir='ltr'>monstra,</span> <span class='ocrx_word' id='word_1_590' title='bbox 460 4778 561 4848; x_wconf 85' lang='lat' dir='ltr'>Soles</span> <span class='ocrx_word' id='word_1_591' title='bbox 584 4776 781 4865; x_wconf 87' lang='lat' dir='ltr'>cumplures</span> <span class='ocrx_word' id='word_1_592' title='bbox 799 4773 886 4856; x_wconf 90' lang='lat' dir='ltr'>visi,</span> <span class='ocrx_word' id='word_1_593' title='bbox 912 4785 1020 4841; x_wconf 89' lang='lat' dir='ltr'>noctu</span> <span class='ocrx_word' id='word_1_594' title='bbox 1034 4771 1141 4840; x_wconf 91' lang='lat' dir='ltr'>irides</span> <span class='ocrx_word' id='word_1_595' title='bbox 1159 4796 1245 4839; x_wconf 89' lang='lat' dir='ltr'>cun·</span> <span class='ocrx_word' id='word_1_596' title='bbox 1296 4777 1384 4848; x_wconf 79' lang='lat' dir='ltr'>Nam</span> <span class='ocrx_word' id='word_1_597' title='bbox 1410 4776 1516 4866; x_wconf 91' lang='lat' dir='ltr'>impia</span> <span class='ocrx_word' id='word_1_598' title='bbox 1538 4798 1639 4842; x_wconf 91' lang='lat' dir='ltr'>mens</span> <span class='ocrx_word' id='word_1_599' title='bbox 1659 4777 1771 4847; x_wconf 91' lang='lat' dir='ltr'>nescit</span> <span class='ocrx_word' id='word_1_600' title='bbox 1793 4798 1832 4845; x_wconf 88' lang='lat' dir='ltr'>sa</span> <span class='ocrx_word' id='word_1_601' title='bbox 1852 4776 2027 4844; x_wconf 90' lang='lat' dir='ltr'>divinitus</span> <span class='ocrx_word' id='word_1_602' title='bbox 2044 4775 2220 4864; x_wconf 84' lang='lat' dir='ltr'>accepisse</span> <span class='ocrx_word' id='word_1_603' title='bbox 2234 4774 2283 4844; x_wconf 82' lang='lat' dir='ltr'>vi·</span> 
     </span>
     <span class='ocr_line' id='line_1_78' title="bbox 257 4871 2281 4975; baseline -0.007 -13"><span class='ocrx_word' id='word_1_604' title='bbox 257 4896 411 4975; x_wconf 69' lang='lat' dir='ltr'>⁸pecl³es</span> <span class='ocrx_word' id='word_1_605' title='bbox 438 4880 574 4949; x_wconf 64' lang='lat' dir='ltr'>sonitus</span> <span class='ocrx_word' id='word_1_606' title='bbox 597 4876 634 4945; x_wconf 68' lang='lat'>5⁰</span> <span class='ocrx_word' id='word_1_607' title='bbox 658 4899 737 4945; x_wconf 65' lang='lat' dir='ltr'>itere</span> <span class='ocrx_word' id='word_1_608' title='bbox 753 4888 1005 4968; x_wconf 55' lang='lat' dir='ltr'>tympanorum</span> <span class='ocrx_word' id='word_1_609' title='bbox 1021 4873 1181 4959; x_wconf 66' lang='lat' dir='ltr'>auditus,</span> <span class='ocrx_word' id='word_1_610' title='bbox 1206 4885 1246 4942; x_wconf 79' lang='lat' dir='ltr'>ul</span> <span class='ocrx_word' id='word_1_611' title='bbox 1296 4895 1379 4965; x_wconf 88' lang='lat' dir='ltr'>tam,</span> <span class='ocrx_word' id='word_1_612' title='bbox 1403 4892 1531 4947; x_wconf 88' lang='lat' dir='ltr'>temere</span> <span class='ocrx_word' id='word_1_613' title='bbox 1548 4877 1723 4946; x_wconf 86' lang='lat' dir='ltr'>existimat</span> <span class='ocrx_word' id='word_1_614' title='bbox 1737 4902 1773 4947; x_wconf 91' lang='lat' dir='ltr'>se</span> <span class='ocrx_word' id='word_1_615' title='bbox 1786 4878 2005 4962; x_wconf 91' lang='lat' dir='ltr'>occumbere,</span> <span class='ocrx_word' id='word_1_616' title='bbox 2030 4871 2124 4946; x_wconf 91' lang='lat' dir='ltr'>nihil</span> <span class='ocrx_word' id='word_1_617' title='bbox 2138 4878 2177 4947; x_wconf 92' lang='lat' dir='ltr'>in</span> <span class='ocrx_word' id='word_1_618' title='bbox 2193 4890 2281 4948; x_wconf 80' lang='lat' dir='ltr'>tantu</span> 
     </span>
     <span class='ocr_line' id='line_1_79' title="bbox 256 4975 2282 5069; baseline -0.003 -14"><span class='ocrx_word' id='word_1_619' title='bbox 256 4999 318 5055; x_wconf 90' lang='lat' dir='ltr'>aut</span> <span class='ocrx_word' id='word_1_620' title='bbox 339 5006 458 5053; x_wconf 88' lang='lat' dir='ltr'>rerum</span> <span class='ocrx_word' id='word_1_621' title='bbox 476 4980 636 5049; x_wconf 91' lang='lat' dir='ltr'>omnium</span> <span class='ocrx_word' id='word_1_622' title='bbox 652 4978 732 5046; x_wconf 83' lang='lat' dir='ltr'>bnis</span> <span class='ocrx_word' id='word_1_623' title='bbox 745 4977 925 5045; x_wconf 90' lang='lat' dir='ltr'>videretur</span> <span class='ocrx_word' id='word_1_624' title='bbox 939 4976 1159 5065; x_wconf 90' lang='lat' dir='ltr'>impendere,</span> <span class='ocrx_word' id='word_1_625' title='bbox 1186 4986 1246 5043; x_wconf 90' lang='lat' dir='ltr'>aut</span> <span class='ocrx_word' id='word_1_626' title='bbox 1296 4981 1492 5050; x_wconf 74' lang='lat' dir='ltr'>calamitate</span> <span class='ocrx_word' id='word_1_627' title='bbox 1522 4979 1687 5069; x_wconf 88' lang='lat' dir='ltr'>praesidii</span> <span class='ocrx_word' id='word_1_628' title='bbox 1716 4975 1833 5053; x_wconf 88' lang='lat' dir='ltr'>habet.</span> <span class='ocrx_word' id='word_1_629' title='bbox 1893 4978 2075 5051; x_wconf 90' lang='lat' dir='ltr'>Postremo</span> <span class='ocrx_word' id='word_1_630' title='bbox 2105 4994 2282 5052; x_wconf 82' lang='lat' dir='ltr'>execratur</span> 
     </span>
     <span class='ocr_line' id='line_1_80' title="bbox 258 5072 2282 5175; baseline -0.003 -20"><span class='ocrx_word' id='word_1_631' title='bbox 258 5084 447 5174; x_wconf 88' lang='lat' dir='ltr'>singularis</span> <span class='ocrx_word' id='word_1_632' title='bbox 469 5079 683 5151; x_wconf 88' lang='lat' dir='ltr'>Germaniae</span> <span class='ocrx_word' id='word_1_633' title='bbox 712 5079 839 5150; x_wconf 84' lang='lat' dir='ltr'>clades.</span> <span class='ocrx_word' id='word_1_634' title='bbox 900 5072 1054 5147; x_wconf 86' lang='lat' dir='ltr'>Accessit</span> <span class='ocrx_word' id='word_1_635' title='bbox 1085 5078 1127 5144; x_wconf 93' lang='lat' dir='ltr'>ad</span> <span class='ocrx_word' id='word_1_636' title='bbox 1161 5073 1246 5146; x_wconf 86' lang='lat' dir='ltr'>baec</span> <span class='ocrx_word' id='word_1_637' title='bbox 1297 5083 1402 5153; x_wconf 87' lang='lat' dir='ltr'>ctiam</span> <span class='ocrx_word' id='word_1_638' title='bbox 1430 5080 1553 5150; x_wconf 90' lang='lat' dir='ltr'>divina</span> <span class='ocrx_word' id='word_1_639' title='bbox 1580 5081 1701 5149; x_wconf 93' lang='lat' dir='ltr'>omnia</span> <span class='ocrx_word' id='word_1_640' title='bbox 1733 5106 1812 5151; x_wconf 91' lang='lat' dir='ltr'>cum</span> <span class='ocrx_word' id='word_1_641' title='bbox 1842 5083 1955 5151; x_wconf 87' lang='lat' dir='ltr'>deseri</span> <span class='ocrx_word' id='word_1_642' title='bbox 1985 5107 2022 5151; x_wconf 90' lang='lat' dir='ltr'>se</span> <span class='ocrx_word' id='word_1_643' title='bbox 2048 5083 2168 5152; x_wconf 89' lang='lat' dir='ltr'>sentit.</span> <span class='ocrx_word' id='word_1_644' title='bbox 2220 5078 2282 5175; x_wconf 83' lang='lat' dir='ltr'>Hic</span> 
     </span>
     <span class='ocr_line' id='line_1_81' title="bbox 256 5173 2282 5277; baseline -0.007 -18"><span class='ocrx_word' id='word_1_645' title='bbox 256 5186 430 5259; x_wconf 86' lang='lat' dir='ltr'>Friderici</span> <span class='ocrx_word' id='word_1_646' title='bbox 445 5207 555 5266; x_wconf 91' lang='lat' dir='ltr'>mors,</span> <span class='ocrx_word' id='word_1_647' title='bbox 581 5205 687 5274; x_wconf 89' lang='lat' dir='ltr'>quem</span> <span class='ocrx_word' id='word_1_648' title='bbox 701 5204 813 5250; x_wconf 88' lang='lat' dir='ltr'>unum</span> <span class='ocrx_word' id='word_1_649' title='bbox 827 5173 1020 5248; x_wconf 90' lang='lat' dir='ltr'>habuimus</span> <span class='ocrx_word' id='word_1_650' title='bbox 1033 5176 1246 5269; x_wconf 89' lang='lat' dir='ltr'>Principem,</span> <span class='ocrx_word' id='word_1_651' title='bbox 1297 5209 1379 5253; x_wconf 82' lang='lat' dir='ltr'>vero</span> <span class='ocrx_word' id='word_1_652' title='bbox 1396 5182 1591 5273; x_wconf 87' lang='lat' dir='ltr'>implorans</span> <span class='ocrx_word' id='word_1_653' title='bbox 1610 5206 1712 5273; x_wconf 87' lang='lat' dir='ltr'>opem</span> <span class='ocrx_word' id='word_1_654' title='bbox 1730 5205 1748 5250; x_wconf 92' lang='lat' dir='ltr'>a</span> <span class='ocrx_word' id='word_1_655' title='bbox 1764 5180 1840 5251; x_wconf 91' lang='lat' dir='ltr'>Deo</span> <span class='ocrx_word' id='word_1_656' title='bbox 1854 5184 1949 5275; x_wconf 88' lang='lat' dir='ltr'>ipso,</span> <span class='ocrx_word' id='word_1_657' title='bbox 1975 5199 2010 5254; x_wconf 87' lang='lat' dir='ltr'>et</span> <span class='ocrx_word' id='word_1_658' title='bbox 2025 5188 2227 5277; x_wconf 70' lang='lat' dir='ltr'>postulans,</span> <span class='ocrx_word' id='word_1_659' title='bbox 2248 5191 2282 5253; x_wconf 88' lang='lat' dir='ltr'>ut</span> 
     </span>
     <span class='ocr_line' id='line_1_82' title="bbox 257 5279 2281 5381; baseline -0.003 -21"><span class='ocrx_word' id='word_1_660' title='bbox 257 5290 358 5360; x_wconf 88' lang='lat' dir='ltr'>cuius</span> <span class='ocrx_word' id='word_1_661' title='bbox 385 5285 534 5357; x_wconf 88' lang='lat' dir='ltr'>consilio</span> <span class='ocrx_word' id='word_1_662' title='bbox 557 5283 697 5372; x_wconf 89' lang='lat' dir='ltr'>publica</span> <span class='ocrx_word' id='word_1_663' title='bbox 720 5282 812 5350; x_wconf 92' lang='lat' dir='ltr'>mala</span> <span class='ocrx_word' id='word_1_664' title='bbox 836 5280 952 5349; x_wconf 90' lang='lat' dir='ltr'>sanari</span> <span class='ocrx_word' id='word_1_665' title='bbox 973 5293 1146 5372; x_wconf 87' lang='lat' dir='ltr'>poterant.</span> <span class='ocrx_word' id='word_1_666' title='bbox 1198 5279 1246 5352; x_wconf 87' lang='lat' dir='ltr'>Et</span> <span class='ocrx_word' id='word_1_667' title='bbox 1296 5287 1447 5355; x_wconf 90' lang='lat' dir='ltr'>aliorum</span> <span class='ocrx_word' id='word_1_668' title='bbox 1471 5286 1633 5377; x_wconf 84' lang='lat' dir='ltr'>precibus</span> <span class='ocrx_word' id='word_1_669' title='bbox 1655 5285 1854 5364; x_wconf 88' lang='lat' dir='ltr'>iuvaretur,</span> <span class='ocrx_word' id='word_1_670' title='bbox 1881 5310 1955 5355; x_wconf 91' lang='lat' dir='ltr'>non</span> <span class='ocrx_word' id='word_1_671' title='bbox 1978 5289 2084 5357; x_wconf 90' lang='lat' dir='ltr'>semel</span> <span class='ocrx_word' id='word_1_672' title='bbox 2109 5287 2281 5381; x_wconf 78' lang='lat' dir='ltr'>protessus</span> 
     </span>
     <span class='ocr_line' id='line_1_83' title="bbox 257 5381 2280 5480; baseline -0.006 -19"><span class='ocrx_word' id='word_1_673' title='bbox 257 5403 408 5460; x_wconf 90' lang='lat' dir='ltr'>mortem</span> <span class='ocrx_word' id='word_1_674' title='bbox 429 5401 526 5458; x_wconf 91' lang='lat' dir='ltr'>tuam</span> <span class='ocrx_word' id='word_1_675' title='bbox 540 5383 720 5454; x_wconf 84' lang='lat' dir='ltr'>Friderice</span> <span class='ocrx_word' id='word_1_676' title='bbox 742 5407 816 5452; x_wconf 93' lang='lat' dir='ltr'>non</span> <span class='ocrx_word' id='word_1_677' title='bbox 833 5381 1065 5452; x_wconf 84' lang='lat' dir='ltr'>defleremus?</span> <span class='ocrx_word' id='word_1_678' title='bbox 1091 5407 1164 5451; x_wconf 90' lang='lat' dir='ltr'>non</span> <span class='ocrx_word' id='word_1_679' title='bbox 1179 5386 1244 5454; x_wconf 92' lang='lat' dir='ltr'>du·</span> <span class='ocrx_word' id='word_1_680' title='bbox 1297 5401 1365 5472; x_wconf 90' lang='lat' dir='ltr'>est,</span> <span class='ocrx_word' id='word_1_681' title='bbox 1392 5387 1478 5480; x_wconf 92' lang='lat' dir='ltr'>qnid</span> <span class='ocrx_word' id='word_1_682' title='bbox 1498 5400 1672 5477; x_wconf 88' lang='lat' dir='ltr'>speraret,</span> <span class='ocrx_word' id='word_1_683' title='bbox 1699 5399 1738 5455; x_wconf 90' lang='lat' dir='ltr'>ut</span> <span class='ocrx_word' id='word_1_684' title='bbox 1756 5408 1792 5453; x_wconf 88' lang='lat' dir='ltr'>se</span> <span class='ocrx_word' id='word_1_685' title='bbox 1811 5388 1982 5458; x_wconf 87' lang='lat' dir='ltr'>reiecisset</span> <span class='ocrx_word' id='word_1_686' title='bbox 1997 5403 2108 5461; x_wconf 81' lang='lat' dir='ltr'>totum</span> <span class='ocrx_word' id='word_1_687' title='bbox 2125 5391 2164 5459; x_wconf 78' lang='lat' dir='ltr'>in</span> <span class='ocrx_word' id='word_1_688' title='bbox 2179 5384 2280 5459; x_wconf 72' lang='lat' dir='ltr'>Chri-</span> 
     </span>
     <span class='ocr_line' id='line_1_84' title="bbox 257 5481 2280 5588; baseline -0.001 -23"><span class='ocrx_word' id='word_1_689' title='bbox 257 5494 409 5567; x_wconf 86' lang='lat' dir='ltr'>leremns</span> <span class='ocrx_word' id='word_1_690' title='bbox 428 5491 541 5560; x_wconf 80' lang='lat' dir='ltr'>ricem</span> <span class='ocrx_word' id='word_1_691' title='bbox 558 5500 717 5560; x_wconf 87' lang='lat' dir='ltr'>nostram</span> <span class='ocrx_word' id='word_1_692' title='bbox 732 5485 868 5572; x_wconf 90' lang='lat' dir='ltr'>orbati,</span> <span class='ocrx_word' id='word_1_693' title='bbox 894 5508 968 5556; x_wconf 94' lang='lat' dir='ltr'>non</span> <span class='ocrx_word' id='word_1_694' title='bbox 983 5481 1159 5572; x_wconf 89' lang='lat' dir='ltr'>Domino,</span> <span class='ocrx_word' id='word_1_695' title='bbox 1184 5487 1245 5558; x_wconf 86' lang='lat' dir='ltr'>sed</span> <span class='ocrx_word' id='word_1_696' title='bbox 1294 5503 1400 5577; x_wconf 92' lang='lat' dir='ltr'>stum,</span> <span class='ocrx_word' id='word_1_697' title='bbox 1419 5488 1564 5561; x_wconf 88' lang='lat' dir='ltr'>interim</span> <span class='ocrx_word' id='word_1_698' title='bbox 1579 5488 1684 5559; x_wconf 91' lang='lat' dir='ltr'>etiam</span> <span class='ocrx_word' id='word_1_699' title='bbox 1699 5487 1881 5560; x_wconf 88' lang='lat' dir='ltr'>verissimo</span> <span class='ocrx_word' id='word_1_700' title='bbox 1895 5491 2175 5588; x_wconf 87' lang='lat' dir='ltr'>suavissimoque</span> <span class='ocrx_word' id='word_1_701' title='bbox 2186 5514 2280 5587; x_wconf 86' lang='lat' dir='ltr'>prae·</span> 
     </span>
    </p>
   </div>
   <div class='ocr_carea' id='block_1_6' title="bbox 0 0 2336 6021">
    <p class='ocr_par' dir='ltr' id='par_1_7' title="bbox 0 0 2336 6021">
     <span class='ocr_line' id='line_1_85' title="bbox 0 0 2336 6021; baseline 0 0"><span class='ocrx_word' id='word_1_702' title='bbox 0 0 2336 6021; x_wconf 95' lang='lat' dir='ltr'> </span> 
     </span>
    </p>
   </div>
  </div>
 </body>
</html>
