4664 6022
50 4629 53 4636 .
158 4585 302 4643 moneat
319 4565 494 4640 humanae
511 4565 690 4645 miseriae,
713 4564 809 4656 quod
827 4557 960 4632 heroici
976 4575 1011 4632 ct
1030 4561 1150 4631 sortis-

129 302 213 401 ’ωε
346 428 350 435 Ι
623 252 787 390 bron
818 302 897 387 nn
927 286 1699 391 rnrnrnrcoraararo'ssa

140 510 222 572 rent
237 517 339 571 suam
353 488 584 587 impietatem.
620 481 761 589 Deinde
775 496 950 583 quantum
964 483 1072 554 decus
1087 493 1140 553 est
1189 482 1271 558 ium
1283 483 1325 557 in
1340 486 1449 558 ermis
1461 485 1571 559 foelix
1587 485 1693 559 etiam
1708 483 1826 571 tuerit,
1849 497 1884 558 et
1899 482 2086 578 profligatis

141 598 350 694 magnitudo
371 592 500 678 animi,
524 589 622 685 quod
645 612 752 661 ausus
770 585 974 681 est‚procul
997 587 1038 656 in
1054 579 1140 656 Asia
1189 588 1254 676 lis,
1278 588 1469 661 diuturnae
1486 590 1583 684 pacis
1599 604 1634 662 et
1651 589 1779 683 optimi
1792 601 1904 661 status
1919 600 2026 659 autor
2041 588 2084 658 in

145 726 316 801 quaerere
343 694 504 786 hostem,
538 705 574 764 et
602 714 741 763 sumere
772 689 1022 762 difficillimam
1052 685 1141 758 belli
1191 690 1311 761 mania
1323 702 1359 761 et
1374 689 1477 764 ltalia
1491 692 1612 773 fuerit,
1638 691 1793 786 deniqne
1806 712 1887 761 cum
1903 692 2086 782 repressori

145 821 303 903 partem,
327 801 424 897 quod
447 804 523 867 ndn
544 792 718 866 deterruit
740 817 821 865 eum
839 791 1012 864 foelicitas
1038 787 1141 862 Sala-
1192 793 1366 878 ladinum,
1382 793 1460 864 iure
1476 794 1582 866 horris
1597 792 1885 887 imperatoribus,
1904 804 1940 864 et
1956 788 2086 865 heroid

146 909 237 984 dini.
274 904 394 996 Quare
410 896 635 971 Fridericum
649 920 724 967 non
741 892 989 966 existimabitis
1004 891 1143 963 medio·
1193 908 1268 968 tute
1282 896 1544 988 praestantibus
1558 894 1783 968 Fridericum
1797 916 2087 973 annumeremus.

147 1014 242 1085 crem
255 1009 411 1101 aliquem
424 998 560 1073 Ducem
576 998 697 1076 luisse.
739 993 926 1070 Excellens
941 993 1054 1089 ipsius
1069 993 1143 1064 vir·
1193 993 1420 1069 stulabathic
1434 998 1552 1084 locus,
1577 1012 1618 1070 ut
1637 999 1743 1072 etiam
1759 999 1804 1067 de
1818 996 2012 1068 domestica
2026 997 2086 1069 eiu

150 1131 227 1198 tus,
251 1110 339 1182 etin
355 1104 463 1178 armis
481 1101 673 1188 foelicitas,
696 1101 782 1172 satis
799 1101 1012 1182 ostendunt,
1034 1096 1142 1167 inisse
1194 1113 1229 1171 et
1248 1100 1409 1170 moribus
1421 1101 1636 1187 diceremus,
1662 1079 1752 1197 quos
1775 1100 1913 1190 egregie
1936 1099 2087 1191 praedic

150 1209 351 1289 Achilleam
374 1221 551 1279 naturam.
604 1199 657 1275 lta
680 1202 776 1272 enim
792 1200 955 1274 Saladini
974 1198 1142 1269 virtutem
1195 1202 1355 1294 garinus.
1408 1198 1457 1273 Et
1475 1203 1683 1293 magnitudo
1707 1226 1825 1272 rerum
1847 1214 1998 1272 testatur
2010 1224 2087 1272 eun

150 1333 184 1390 et
205 1312 432 1386 foelicitatem
457 1302 654 1379 conterruit
675 1303 896 1389 Fridericus‚
921 1316 962 1372 ut
985 1323 1058 1370 non
1083 1321 1143 1370 so·
1194 1303 1303 1375 luisse
1322 1302 1482 1374 deditum
1503 1305 1621 1389 lurni,
1655 1318 1715 1376 aut
1738 1303 1998 1395 voluptatibus:
2032 1302 2087 1375 tat

149 1421 227 1491 lum
245 1418 469 1506 languescere
491 1386 788 1480 statimssaladini
811 1404 952 1475 animus
978 1401 1144 1495 coeperit,
1196 1432 1238 1476 eo
1255 1405 1483 1498 praecipuum
1497 1408 1655 1479 studium
1671 1406 1870 1498 religionis,
1896 1409 2087 1476 ostendunt

150 1523 212 1593 sed
235 1518 343 1590 etiam
371 1525 492 1608 postea
514 1510 578 1582 diu
599 1533 656 1579 res
670 1504 958 1581 Christianorum
984 1506 1023 1573 in
1040 1503 1144 1600 Syria
1195 1522 1365 1579 numerata
1386 1507 1551 1599 plurima.
1602 1506 1719 1579 Multa
1748 1509 1846 1579 enim
1868 1509 2015 1599 collegia
2038 1505 2087 1581 Rt

150 1620 286 1696 suerint
299 1614 512 1710 superiores.
546 1610 819 1706 Potuissentque
833 1624 909 1681 tum
926 1606 1067 1701 penitus
1082 1609 1145 1676 de·
1196 1613 1309 1690 rium,
1335 1625 1375 1680 ut
1392 1625 1537 1696 vocant,
1563 1611 1743 1695 condidit,
1769 1625 1809 1681 ut
1829 1610 1867 1678 in
1894 1610 1965 1682 illis
1989 1611 2087 1681 colec

152 1725 238 1810 leri,
262 1733 324 1793 aut
337 1731 430 1790 certe
446 1740 489 1786 ex
502 1712 606 1811 Syria
622 1726 656 1785 et
672 1711 835 1808 Aegypto
853 1710 939 1803 pelli
958 1704 1146 1779 Mahome-
1197 1710 1314 1783 studia
1341 1712 1524 1782 doctrinae
1545 1708 1792 1798 Christianae,
1821 1735 1911 1807 quae
1940 1726 2029 1783 tarne
2053 1710 2088 1781 vi

154 1822 257 1903 tistae
274 1847 315 1895 ac
328 1818 458 1903 Tusci,
472 1810 637 1911 ‘quorum
651 1838 785 1886 nomen
802 1828 888 1886 tunc
909 1811 1062 1904 primum
1081 1833 1147 1880 au·
1197 1813 1328 1903 negligi
1345 1813 1383 1882 in
1399 1813 1472 1884 illis
1488 1815 1664 1885 veteribus
1680 1828 1714 1885 et
1735 1814 2022 1906 opulentioribus
2038 1816 2088 1884 co!

155 1930 272 2002 ditum
294 1935 366 2008 est,
391 1921 422 1992 si
438 1917 640 1989 Fridericus
662 1917 797 1987 diutius
820 1926 994 2009 superstes
1012 1911 1146 1986 luisset.
1198 1930 1231 1986 et
1247 1917 1480 1989 monasteriis.
1520 1916 1607 1986 'l’ria
1622 1916 1770 1986 memini
1784 1916 1930 2006 collegia
1947 1918 1995 1986 ab
2012 1914 2088 2009 ipsu

73 2031 76 2035 ’
154 2031 226 2106 Sed
249 2030 338 2111 iata,
370 2037 411 2095 ut
430 2045 494 2112 ego
526 2019 670 2114 quidem
700 2018 931 2109 interpretor,
970 2015 1148 2106 urgebant
1197 2018 1291 2103 dita,
1319 2015 1606 2109 Adelburgense,
1639 2017 1852 2108 Hagonense
1875 2033 1910 2089 et
1933 2014 2088 2089 Gelhust

155 2133 300 2215 Asiam,
322 2141 357 2199 et
369 2122 465 2197 Deus
488 2146 637 2214 poenam
654 2120 797 2191 differre
818 2116 1047 2213 aliquandiu,
1071 2138 1147 2185 non
1198 2133 1332 2192 caetera
1348 2144 1422 2190 nou
1438 2121 1597 2194 memini.
1647 2118 1779 2191 Curam
1801 2120 1917 2208 legum
1937 2133 1973 2191 et
1989 2121 2088 2215 disci]

155 2256 300 2328 prorsus
323 2225 500 2301 remittere
523 2223 650 2298 voluit.
701 2220 791 2294 Cum
816 2221 926 2311 igitur
944 2231 1148 2309 recuperata
1199 2221 1363 2316 publicae
1378 2244 1552 2292 summam
1568 2223 1607 2291 in
1623 2244 1665 2292 eo
1687 2223 1793 2293 fuisse
1809 2234 1844 2291 et
1861 2222 1954 2311 leges
1972 2223 2088 2295 eiusts

154 2332 281 2411 Cilicia
303 2328 506 2402 Fridericus
532 2347 755 2418 progressus,
789 2322 952 2396 Saladini
975 2319 1148 2392 exercitus
1198 2337 1277 2405 tur,
1302 2335 1338 2393 et
1352 2325 1526 2418 quaedam
1542 2324 1712 2416 exempla.
1762 2322 1968 2394 Palatinum
1985 2314 2088 2418 princ

154 2465 197 2512 ex
219 2432 392 2509 Armenia
418 2428 552 2500 minori
572 2426 779 2520 expulisset,
806 2449 887 2496 cum
909 2426 1000 2495 forte
1020 2422 1147 2491 delati·
1200 2440 1384 2518 propterea
1405 2427 1501 2519 quod
1525 2448 1562 2497 se
1585 2425 1729 2497 absente
1746 2427 1919 2519 quaedam
1942 2450 2088 2520 occupet

156 2555 257 2634 gatus
276 2537 398 2608 labore
418 2545 523 2626 atque
545 2543 643 2600 aestu
656 2553 761 2620 quem
780 2524 951 2597 Germani
968 2546 1042 2594 uon
1064 2522 1149 2594 satis
1202 2527 1455 2598 Wormacensi
1468 2524 1705 2621 Episcopatu,
1732 2551 1851 2597 severe
1873 2528 2020 2618 punivit
2044 2543 2080 2603 et

155 2648 248 2716 ferre
271 2649 425 2718 norunt,
451 2631 633 2704 descendit
656 2631 695 2699 in
717 2630 873 2708 flumen,
907 2626 1050 2697 lavandi
1072 2638 1149 2694 stu·
1172 2674 1176 2735 j
1199 2652 1299 2699 more
1311 2628 1426 2719 coegit
1445 2653 1507 2722 per
1526 2642 1636 2700 totam
1652 2628 1900 2700 Wormatiam
1923 2630 2089 2702 canemit

157 2746 230 2817 dio.
282 2739 338 2812 lbi
359 2735 654 2809 aliiierunteum
671 2732 855 2822 abreptum
872 2729 1004 2799 vortice
1022 2726 1062 2796 iu
1079 2726 1148 2794 flu·
1200 2731 1308 2801 meris
1335 2747 1487 2822 gestare,
1527 2732 1707 2824 prioribus
1739 2726 2004 2823 apprehensum
2036 2756 2089 2827 pet

157 2848 254 2919 mine
277 2841 439 2936 periisse3
475 2834 538 2906 alii
560 2836 680 2904 ferunt
702 2830 865 2903 redeunti
886 2855 928 2900 er
950 2853 1041 2922 aqua
1065 2850 1149 2919 epar
1200 2832 1338 2904 Literas
1364 2832 1492 2902 latinas
1508 2833 1654 2904 siccatis
1670 2834 1810 2918 calluit,
1837 2856 1876 2902 ac
1897 2857 2089 2907 amesseae

157 2949 251 3018 male
279 2944 444 3015 affectum
467 2959 563 3020 esse,
595 2952 634 3006 ut
663 2935 717 3020 fit;
754 2932 965 3003 meministis
989 2929 1086 2999 enim
1110 2929 1149 2998 in
1200 2935 1335 3005 vexisse
1349 2959 1429 3004 eum
1443 2947 1619 3007 testantur
1632 2928 1733 3006 Otho
1749 2934 1987 3026 Frisingensis
2005 2932 2089 3009 ecla

157 3047 283 3123 Cilicia
309 3047 486 3115 lavantem
511 3037 550 3107 in
571 3038 739 3121 flumine,
763 3035 929 3104 incidisse
952 3032 990 3102 iu
1007 3032 1149 3102 letalem
1201 3060 1280 3108 nus.
1338 3034 1428 3106 Nam
1461 3029 1563 3106 Otho
1590 3034 1788 3129 Episcopus
1819 3036 2089 3129 Frisingenstss

159 3152 338 3222 morbum.
370 3141 513 3216 Dicitur
526 3139 655 3233 itaque,
677 3137 881 3210 Fridericus
898 3136 1008 3228 epatis
1025 3133 1149 3203 morbo
1201 3140 1345 3234 quidem
1360 3139 1468 3209 luerit
1485 3138 1560 3209 eius
1576 3154 1755 3230 cognatus,
1770 3139 1820 3209 ait
1834 3164 1914 3209 eum
1930 3165 1949 3208 a
1967 3162 2008 3209 se
2025 3134 2089 3233 pfl

157 3255 252 3324 intra
269 3269 398 3342 paucos
414 3244 490 3316 dics
506 3241 679 3313 extinctus
693 3264 778 3311 esse.
820 3235 889 3308 Hic
905 3234 1151 3309 britinteritus
1202 3254 1241 3310 ut
1256 3236 1440 3310 historiam
1455 3242 1635 3316 scriberet.
1686 3240 1733 3311 Et
1748 3241 1945 3332 Ligurinas
1962 3241 2089 3315 Poetet

159 3352 332 3427 Friderici
346 3344 522 3441 imprimis
538 3344 711 3435 lugendus
723 3338 879 3432 Reipub.
915 3338 1051 3429 Quoia
1071 3338 1150 3408 loco
1201 3340 1516 3435 ficatFridericum
1533 3367 1606 3413 non
1626 3344 1742 3413 solvam
1757 3345 1887 3412 fovisse
1911 3345 2085 3417 literaset

159 3457 255 3529 subit
273 3449 451 3526 recordari
466 3449 536 3519 iata
553 3446 746 3518 multorum
770 3443 1024 3535 praestantium
1038 3439 1151 3509 hella—
1201 3445 1282 3531 nia,
1308 3447 1368 3513 sed
1387 3442 1490 3514 etiarn
1509 3468 1665 3530 curasse,
1690 3458 1732 3515 ut
1746 3446 1821 3515 lilio
1843 3447 1956 3538 pmbe
1972 3446 2090 3519 tradet

160 3575 298 3641 torum,
335 3553 504 3648 quicum
529 3548 661 3619 virtute
685 3569 823 3616 summa
851 3543 1002 3636 praediti
1025 3555 1151 3625 essent,
1200 3548 1341 3631 literae;
1368 3547 1527 3615 sicenim
1549 3547 1684 3642 inquit:

160 3674 279 3731 tamen
294 3652 483 3726 levissimis
499 3648 639 3719 casibus
654 3647 787 3732 afflicti,
804 3645 998 3739 perierunt.
1025 3636 1153 3713 Achil·
1306 3669 1337 3737 0
1353 3675 1428 3733 pm„
1443 3675 1526 3757 quod
1544 3677 1634 3736 tatem
1651 3675 1752 3735 dign,
1768 3679 1902 3757 potentia
1917 3670 2037 3756 Regem

159 3760 211 3832 1⁸⁵
233 3760 320 3830 dum
342 3766 488 3870 appan-²
510 3749 670 3842 nuptia&
695 3770 760 3867 Pet
782 3746 929 3817 i¹¹⁸idi³⁸
946 3747 991 3816 ab
1004 3740 1152 3863 h⁰m3¹¹f²
1305 3772 1456 3853 instituit,
1483 3780 1537 3859 qui
1552 3780 1595 3838 sic
1611 3778 1717 3838 studiis
1733 3778 1867 3839 imbutus
1884 3777 2021 3841 honestis

158 3863 291 3954 ignavo
324 3855 546 3927 interficitur.
612 3849 777 3944 Denique
809 3845 976 3920 Aeandae
1009 3859 1150 3937 caeteri,
1302 3875 1448 3942 ΝΟΜ,
1464 3880 1596 3962 insipido
1612 3880 1736 3941 doctum
1749 3827 2032 3964 mmm&

159 3961 270 4045 Aias
293 3952 472 4055 Pyrrhus,
495 3966 672 4046 9⁰⁸¹¹²¹¹¹⁰
689 3948 893 4023 mundes
913 3948 1028 4020 mbiffl
1042 3962 1077 4019 οῗ
1092 3947 1150 4016 in·
1302 3977 1428 4065 Iamque
1443 3982 1496 4043 diu
1510 3996 1626 4059 mutas,
1651 3986 1813 4067 solitasque
1827 3986 1914 4044 silere
1928 3930 2090 4049 camdeno

160 4066 268 4154 digna
292 4073 406 4133 “¹⁰³⁰
428 4056 620 4176 Perierunt·
682 4051 779 4144 Quid
804 4052 929 4170 diem,
941 4050 1149 4171 sanf⁵⁰¹3²¹q
1303 4080 1444 4158 Excitet,
1470 4085 1509 4147 cd
1525 4098 1654 4148 veterem
1672 4090 1761 4166 digna
1779 4087 1914 4148 mercede
1932 4088 2080 4153 laborem.

161 4165 299 4256 ipsum,
332 4176 367 4234 et
397 4160 485 4230 ahos
510 4159 660 4242 multos,
693 4180 845 4250 quorum
875 4167 988 4224 eratus
1008 4151 1149 4241 indigna
1627 4176 1722 4251 Dixi·
1748 4154 1774 4205 ο

161 4281 258 4338 tanta
274 4265 404 4335 virtute
418 4263 574 4331 luerunt.
628 4256 749 4347 Quare
767 4269 912 4349 propter
926 4277 1037 4347 genus
1052 4278 1150 4323 mor-

160 4368 224 4454 tis,
252 4361 345 4438 nihil
360 4368 404 4435 de
426 4363 530 4433 laude
547 4359 688 4432 virtutis
702 4356 875 4428 Friderici
891 4351 1149 4439 detrahendum
1199 4380 2091 4409 ------—-—---·-------—-4....

160 4472 238 4542 erit.
292 4467 362 4541 Sed
378 4465 424 4536 sit
439 4465 474 4534 id
491 4487 633 4558 quoque
647 4461 868 4553 exemplum,
894 4463 990 4553 quod
1008 4482 1073 4529 nos
1085 4460 1149 4527 ad-

1208 4517 1380 4647 Μ
1806 4528 1873 4611 (an.
1889 4529 1987 4596 1530.
2002 4544 2039 4593 ut
2052 4514 2091 4595 rii

1833 4618 2091 4655 W

159 4675 242 4743 situi
265 4671 351 4756 viri,
379 4692 481 4761 saepe
509 4666 648 4737 levibus
673 4664 862 4734 momentis
885 4663 1062 4755 oppressi,
1093 4662 1150 4730 in·
1518 4734 1526 4751 ο
2085 4710 2091 4723 ,

160 4774 267 4863 digna
282 4785 395 4844 morte
415 4781 574 4863 pereunt.
617 4766 682 4837 llla
700 4789 784 4834 vero
798 4765 982 4838 foelicitati
995 4765 1072 4834 eius
1084 4763 1150 4832 tri·
1376 4730 1453 4816 De
1469 4729 1773 4841 sighimundo
1792 4731 2019 4845 imperat.

161 4877 331 4958 buamus,
357 4872 451 4968 quod
473 4893 547 4940 non
564 4883 645 4939 ante
661 4868 836 4937 extinctus
859 4880 928 4952 est,
953 4890 1060 4964 quam
1077 4866 1148 4934 tra·
1271 4889 1353 4972 apud
1368 4886 1483 4945 ennon.
1502 4889 1574 4959 eryt.
1594 4905 1621 4960 p.
1634 4888 1685 4946 sss
1696 4909 1773 4963 sqq..
1789 4890 1820 4945 ta
1833 4891 1956 4946 ῡιοιιιιι.
1975 4892 2012 4948 ¹1¹.
2025 4860 2091 4967 ltq'

162 4991 237 5047 ctus
266 4988 355 5046 esset
381 4971 588 5056 Saladinus,
621 4985 655 5042 et
682 4966 766 5039 Asia
798 4969 948 5040 liberata
979 4968 1149 5061 periculo.
1303 4977 1334 5013 ¹⁰
1345 4960 1467 5017 SM·
1478 4958 1513 5018 Τ·
1526 4959 1561 5016 ¹¹·
1575 4978 1602 5034 t·
1612 4960 1672 5015 ⁵¹⁶·
1688 4969 1716 5016 ‘¹
1729 4962 1802 5034 *Μ
1815 4959 1947 5017 ffitffl·
1959 4958 1996 5019 Τ·
2006 4960 2045 5019 ¹¹·
2061 4978 2091 5035 t·

160 5074 268 5195 Domi
292 5077 396 5146 etiam
410 5070 775 5192 Respubtrauquilla
796 5071 883 5190 init,
907 5071 1150 5189 designaverat
1200 5113 1265 5191 De
1278 5118 1588 5217 Spqimundo
1611 5125 1843 5214 Imperatore
1856 5118 2088 5199 mmmm

159 5202 257 5248 emm
280 5200 511 5247 successorem
531 5175 665 5260 hlium,
692 5197 736 5241 ue
760 5174 848 5267 quad
867 5173 991 5243 electro
1017 5172 1150 5242 tumul-

159 5296 235 5353 tum
262 5291 399 5372 pareret
422 5277 498 5368 ipso
526 5277 665 5347 arctisso.
728 5271 851 5368 itaque
874 5297 955 5344 cum
981 5272 1150 5345 fueritin
1200 5226 1369 5296 cuam
1393 5221 1602 5296 manne
1625 5218 1886 5319 ‘'emim'’
1909 5224 2092 5329 NWQ

160 5381 340 5453 friderico
355 5378 528 5450 fortitudo
548 5391 582 5448 et
597 5376 743 5448 scientia
764 5376 817 5446 rei
831 5374 995 5446 militaris
1011 5374 1149 5453 eximia,
1202 5362 1287 5445 Etsi
1301 5372 1409 5442 laudo
1426 5374 1584 5443 studium
1603 5398 1746 5460 corvam,
1771 5374 1835 5470 qui
1850 5370 1920 5445 huc
1935 5390 2092 5449 veteres«

158 5501 191 5555 et
207 5504 410 5578 quanquam
428 5480 500 5572 ipse
516 5478 624 5550 variis
640 5478 787 5550 iactatus
802 5490 854 5549 est
867 5477 1015 5565 casibus,
1032 5491 1151 5550 tamen
1201 5472 1360 5566 regrinas
1375 5469 1542 5545 historias
1558 5474 1725 5562 afferunt,
1751 5501 1835 5551 nam
1849 5477 1934 5548 illae
1947 5478 2092 5567 etiamn
