4664 6022
148 258 225 343 201
607 330 613 345 ,
693 250 974 347 vacuata
1006 247 1229 355 sanato
1258 186 1642 355 attumulatus,
2076 260 2193 359 ἐκ

151 455 228 505 esse
244 428 353 524 pii,si
369 430 536 501 volumus
547 452 622 501 esse
635 423 843 515 Christiani,
865 427 971 499 lidem
983 421 1045 501 bis
1062 448 1147 521 pro-
1197 424 1394 516 elinguem,
1419 428 1482 502 sed
1498 427 1723 523 eloquentem
1743 445 1953 523 patronum,
1979 435 2045 531 qui
2063 448 2191 525 ornate

66 527 71 537 ’
152 534 385 607 missionibus
404 532 555 620 divinis,
584 545 621 605 ct
642 527 711 603 hoc
731 531 985 603 beneticentiae
1006 553 1148 623 genere,
1195 552 1253 599 eas
1262 553 1326 621 pro
1335 530 1520 621 dignitate,
1535 544 1569 601 et
1583 531 1864 623 magnitudinem
1879 538 2088 627 utilitatum,
2105 564 2192 634 quas

153 659 397 718 exerceamus,
429 647 464 706 et
489 630 555 706 bac
587 635 694 706 erecti
721 635 808 719 fide,
845 635 936 705 bene
963 655 1149 726 precemur
1196 632 1291 724 parit
1305 656 1428 703 earum
1448 633 1622 723 cognitio,
1648 635 1827 710 illustrare
1849 654 1977 731 posset.
2031 640 2142 733 Quod
2158 656 2193 719 ct

153 752 191 812 ct
206 738 362 833 principi
375 752 411 810 et
422 738 608 811 universae
620 735 728 829 Reip.
778 734 877 823 Diri.

164 1064 235 1167 m.
249 1097 310 1167 s1.

160 1192 333 1227 W

381 1302 458 1388 De
474 1299 629 1389 studio
644 1301 926 1422 linguarum.

223 1479 306 1551 Apud
322 1477 436 1545 Craton.
456 1476 530 1548 Myl.
550 1495 577 1549 p.
591 1479 640 1531 tat
652 1496 728 1550 sqq..
754 1477 782 1531 in
798 1478 919 1532 Declam.
939 1479 975 1530 T.
989 1475 1009 1530 l.
1028 1491 1054 1544 p.
1071 1475 1147 1545 552,

256 1550 287 1604 in
299 1551 421 1607 Saruest.
433 1548 466 1606 Τ.
480 1552 502 1604 1.
523 1567 550 1620 p.
563 1547 625 1601 tat.
642 1556 668 1601 et
683 1548 755 1619 apud
770 1546 900 1603 Richard.
913 1546 946 1602 T.
960 1545 981 1600 Ι.
999 1563 1026 1616 p.
1041 1546 1102 1600 806.

854 1129 861 1142 ·
977 1121 1026 1164 an.
1053 1098 1148 1199 1533,

971 1188 1139 1220 Μ

154 1714 285 1784 Oratio
315 1712 417 1784 t'ttt
448 1706 697 1797 Theodori,
736 1702 1149 1803 Norinbergensis,‘de

152 1813 282 1888 studio
310 1816 552 1910 linguarum,
586 1807 718 1883 habita
738 1814 782 1883 s'n
805 1812 1039 1903 promotione
1060 1812 1148 1881 Ma-

305 1921 514 2014 gistrorum
537 1934 660 2003 anno,
692 1914 993 1986 tammam.

47 2136 50 2141 .
151 2056 344 2160 Principio
359 2066 462 2138 vobis
474 2065 603 2156 gratias
619 2088 695 2156 ago,
715 2064 921 2137 Doctissimi
932 2063 1025 2149 Viri,
1047 2065 1145 2158 quod

153 2170 226 2245 huc
243 2187 278 2244 et
299 2163 448 2239 honoris
461 2168 575 2238 nostri
591 2189 712 2248 causa,
735 2181 772 2239 et
788 2180 829 2237 ut
846 2161 932 2236 haec
947 2167 1143 2259 primarum

150 2275 290 2349 artium
300 2270 417 2342 studia
431 2270 623 2354 ornaretis,
647 2269 875 2342 convenistis.
918 2265 1010 2339 Cum
1025 2282 1143 2339 autem

151 2377 348 2451 existimem
370 2374 408 2443 id
431 2386 586 2444 vestrum
607 2371 764 2441 officium
783 2373 830 2440 ad
854 2371 1053 2441 studiorum
1076 2363 1145 2440 bo-

150 2502 277 2553 norem
293 2475 490 2569 pertinere,
516 2497 618 2566 spero
634 2496 697 2542 vos
712 2473 761 2542 ita
776 2472 957 2542 induxisse
972 2472 1144 2558 animum,

147 2578 221 2655 ¹boc
240 2579 348 2653 etiam
367 2576 577 2647 beneficium
598 2575 703 2644 nobis
726 2575 885 2644 dandum
901 2597 992 2657 esse,
1016 2588 1056 2644 ut
1078 2598 1143 2644 nos

150 2707 228 2757 non
253 2678 426 2772 gravatim
446 2678 609 2751 audiatis.
660 2674 784 2770 Neque
808 2676 903 2746 enim
927 2672 997 2746 hue
1019 2676 1143 2767 prodi-

151 2810 251 2870 mus,
283 2798 325 2856 nt
352 2782 504 2871 dignum
533 2779 670 2873 aliquid
693 2792 808 2849 vestra
836 2778 1009 2870 sapientia
1038 2792 1143 2872 atque

150 2886 361 2963 auctoritate
374 2883 582 2968 afferamus,
604 2875 700 2975 quod
717 2880 757 2950 in
772 2875 879 2950 huius
895 2893 1034 2951 nostrae
1048 2894 1144 2950 aeta-

150 2991 197 3062 tis
211 2986 453 3060 imbecillitate
466 3009 513 3056 ne
527 2984 671 3078 quidem
685 2982 940 3073 requirendum
953 2996 1015 3055 est.
1049 2981 1142 3053 Tota

151 3089 239 3163 haec
260 3089 382 3160 fabula
398 3087 514 3178 agitur
533 3086 810 3157 adolescentium
827 3107 951 3170 causa,
975 3086 1142 3179 adquam

151 3216 216 3267 vos
244 3190 411 3262 acceditis
433 3201 663 3281 spectatores,
694 3200 733 3257 ut
760 3187 935 3276 intelligat
962 3186 1142 3274 iuventus,

150 3294 253 3367 vobis
265 3289 351 3363 baec
368 3292 483 3385 prima
498 3290 615 3364 studia
626 3289 789 3389 probari.
841 3286 1056 3384 Quanquam
1074 3289 1142 3379 igi-

150 3413 211 3472 tur
224 3397 262 3466 in
277 3394 378 3467 omni
393 3417 518 3484 genere
534 3389 737 3463 humanitas
753 3404 867 3463 vestra
882 3393 986 3462 nobis
1002 3393 1141 3482 cognita

149 3514 186 3573 et
200 3510 378 3593 perspecta
397 3509 459 3582 est,
482 3511 601 3569 tamen
616 3495 652 3565 id
670 3518 812 3589 quoque
828 3495 941 3564 nostri
958 3507 1008 3564 est
1024 3495 1141 3581 officii,

150 3602 350 3673 verecunde
372 3614 508 3689 petere,
539 3612 580 3669 ut
605 3622 671 3668 nos
696 3620 808 3689 aequo
834 3597 955 3667 animo
977 3597 1141 3671 audiatis.

150 3702 272 3792 Quare
286 3723 386 3790 rugo,
401 3712 436 3769 et
452 3712 492 3769 ut
501 3694 715 3769 hancmeam
734 3699 926 3766 iuvenilem
940 3699 1139 3767 orationem

149 3804 238 3875 boni
253 3800 458 3883 consulatis,
473 3813 508 3870 et
520 3815 561 3871 ut
574 3814 689 3870 vestra
705 3795 798 3869 mihi
812 3801 982 3871 autoritas
997 3799 1087 3871 adsit
1102 3799 1141 3867 in

149 3900 215 3977 hac
231 3928 333 3977 causa
349 3927 455 3998 quam
472 3904 643 3993 agendam
656 3901 815 3993 suscepi,
839 3925 945 3995 quam
961 3926 1063 3993 spero
1077 3927 1141 3971 vo-

148 4006 205 4079 bis
220 4032 294 4079 esse
309 4005 608 4099 probatissimam.

253 4106 397 4180 institui
420 4107 517 4176 enim
541 4109 585 4176 de
609 4104 727 4177 studio
758 4105 977 4195 linguarum,
1009 4118 1052 4177 ut
1074 4130 1139 4175 vo-

149 4224 249 4293 cent,
273 4212 402 4281 dicere.
454 4204 531 4279 Etsi
553 4210 648 4278 enim
668 4208 867 4301 plerunque
886 4203 945 4278 hie
961 4203 1139 4278 dePhilo-

149 4306 277 4405 sophia
292 4311 365 4381 dici.
378 4311 478 4394 solet,
491 4323 611 4381 tamen
625 4334 740 4403 neque
756 4303 815 4379 hic
830 4310 981 4380 locusde
995 4311 1139 4400 linguis,

1195 733 1227 805 si
1243 734 1483 827 intelligebam
1500 760 1594 807 ame
1616 762 1692 809 non
1710 763 1811 831 posse
1833 742 1930 828 lieri,
1954 755 2076 817 tamen
2094 745 2191 817 arbi·

1197 838 1318 907 trahar
1350 862 1406 907 me
1437 863 1514 907 non
1545 840 1675 911 debere
1707 843 1871 933 publicae
1903 870 2028 917 causae
2059 847 2190 936 deesse,

1196 939 1402 1030 praesertim
1420 939 1458 1009 in
1477 936 1657 1030 hocloco,
1683 969 1838 1037 quocum
1860 941 1951 1017 mihi
1966 949 2114 1021 dicendi
2128 975 2191 1021 ne·

1198 1043 1391 1111 cessitatem
1433 1037 1663 1115 scholasticus
1700 1045 1931 1138 Magistratus
1972 1052 2190 1144 imponeret,

1196 1145 1380 1234 sperabam
1396 1158 1534 1215 tantum
1551 1147 1748 1219 autoritatis
1767 1151 1807 1219 in
1825 1146 1891 1223 hac
1908 1153 2072 1225 oratione
2094 1155 2189 1229 tusu-

1096 1312 1100 1318 ,
1197 1270 1277 1314 rum
1295 1270 1387 1330 esse,
1412 1263 1585 1340 quantum
1601 1251 1757 1322 tribuitis
1773 1254 1940 1325 universo
1960 1256 2117 1349 collegio
2127 1260 2189 1329 do-

1197 1348 1431 1418 ctissimorum
1464 1345 1671 1433 hominum,
1709 1354 1772 1447 qui
1802 1367 1836 1424 et
1865 1351 1930 1427 has
1954 1352 2048 1429 mihi
2065 1373 2188 1453 ,panes

1198 1453 1432 1536 mandarunt,
1458 1466 1490 1523 et
1506 1476 1607 1523 suam
1628 1456 1840 1527 sententiam
1854 1483 1931 1529 mea
1950 1458 2187 1556 qualicunque

1196 1552 1356 1624 oratione
1370 1553 1470 1623 vobis
1485 1556 1615 1646 exponi
1628 1557 1831 1630 voluerunt.
1873 1558 1948 1649 Qui
1961 1586 2044 1633 cum
2057 1564 2187 1649 doctri·

1196 1678 1263 1735 na,
1296 1655 1453 1740 iudicio,
1479 1681 1599 1727 rerum
1620 1681 1688 1729 usu
1715 1661 1902 1748 excellant,
1933 1665 2094 1759 denique
2113 1690 2186 1747 cun

1196 1756 1265 1826 fide
1288 1781 1424 1826 summa
1446 1772 1481 1829 et
1495 1759 1622 1829 vestris
1642 1761 1770 1831 studiis
1786 1776 1821 1834 et
1836 1765 2022 1837 universae
2035 1764 2186 1860 Reipub.

1196 1861 1397 1930 consultum
1423 1861 1554 1946 velint,
1579 1856 1994 1939 honestissimumvobis
2016 1883 2089 1956 est,
2113 1895 2186 1942 mo-

1196 1961 1281 2030 nitis
1295 1986 1416 2031 eorum
1431 1959 1585 2033 libenter
1602 1978 1636 2036 et
1649 1967 1807 2037 studiose
1821 1992 1956 2061 parere.

1289 2097 1361 2169 Sed
1376 2097 1481 2168 venio
1498 2099 1543 2168 ad
1558 2122 1712 2190 cansam,
1739 2104 1784 2173 de
1799 2128 1868 2197 qua
1883 2107 1966 2199 qnia
1984 2108 2097 2180 ctiam
2108 2120 2185 2203 pto·

1196 2213 1273 2291 pter
1288 2199 1457 2292 temporis
1472 2202 1670 2292 angustiam
1684 2206 1855 2276 nonsatis
1872 2209 1941 2277 dici
1956 2222 2086 2302 potest,
2107 2213 2184 2283 brc-

1194 2303 1288 2375 viter
1321 2302 1493 2373 utilitates
1529 2305 1736 2396 praecipuas
1770 2309 1952 2400 colligam,
1999 2338 2094 2408 quae
2121 2336 2183 2387 nos

1195 2429 1319 2475 omnes
1338 2407 1381 2473 ad
1407 2404 1611 2494 linguarum
1632 2408 1791 2478 studium
1815 2405 2025 2486 hortantur:
2061 2416 2181 2511 loquor

1194 2520 1312 2577 autem
1329 2508 1374 2577 de
1390 2505 1538 2593 Latina,
1563 2506 1700 2579 Graeca
1715 2523 1750 2581 et
1765 2510 1951 2584 Hebraico.
2072 2516 2086 2547 ’“’·

1294 2636 1386 2711 Cum
1408 2653 1525 2712 autem
1549 2640 1646 2714 aliud
1669 2644 1731 2714 alii
1754 2648 1975 2741 propositum
2001 2648 2041 2722 in
2063 2650 2193 2727 attidi’u

1193 2736 1367 2828 habeant,
1406 2767 1473 2813 nec
1504 2742 1599 2814 idem
1634 2746 1816 2819 doetrinae
1849 2775 1961 2843 genus
1994 2752 2215 2849 sequantui-⁶

1194 2868 1336 2928 omnes,
1363 2845 1406 2912 de
1420 2840 1588 2935 singulis,
1606 2862 1647 2923 ut
1664 2866 1806 2938 vocant,
1832 2854 2118 2946 professionibus
2129 2882 2185 2931 or·

1194 2948 1279 3017 dine
1296 2947 1487 3017 dicendum
1502 2961 1565 3019 est.
1601 2945 1655 3019 Ae
1669 2951 1825 3041 primum
1843 2981 1917 3027 non
1933 2958 2068 3050 opinor
2083 2958 2185 3063 loqu

1193 3046 1283 3119 mihi
1299 3050 1537 3141 disputatione
1551 3074 1641 3141 opus
1655 3077 1727 3121 esse
1744 3057 1787 3123 de
1802 3054 2021 3151 Theologia3
2052 3050 2185 3163 const&

1193 3152 1287 3223 enim
1311 3152 1427 3239 fontes
1446 3147 1665 3243 Theologiac
1690 3158 1840 3228 ebraicis
1862 3174 1896 3232 et
1916 3162 2058 3253 graecis¹
2074 3146 2183 3237 literis

1193 3253 1379 3325 contineri.
1429 3251 1503 3323 Nec
1518 3271 1666 3345 possunt
1682 3258 1728 3327 ita
1746 3262 1950 3333 transfundi
1964 3265 2125 3361 linguae,
2146 3280 2183 3339 ut

1192 3353 1286 3427 nihil
1301 3379 1389 3447 opus
1398 3357 1444 3425 sit
1459 3357 1629 3444 fontibus,
1655 3360 1685 3428 si
1700 3361 1850 3434 velimus
1867 3365 2026 3438 iudicare
2042 3371 2089 3441 de
2099 3370 2181 3447 lascis

1192 3459 1373 3546 obscuris,
1400 3460 1494 3552 quod
1512 3460 1551 3527 in
1567 3452 1688 3530 multis
1704 3466 1919 3552 gravissimis
1934 3472 2181 3545 controversiis

1191 3561 1269 3630 fieri
1295 3584 1434 3630 necesse
1464 3574 1527 3631 cst.
1581 3560 1705 3633 Toties
1733 3571 1957 3640 commendat
1981 3572 2092 3645 nobis
2111 3574 2177 3667 ipsa

1192 3664 1365 3753 scriptura
1390 3662 1628 3733 ministerium
1656 3667 1775 3752 verbi,
1810 3672 1977 3744 admonet
2007 3698 2179 3785 nusquam

1192 3766 1410 3834 voluntatem
1429 3762 1496 3832 Dei
1518 3767 1638 3851 cerni,
1671 3768 1740 3836 nisi
1758 3770 1796 3838 in
1816 3766 1873 3842 his
1888 3775 2047 3867 scriptis;
2082 3764 2180 3850 facile

1191 3864 1300 3955 igitur
1314 3863 1464 3955 intelligi
1479 3880 1604 3957 potest,
1628 3883 1801 3962 quantum
1819 3876 1944 3947 referat
1958 3880 2116 3968 perfecte
2127 3874 2181 3953 in-

1190 3968 1347 4058 telligere
1368 3981 1530 4038 naturam
1547 3972 1737 4057 sermonis,
1762 3978 1857 4069 quod
1879 3978 1957 4049 sine
1976 3980 2180 4073 linguarum

1191 4070 1392 4160 cognitione
1425 4084 1460 4141 et
1494 4070 1570 4140 sine
1609 4073 1832 4168 eloquentiae
1869 4083 2179 4161 exercitationibus

1190 4196 1296 4242 nemo
1313 4173 1481 4265 consequi
1500 4186 1627 4264 potest.

1292 4306 1415 4402 Itaque
1438 4333 1518 4379 cum
1539 4332 1621 4380 suae
1643 4296 1794 4408 quisquc
1814 4314 1937 4391 salutis
1955 4344 2083 4411 musa,
2107 4332 2177 4399 lum

147 4414 178 4488 si
194 4414 275 4511 quis
291 4426 385 4491 secte
399 4413 576 4499 aestimet,
596 4407 862 4503 aPhilosophia
882 4413 984 4483 valde
1001 4414 1139 4483 alienus
1189 4411 1297 4481 etiam
1330 4425 1476 4502 propter
1509 4413 1688 4503 publicam
1718 4413 1898 4489 Ecclesiae
1937 4427 2175 4501 necessitatem

148 4530 211 4591 est.
262 4511 359 4589 Mihi
376 4515 520 4611 quidem
535 4540 573 4585 ea
586 4509 840 4606 Philosophiae
857 4538 956 4605 pars,
981 4540 1072 4609 quae
1086 4526 1139 4586 est
1187 4515 1375 4605 perlectam
1409 4514 1498 4582 sacri
1536 4515 1711 4585 sermonis
1743 4521 1982 4609 cognitionem
2018 4544 2174 4622 expetas

38 4634 42 4639 .
148 4619 375 4704 suavissima,
415 4618 604 4710 praecipue
632 4643 672 4687 ex
702 4615 905 4707 cognitione
933 4618 1136 4707 linguarum
1188 4617 1306 4687 debet.
1352 4613 1514 4684 Primum
1545 4617 1640 4685 enim
1672 4619 1838 4709 privatim
1869 4648 2014 4720 quoque
2041 4630 2172 4725 expui.

148 4724 304 4814 pendere
326 4721 477 4791 videtur.
536 4718 659 4815 Neque
680 4743 764 4789 vero
790 4712 862 4789 hoe
890 4732 1136 4810 argumentum
1187 4741 1269 4787 mur
1287 4717 1435 4787 mirifice
1448 4718 1655 4788 confirmare
1670 4722 1825 4809 animos,
1851 4749 1930 4796 cum
1948 4727 1987 4798 in
2004 4743 2171 4807 mutave.

147 4823 267 4895 studio
281 4822 449 4895 novitatis
464 4821 576 4911 delegi
585 4845 596 4908 ;
629 4846 743 4916 neque
765 4821 861 4891 enim
876 4823 983 4893 statui
997 4845 1054 4890 me
1071 4846 1138 4891 no-
1185 4820 1310 4891 rietate
1324 4818 1537 4912 opinionum
1564 4822 1664 4914 quasi
1680 4822 1719 4891 in
1733 4848 1809 4895 rem
1824 4844 2046 4923 praesentem
2063 4836 2169 4909 dedu-

148 4948 196 4995 vo
216 4938 425 5014 argumento
450 4925 489 4993 in
522 4920 589 4996 hac
619 4923 769 4994 infantia
796 4924 994 4994 satisfacere
1025 4946 1137 5014 posse.
1185 4922 1316 5008 cimur,
1349 4920 1578 5011 inspicientes
1604 4924 1798 5012 genuinum
1823 4929 2019 5022 scripturae
2040 4960 2167 5009 urme-

148 5023 219 5097 Sed
242 5027 383 5118 publica
406 5025 593 5099 necessitas
616 5021 796 5116 hortatur,
830 5050 903 5096 non
928 5027 1044 5096 solum
1066 5048 1136 5109 me,
1182 5048 1277 5097 nem.
1327 5023 1467 5093 Deinde
1482 5024 1526 5092 de
1541 5026 1677 5115 magnis
1690 5049 1730 5096 ac
1744 5027 1952 5105 difficilibus
1967 5050 2166 5113 controver-
2222 5114 2225 5123 ,

148 5151 273 5199 verum
289 5151 411 5198 omnes
427 5129 542 5199 bonos
559 5129 655 5199 viros
668 5140 841 5221 quantum
855 5152 920 5219 pro
936 5126 1137 5222 aequisque
1180 5126 1243 5194 siis
1257 5128 1398 5219 publice
1413 5120 1616 5196 inEcclesia
1633 5131 1870 5218 pronunciare
1882 5135 1975 5207 bona
1989 5143 2164 5231 constip-
2222 5202 2225 5225 Ι

146 5244 274 5323 potest,
299 5231 572 5302 adolescentiam
588 5233 633 5301 ad
647 5229 765 5302 studia
779 5229 980 5319 linguarum
999 5228 1135 5300 exsuci·
1180 5227 1228 5298 tia
1255 5230 1313 5299 vix
1334 5243 1485 5319 possunt
1510 5225 1700 5315 Doctores,
1739 5233 1908 5322 sigerius
1932 5242 2162 5317 annom
2223 5286 2225 5293 .

147 5346 346 5426 careatque
367 5334 566 5404 accendere.
618 5332 774 5403 Maxime
796 5356 880 5401 vcro
904 5332 1136 5403 conveniebat
1178 5330 1406 5414 testimoniis,
1447 5355 1488 5400 ex
1520 5330 1651 5423 quibus
1684 5345 1757 5402 tota
1791 5358 1846 5404 res
1879 5339 2075 5417 iudicanda
2099 5358 2160 5425 est,

145 5437 191 5505 ad
222 5436 424 5526 linguarum
465 5459 605 5508 causam
644 5435 817 5527 agendam
852 5430 1017 5507 adhiberi
1060 5456 1134 5504 non
1176 5456 1250 5504 non
1272 5434 1486 5526 intelligant.
1538 5430 1673 5513 Multas
1695 5427 1857 5508 haereses
1871 5446 2012 5535 peperit
2029 5445 2157 5523 inscitia
