4664 6022
138 310 220 387 409

194 484 340 553 (imina
355 491 534 570 complexus
547 503 672 567 terram,
699 510 800 562 mare,
827 489 950 571 sydera,
976 496 1102 572 mancis,

192 588 240 655 Et
253 602 346 653 cantu
360 586 479 670 Musas,
517 604 547 651 et
564 589 724 654 l‘boebutd
737 598 877 676 aequavit
890 593 1019 674 bonore,

193 694 308 778 Atque
320 692 394 755 baec
407 707 515 756 cuncta
530 699 613 777 prius
629 716 720 780 quam
738 708 886 775 cerneret,
914 697 1020 759 ordina
1034 700 1119 761 torris

192 792 354 874 Prodidit,
375 809 551 859 terestrem
565 802 637 860 tulit
648 820 744 882 usque
762 799 799 860 ad
813 799 920 882 sydera
933 796 1070 866 Troiam.

195 896 307 983 Scipio
326 902 506 981 perlustrans
523 905 618 964 oculis
630 904 790 964 latentibus
804 905 951 983 umbram,

195 997 235 1065 Si
250 1023 333 1064 nuno
350 1000 412 1064 fata
426 1002 546 1082 darent,
573 1019 607 1067 ut
618 1000 751 1067 Romula
763 1007 841 1067 l'acta
855 1027 909 1088 per
925 1009 1028 1069 orbam

196 1104 261 1168 Hic
279 1117 396 1167 caneret
410 1120 509 1185 rates,
535 1121 648 1189 quanto
663 1113 776 1169 maiora
789 1108 909 1172 iirturos

195 1206 290 1270 Facta
304 1207 408 1267 eadem
420 1211 565 1272 intrarent
577 1212 655 1289 hoc,
680 1215 798 1295 inquit,
824 1224 899 1275 teste
920 1224 1054 1294 nepotes.

196 1310 312 1373 Foslix
327 1307 480 1391 Aeacide,
510 1317 561 1375 cui
574 1318 627 1376 tali
641 1319 768 1396 contigit
784 1335 836 1375 ors

197 1410 350 1477 Gentibus
365 1414 501 1499 ostendi,
528 1421 620 1479 crevit
636 1433 688 1478 tua
703 1422 833 1479 carmine
849 1419 954 1482 virtus.

143 1506 243 1581 H'aec
258 1511 304 1579 de
315 1505 463 1579 Homeri
478 1511 644 1581 laudibus
660 1511 850 1583 Africanus
867 1512 961 1602 apud
975 1504 1118 1579 Silium.

244 1610 317 1682 Sed
333 1613 531 1681 occurritur
548 1615 653 1684 nobis
670 1617 859 1708 etquidem
875 1638 894 1683 a
909 1633 1048 1683 summo
1064 1608 1141 1676 viro

144 1737 185 1783 ac
209 1713 415 1783 doctissimo
439 1712 606 1802 Platone,
639 1718 701 1811 qui
717 1715 913 1786 Homerum
931 1714 1029 1783 velut
1046 1709 1143 1778 iudi-

145 1816 202 1885 cio
234 1814 361 1908 capitis
380 1817 609 1904 damnatum,
644 1840 706 1888 sua
732 1817 875 1910 Repub.
899 1813 1073 1895 excludit,
1103 1810 1143 1879 in

144 1916 296 1987 erilium
326 1917 433 2006 exigit
457 1942 498 1987 ac
526 1919 669 2009 relegat.
736 1919 820 2008 Quo
851 1921 889 1988 in
923 1920 1001 1988 loco
1025 1915 1142 1984 dicere

143 2042 310 2112 possum,
335 2018 371 2087 id
389 2023 485 2111 quod
501 2015 774 2116 chrysostomus
789 2025 832 2092 de
848 2021 969 2091 eadem
983 2014 1143 2087 Platonis

146 2135 273 2192 contra
296 2116 494 2191 Homerum
517 2124 737 2194 accusatione
760 2123 961 2216 respondit:
986 2117 1143 2192 Difficile

147 2246 226 2293 esse
238 2222 331 2293 iuter
344 2234 461 2293 tantos
476 2218 638 2296 homines
653 2226 859 2317 disceptare,
875 2240 915 2297 ut
930 2226 959 2293 si
975 2225 1046 2292 duo
1061 2219 1142 2299 viri,

148 2324 256 2395 ambo
270 2324 375 2409 boni,
399 2327 504 2395 ambo
526 2349 649 2417 graves
673 2342 707 2398 et
725 2324 883 2413 honesti,
903 2328 1008 2397 ambo
1024 2322 1143 2406 amici,

146 2428 194 2496 sle
210 2450 249 2497 re
265 2428 430 2519 quapiam
447 2428 537 2497 seria
556 2442 590 2498 et
612 2431 712 2520 gravi
731 2429 916 2501 sententiis
931 2429 1143 2516 discrepent,

147 2528 294 2599 difficile
326 2530 372 2599 sit
397 2532 654 2619 pronunciare,
687 2557 733 2601 ne
759 2532 904 2602 alterius
929 2527 1142 2601 seutentiam

145 2630 303 2700 videaris
319 2644 379 2700 tua
393 2631 555 2701 oratione
569 2634 751 2708 damnare.
802 2633 872 2704 Sed
892 2633 1074 2702 videamus
1088 2643 1143 2699 ta-

144 2756 228 2803 men
245 2731 334 2826 quid
350 2730 535 2803 Platonem
550 2736 712 2822 moverit,
734 2748 775 2806 ut
790 2733 986 2806 Homerum
1003 2731 1144 2802 civitate

144 2862 164 2906 a
178 2860 216 2905 se
234 2834 426 2907 constituta
439 2835 594 2908 eliceret:
619 2862 694 2908 non
710 2839 805 2907 enim
822 2852 954 2911 temere
969 2837 1006 2905 id
1021 2832 1142 2904 iecisse

145 2938 330 3031 putandus
350 2951 421 3020 est,
447 2941 653 3028 praesertim
677 2963 782 3034 quem
804 2940 880 3032 ipse
902 2936 1057 3033 ἄριστον
1079 2929 1143 3006 καὶ

144 3033 350 3112 θειότατον
373 3041 453 3110 τῶν
479 3046 661 3135 ποιητῶν,
696 3043 871 3132 optimum
897 3057 932 3113 et
962 3037 1143 3110 divinissi-

143 3166 247 3213 mum
265 3138 455 3212 Poetarum
470 3159 583 3217 vocet.
634 3140 731 3231 Quid
760 3143 869 3232 igitur
884 3157 1022 3214 tantum
1045 3164 1144 3209 com·

145 3241 281 3313 meruit
302 3237 388 3311 haec
416 3243 706 3317 innocentissima
736 3245 903 3330 luscinia,
943 3259 985 3314 ut
1011 3241 1144 3332 campis

147 3342 341 3415 Platonicis
358 3344 575 3436 pelleretur?
606 3343 790 3417 Obiicitur
805 3350 901 3442 quod
919 3348 963 3416 de
979 3341 1058 3415 Diis
1076 3343 1144 3410 im·

152 3444 361 3516 mortalibus
374 3470 414 3517 ac
429 3447 600 3539 religione
615 3448 766 3519 ridicula
780 3449 953 3543 quaedam
970 3461 1004 3518 et
1017 3446 1144 3515 absur-

148 3550 197 3619 da
221 3547 428 3640 prodiderit.
487 3547 625 3636 Audio,
658 3573 826 3640 magnum
849 3563 884 3622 et
906 3549 1055 3643 capitale
1074 3546 1143 3616 cri·

148 3674 245 3722 suen.
278 3646 349 3721 Sed
367 3652 461 3722 dicat
473 3649 563 3722 mibi
579 3653 635 3722 vel
650 3652 769 3740 Plato,
791 3653 847 3722 vel
862 3653 952 3723 alius
967 3650 1143 3746 quispiam

148 3748 259 3824 huius
281 3755 475 3822 sentcntiae
501 3768 763 3847 propugnator,
796 3779 969 3850 quaenam
1000 3752 1069 3823 alia
1099 3753 1144 3819 de

146 3856 255 3938 Diis,
286 3866 350 3925 aut
371 3857 415 3923 de
439 3856 630 3946 religione,
661 3871 703 3928 ut
720 3871 797 3929 turn
822 3858 890 3929 tuit
922 3857 961 3926 in
981 3853 1144 3938 Graecia,

145 3956 330 4029 Homerus
358 3959 513 4045 potuerit
540 3961 698 4044 tradere,
738 3974 772 4031 et
797 3974 917 4030 utrum
940 3957 1042 4028 Plato
1068 3957 1144 4046 ipse

144 4060 264 4131 multo
288 4058 434 4128 tueliora
454 4061 596 4131 noverit
617 4062 673 4131 vel
697 4062 905 4152 prodiderit.
965 4057 1144 4129 Homerus

144 4163 194 4235 de
213 4160 406 4250 religione,
430 4163 476 4231 de
492 4159 572 4232 Diis
595 4163 876 4248 immortalibus,
902 4188 941 4232 ea
959 4186 1049 4257 quae
1066 4173 1142 4232 tum

144 4263 462 4355 britaniaecum,
487 4264 562 4353 ipse
575 4289 717 4358 quoque
731 4278 870 4336 secutus
888 4280 958 4351 est,
983 4287 1049 4332 nec
1069 4260 1143 4330 illis

144 4366 294 4463 quidem
317 4366 537 4455 temporibus
562 4383 598 4439 et
617 4370 712 4458 apud
736 4367 815 4437 illas
839 4381 959 4456 gentes
981 4365 1050 4435 alia
1074 4364 1144 4434 luit

143 4466 332 4557 religionis
357 4467 487 4552 lorrna,
521 4493 627 4561 quarn
652 4469 792 4561 qualem
812 4466 991 4539 Homerus
1012 4466 1143 4536 descri-

144 4572 219 4643 bit.
255 4567 384 4640 Utrum
400 4592 440 4638 ea
457 4594 540 4639 vera
553 4594 599 4639 an
614 4569 719 4655 salsa,
744 4594 820 4639 non
835 4565 893 4641 hic
909 4571 1064 4660 disputo.
1099 4564 1142 4636 ln

144 4670 219 4745 boc
241 4693 367 4762 nempe
380 4667 539 4742 Homero
560 4697 640 4742 cum
658 4669 806 4742 Platone
826 4687 861 4744 et
883 4668 1143 4764 praestantissi-

145 4774 217 4847 ruis
233 4773 433 4866 quibusque
448 4774 534 4843 viris
548 4774 723 4859 convenit,
748 4776 844 4867 quod
860 4776 905 4845 sit
920 4770 1028 4852 Deris,
1045 4771 1141 4865 quod

146 4900 207 4948 res
223 4872 396 4945 humanas
410 4891 526 4947 curete
553 4891 606 4947 tot
623 4876 732 4965 igitur
743 4873 902 4947 Deorum
920 4875 1066 4946 consilia
1082 4898 1143 4942 co·

145 4982 220 5069 git,
246 4989 286 5046 ut
301 4978 462 5047 ostendat
476 5001 531 5046 res
545 4973 732 5047 hominum
748 5002 820 5048 non
837 4992 969 5049 temere
980 5003 1045 5046 nec
1061 4998 1143 5043 casn

145 5084 278 5162 iluere,
298 5081 359 5147 sed
377 5104 397 5147 a
416 5076 493 5149 Diis
512 5080 774 5150 immortalibus
790 5080 986 5172 dispensari
1013 5102 1053 5148 ac
1077 5099 1143 5165 gu·

145 5180 302 5254 beromi
347 5178 446 5250 Facit
458 5176 574 5251 Deum
590 5176 880 5279 φιλάνθρωπον,
907 5184 1004 5252 unde
1020 5177 1143 5268 luppi-

145 5304 203 5359 ter
215 5286 262 5354 ab
284 5282 359 5373 ipso
375 5283 635 5370 introducitur,
663 5308 885 5376 conquerens
900 5285 990 5353 allici
1011 5306 1048 5352 se
1073 5274 1140 5347 hu·

145 5386 265 5456 ruanis
278 5384 433 5470 casibus,
455 5399 489 5455 et
506 5386 626 5456 dolere
641 5387 709 5456 sibi
725 5382 912 5456 hominum
926 5386 1019 5455 mala
1034 5395 1140 5474 atque

148 5487 324 5567 miserias:
360 5487 483 5558 statuit
512 5487 597 5558 item
627 5491 741 5560 bonos
767 5489 930 5575 delendi,
962 5480 1139 5557 curuulari

644 303 803 382 DECL.
838 303 912 382 DE
943 305 1234 386 PRAEFAT.
1269 303 1330 380 ΙΝ
1360 302 1683 390 HOMERUM.

2112 314 2188 390 410

1194 480 1310 565 bonis,
1336 479 1509 553 divinitus
1524 483 1638 554 malos
1652 484 1787 576 puniri.
1822 482 2007 559 Praedicat
2023 487 2190 561 Minerva

1194 584 1364 675 inprime
1380 578 1578 679 Odysseae,
1603 585 1767 682 Ulyssem
1781 587 1938 681 primum
1955 604 2098 683 propter
2113 593 2188 661 vir-

1194 699 1305 758 tutem
1325 708 1365 756 ac
1387 679 1624 775 honestatem,
1655 689 1784 760 deinde
1807 705 1842 761 et
1864 704 2010 784 propter
2029 694 2187 764 studium

1193 789 1335 881 pietatis
1355 801 1390 859 et
1405 789 1605 879 religionis,
1629 815 1691 863 seu
1714 792 1851 864 cultum
1864 794 2034 867 Deorum.
2087 795 2187 886 Quid

1195 886 1351 962 humana
1373 905 1518 978 natura,
1543 894 1664 964 sisois
1685 895 1823 965 viribus
1842 896 1980 968 nitatur
1996 900 2040 968 de
2056 899 2187 968 voluu-

1194 1007 1264 1065 tate
1298 992 1367 1065 Dei
1399 995 1527 1065 melius
1558 1011 1620 1067 aut
1654 997 1843 1069 sublimius
1875 1000 2028 1090 cogitare
2059 1015 2186 1093 potest,

1193 1119 1300 1189 quam
1316 1097 1413 1190 quod
1431 1097 1508 1188 pios
1521 1110 1556 1168 ct
1571 1099 1685 1168 bonos
1700 1114 1805 1185 amet,
1828 1101 1956 1187 foveat,
1981 1103 2089 1188 iuvet,
2115 1104 2185 1172 im·

1193 1198 1272 1289 pios
1297 1211 1331 1268 et
1356 1198 1541 1269 sceleratos
1561 1202 1697 1286 oderit,
1730 1202 1924 1296 poenisque
1949 1205 2094 1291 alliciat,
2130 1226 2186 1279 ret

1193 1294 1381 1369 hominum
1406 1313 1523 1386 curet,
1561 1303 1757 1392 gubernet?
1808 1302 1917 1393 Quod
1939 1330 2023 1377 vero
2047 1321 2187 1399 praeter

1192 1396 1280 1472 haec
1293 1403 1479 1492 allegorica
1494 1406 1667 1496 quaedam
1682 1406 1886 1491 admiscuit,
1909 1407 2011 1479 facile
2034 1410 2187 1500 intelligi

1193 1518 1324 1595 potest,
1350 1506 1449 1574 aliud
1466 1505 1584 1595 ipsum
1600 1506 1729 1598 egisse,
1753 1509 1913 1579 allusisse
1930 1513 1975 1581 ad
1990 1535 2105 1582 mores
2118 1507 2186 1582 ho·

1192 1607 1352 1690 minum,
1377 1609 1420 1676 ad
1438 1621 1603 1678 naturam
1619 1633 1757 1693 rerum,
1783 1611 1974 1682 involvisse
1997 1608 2054 1684 bis
2070 1614 2186 1707 politi-

1193 1710 1243 1779 cis
1266 1709 1429 1780 iconibus
1452 1711 1542 1781 seria
1567 1725 1601 1782 et
1620 1714 1740 1802 gravia
1756 1716 1937 1803 dogmata,
1962 1730 2004 1787 ut
2023 1741 2101 1788 mos
2116 1715 2186 1788 fuit

1192 1812 1338 1880 illorum
1354 1825 1566 1902 temporum.
1618 1811 1716 1902 Quid
1735 1819 1830 1909 qnod
1848 1830 1882 1886 et
1898 1816 1998 1891 Plato
2013 1843 2185 1890 nonnun-

1193 1936 1300 2007 quam
1317 1915 1360 1982 ad
1378 1908 1474 1983 hunc
1488 1917 1637 1985 modum
1654 1917 1747 1989 ludit
1761 1919 1804 1987 de
1817 1916 1903 1988 Diis
1911 1919 2185 2007 immortalibus,

1194 2040 1273 2085 curn
1288 2015 1384 2086 aliud
1400 2016 1571 2108 quiddam
1595 2018 1784 2108 significet,
1811 2021 1875 2115 qui
1898 2023 2022 2092 sitam
2043 2046 2186 2093 sevems

1194 2119 1299 2188 iudex
1323 2120 1362 2186 in
1383 2118 1473 2187 alios
1498 2143 1571 2189 esse
1593 2122 1691 2207 vult,
1730 2125 1855 2193 eodem
1881 2125 2012 2215 etipse
2035 2126 2185 2196 crimine

1192 2220 1356 2289 damnari
1373 2235 1498 2310 potest.
1548 2219 1687 2293 Deinde
1700 2226 1910 2315 responderi
1927 2241 1960 2296 et
1976 2223 2043 2298 hoc
2059 2241 2187 2323 potest,

1194 2323 1290 2415 quod
1311 2316 1585 2416 chrysostomus
1605 2325 1673 2410 ait,
1704 2324 1901 2397 Homerum
1923 2323 1970 2399 roi
1991 2324 2063 2420 μὲν
2089 2324 2185 2401 κατὰ

1193 2419 1330 2508 δόξαν,
1371 2417 1461 2495 τάδε
1497 2421 1583 2496 κατ’
1616 2423 1797 2521 dimisisti
1837 2430 2006 2521 posuisse.
2065 2429 2185 2525 Atque

1194 2522 1279 2596 haec
1297 2520 1386 2594 mihi
1400 2530 1444 2595 de
1459 2528 1573 2617 prima
1588 2554 1690 2600 causa
1707 2531 1835 2601 dixisse
1851 2533 1933 2602 satis
1949 2535 2007 2607 ait.
2044 2531 2186 2605 Obiici-

1193 2644 1253 2700 tur
1267 2645 1384 2699 autem
1401 2631 1557 2698 secundo
1581 2630 1676 2717 loco,
1703 2636 1798 2725 quod
1822 2634 1958 2723 magnis
1974 2661 2014 2705 ac
2034 2631 2186 2707 heroicis

1193 2731 1280 2799 viris
1293 2725 1493 2823 lachrymas
1506 2733 1722 2805 attribuerit:
1741 2736 1778 2804 id
1794 2760 1857 2805 cur
1871 2733 2185 2828 reprehensionem

1194 2847 1380 2915 mereatur,
1389 2834 1587 2919 nonvideo,
1596 2836 1668 2906 imo
1678 2860 1760 2906 vero
1770 2838 2186 2931 praecipuelaudaudum

1194 2933 1261 3006 hoc
1279 2930 1368 3003 mihi
1386 2934 1528 3005 videtur
1543 2959 1639 3030 esse,
1672 2942 1768 3031 quod
1785 2962 1859 3009 uon
1875 2943 2018 3012 stultam
2033 2943 2133 3013 illum
2151 2959 2186 3017 et

1194 3035 1440 3127 imaginariam
1457 3037 1659 3110 Stoicorum
1683 3034 1873 3115 ἀπάθειαν
1892 3044 2101 3132 somniavit,
2124 3048 2184 3115 sed

1193 3140 1280 3213 tales
1304 3162 1422 3207 rerum
1445 3154 1550 3232 atque
1578 3136 1765 3215 homiuum
1788 3145 1960 3235 imagines
1987 3150 2187 3239 proposuit,

1194 3240 1316 3337 quales
1338 3253 1453 3310 esseut
1475 3240 1514 3309 in
1536 3264 1656 3312 rerum
1679 3257 1806 3317 natura
1828 3260 1861 3316 et
1876 3247 1963 3332 vita,
1987 3273 2062 3318 non
2085 3250 2186 3321 linxit

1194 3341 1431 3436 prodigiosas,
1457 3357 1492 3414 et
1507 3367 1527 3411 a
1544 3346 1726 3415 communi
1746 3340 1904 3418 humano
1927 3372 2032 3419 sensu
2054 3347 2186 3422 abbor-

1194 3458 1311 3515 rentes
1340 3443 1543 3533 opiniones,
1577 3448 1638 3515 sed
1670 3471 1710 3516 ea
1732 3470 1796 3517 suo
1819 3449 1975 3520 carmine
2002 3454 2186 3544 expressit,

1194 3570 1405 3641 quaequam
1429 3546 1581 3615 maxime
1602 3562 1717 3618 essent
1733 3550 1859 3619 usitata
1877 3551 1916 3619 in
1931 3554 2023 3639 vita,
2051 3569 2086 3625 et
2100 3580 2187 3624 corr-

1194 3664 1359 3720 sentauea
1385 3650 1568 3718 communi
1592 3649 1723 3724 sensui.
1782 3650 1908 3723 l'oluit
1931 3669 2050 3726 autem
2076 3658 2186 3747 sigui-

1193 3754 1296 3821 ficare
1312 3772 1458 3841 magnos
1473 3752 1569 3820 viros
1584 3776 1665 3823 cum
1680 3751 1897 3842 gravissimis
1919 3770 1954 3827 et
1977 3758 2186 3829 tristissimis

1193 3855 1333 3924 casibus
1365 3852 1579 3940 coullictari,
1620 3879 1819 3947 mfflnoque
1852 3858 2052 3930 animorum
2087 3874 2187 3933 motu

1193 3954 1355 4050 percelli,
1379 3969 1420 4025 ut
1435 3958 1480 4023 de
1494 3978 1559 4024 suo
1575 3953 1695 4026 Aenea
1713 3954 1899 4028 Romanus
1912 3958 2036 4031 Poeta:

1270 4061 1364 4145 Spem
1375 4067 1462 4126 vultu
1475 4066 1614 4144 simulat,
1639 4066 1749 4148 premit
1765 4071 1826 4129 alto
1841 4068 1931 4130 corde
1943 4070 2089 4134 dolorem.

1193 4159 1241 4232 Et
1257 4160 1326 4231 alio
1343 4160 1436 4230 loco:

1371 4265 1490 4351 lugenti
1503 4274 1615 4332 irarum
1633 4274 1758 4335 llucturt
1772 4288 1866 4336 aestu.

1196 4361 1467 4455 Descripseruut
1494 4367 1589 4435 enirn
1619 4366 1750 4439 Posiae
1774 4372 1861 4440 tales
1887 4365 2032 4454 heroas,
2064 4367 2185 4461 quales

1193 4465 1356 4545 fuerunt,
1388 4491 1515 4560 nempe
1535 4469 1599 4561 qui
1623 4485 1658 4540 et
1687 4466 1852 4541 humanis
1872 4473 2010 4541 casibus
2039 4470 2185 4539 ulnroxii

1193 4579 1326 4648 essent,
1360 4583 1394 4639 et
1420 4568 1464 4635 iis
1489 4585 1728 4651 moverentur.
1789 4572 2056 4663 proposuerunt
2081 4572 2186 4641 uobis

1194 4667 1436 4753 consiliorum,
1463 4671 1665 4758 affectuum,
1690 4675 1870 4744 actionum
1898 4688 1933 4743 et
1956 4674 2185 4763 negociorum

1192 4769 1231 4838 in
1255 4769 1346 4856 vita,
1378 4765 1567 4841 bominum
1588 4774 1692 4844 etiam
1718 4776 1863 4847 usitatas
1888 4776 2077 4864 imagines,
2110 4798 2184 4845 non

1194 4883 1278 4940 sunt
1298 4872 1408 4942 secuti
1429 4873 1492 4942 illa
1513 4869 1736 4947 ἀτοπώτατα
1757 4871 1970 4967 παράδοξα,
1998 4877 2128 4970 quibus
2143 4900 2185 4945 ex

1193 4967 1420 5065 Pltilosophis
1458 4976 1627 5045 nonnulli
1669 4977 1852 5068 impendio
1891 4994 1975 5050 sunt
2010 4980 2185 5049 delectati·

1191 5072 1306 5143 Porro
1328 5077 1425 5169 quod
1447 5076 1580 5146 inferos
1601 5078 1760 5164 finxerit,
1795 5081 1831 5148 id
1852 5082 2014 5167 tertium,
2046 5083 2186 5172 opinor,

1192 5175 1327 5246 criruen
1342 5174 1500 5247 Homero
1519 5178 1721 5249 obiicitura
1739 5180 1908 5269 Platone,
1930 5196 2076 5275 putatur
2090 5184 2186 5251 enim

1192 5289 1324 5346 metum
1339 5279 1464 5349 mortis
1480 5280 1637 5349 incutere
1660 5276 1888 5369 hominibus,
1913 5310 1993 5354 cum
2012 5284 2187 5355 terribilia

1191 5393 1227 5447 et
1242 5381 1360 5470 qualia
1377 5381 1451 5472 ipse
1473 5382 1588 5472 pingit
1609 5385 1703 5473 apud
1725 5384 1878 5471 inferos,
1904 5387 1972 5456 sibi
1992 5402 2071 5479 post
2094 5381 2186 5454 harre

1190 5479 1301 5552 vitam
1335 5498 1556 5575 proponant,
1591 5497 1699 5578 atque
1733 5486 1782 5557 ita
1817 5487 1971 5559 lectione
2005 5485 2187 5557 Homerici
