<?xml version="1.0" encoding="UTF-8"?>
<!DOCTYPE html PUBLIC "-//W3C//DTD XHTML 1.0 Transitional//EN"
    "http://www.w3.org/TR/xhtml1/DTD/xhtml1-transitional.dtd">
<html xmlns="http://www.w3.org/1999/xhtml" xml:lang="en" lang="en">
 <head>
  <title>
</title>
<meta http-equiv="Content-Type" content="text/html;charset=utf-8" />
  <meta name='ocr-system' content='tesseract 3.04.00' />
  <meta name='ocr-capabilities' content='ocr_page ocr_carea ocr_par ocr_line ocrx_word'/>
</head>
<body>
  <div class='ocr_page' id='page_1' title='image "./philippimelanth00bretgoog_0475.png"; bbox 0 0 4664 6022; ppageno 0'>
   <div class='ocr_carea' id='block_1_1' title="bbox 145 269 2191 369">
    <p class='ocr_par' dir='ltr' id='par_1_1' title="bbox 145 269 2191 369">
     <span class='ocr_line' id='line_1_1' title="bbox 145 269 2191 369; baseline 0 -11"><span class='ocrx_word' id='word_1_1' title='bbox 145 286 222 360; x_wconf 79' lang='grc'><strong>987</strong></span> <span class='ocrx_word' id='word_1_2' title='bbox 423 362 427 369; x_wconf 60' lang='grc'>,</span> <span class='ocrx_word' id='word_1_3' title='bbox 698 272 858 351; x_wconf 81' lang='lat' dir='ltr'><strong>DECL.</strong></span> <span class='ocrx_word' id='word_1_4' title='bbox 888 272 969 351; x_wconf 80' lang='lat' dir='ltr'><strong>DE</strong></span> <span class='ocrx_word' id='word_1_5' title='bbox 999 269 1313 351; x_wconf 76' lang='lat' dir='ltr'><strong>no-ctttttta</strong></span> <span class='ocrx_word' id='word_1_6' title='bbox 1344 273 1613 358; x_wconf 66' lang='lat' dir='ltr'><strong>Ptttstctt.</strong></span> <span class='ocrx_word' id='word_1_7' title='bbox 2109 285 2191 365; x_wconf 75' lang='lat'><strong>938</strong></span> 
     </span>
    </p>
   </div>
   <div class='ocr_carea' id='block_1_2' title="bbox 141 447 2192 5248">
    <p class='ocr_par' dir='ltr' id='par_1_2' title="bbox 141 447 2192 5248">
     <span class='ocr_line' id='line_1_2' title="bbox 145 447 2192 555; baseline 0 -25"><span class='ocrx_word' id='word_1_8' title='bbox 145 481 297 555; x_wconf 83' lang='lat' dir='ltr'><strong>possem.</strong></span> <span class='ocrx_word' id='word_1_9' title='bbox 338 455 495 528; x_wconf 88' lang='lat' dir='ltr'><strong>Tantum</strong></span> <span class='ocrx_word' id='word_1_10' title='bbox 511 452 664 525; x_wconf 90' lang='lat' dir='ltr'><strong>breviter</strong></span> <span class='ocrx_word' id='word_1_11' title='bbox 679 449 958 523; x_wconf 71' lang='lat' dir='ltr'><strong>commonefacio</strong></span> <span class='ocrx_word' id='word_1_12' title='bbox 974 447 1144 536; x_wconf 85' lang='lat' dir='ltr'><strong>iuniores,</strong></span> <span class='ocrx_word' id='word_1_13' title='bbox 1196 447 1366 542; x_wconf 89' lang='lat' dir='ltr'><strong>supplicia</strong></span> <span class='ocrx_word' id='word_1_14' title='bbox 1405 453 1568 544; x_wconf 91' lang='lat' dir='ltr'><strong>publica,</strong></span> <span class='ocrx_word' id='word_1_15' title='bbox 1608 478 1683 525; x_wconf 92' lang='lat' dir='ltr'><strong>non</strong></span> <span class='ocrx_word' id='word_1_16' title='bbox 1711 455 1841 528; x_wconf 86' lang='lat' dir='ltr'><strong>famam</strong></span> <span class='ocrx_word' id='word_1_17' title='bbox 1872 473 2026 546; x_wconf 73' lang='grc' dir='ltr'>ιιιειιιιι,</span> <span class='ocrx_word' id='word_1_18' title='bbox 2072 474 2192 533; x_wconf 86' lang='lat' dir='ltr'><strong>tamen</strong></span> 
     </span>
     <span class='ocr_line' id='line_1_3' title="bbox 144 548 2035 650; baseline -0.001 -15"><span class='ocrx_word' id='word_1_19' title='bbox 144 578 186 635; x_wconf 94' lang='lat' dir='ltr'><strong>ut</strong></span> <span class='ocrx_word' id='word_1_20' title='bbox 204 563 334 641; x_wconf 90' lang='lat' dir='ltr'><strong>sciant,</strong></span> <span class='ocrx_word' id='word_1_21' title='bbox 360 555 416 630; x_wconf 91' lang='lat' dir='ltr'><strong>his</strong></span> <span class='ocrx_word' id='word_1_22' title='bbox 430 558 543 629; x_wconf 89' lang='lat' dir='ltr'><strong>initiis</strong></span> <span class='ocrx_word' id='word_1_23' title='bbox 557 557 741 627; x_wconf 91' lang='lat' dir='ltr'><strong>doctrinae</strong></span> <span class='ocrx_word' id='word_1_24' title='bbox 757 549 923 650; x_wconf 78' lang='lat' dir='ltr'><strong>physicae</strong></span> <span class='ocrx_word' id='word_1_25' title='bbox 944 552 984 622; x_wconf 92' lang='lat' dir='ltr'><strong>in</strong></span> <span class='ocrx_word' id='word_1_26' title='bbox 1010 553 1143 625; x_wconf 86' lang='lat' dir='ltr'><strong>multa·</strong></span> <span class='ocrx_word' id='word_1_27' title='bbox 1194 567 1313 623; x_wconf 89' lang='lat' dir='ltr'><strong>sontes</strong></span> <span class='ocrx_word' id='word_1_28' title='bbox 1328 555 1468 625; x_wconf 89' lang='lat' dir='ltr'><strong>tandem</strong></span> <span class='ocrx_word' id='word_1_29' title='bbox 1487 548 1667 628; x_wconf 92' lang='lat' dir='ltr'><strong>horrendo</strong></span> <span class='ocrx_word' id='word_1_30' title='bbox 1684 558 1840 631; x_wconf 88' lang='lat' dir='ltr'><strong>cruciatu</strong></span> <span class='ocrx_word' id='word_1_31' title='bbox 1856 560 2035 636; x_wconf 89' lang='lat' dir='ltr'><strong>interficit.</strong></span> 
     </span>
     <span class='ocr_line' id='line_1_4' title="bbox 144 654 2187 757; baseline 0 -22"><span class='ocrx_word' id='word_1_32' title='bbox 144 690 227 736; x_wconf 84' lang='lat' dir='ltr'><strong>rurn</strong></span> <span class='ocrx_word' id='word_1_33' title='bbox 243 687 362 734; x_wconf 87' lang='lat' dir='ltr'><strong>rerum</strong></span> <span class='ocrx_word' id='word_1_34' title='bbox 380 659 598 753; x_wconf 71' lang='lat' dir='ltr'><strong>expositione</strong></span> <span class='ocrx_word' id='word_1_35' title='bbox 613 659 654 731; x_wconf 90' lang='lat' dir='ltr'><strong>in</strong></span> <span class='ocrx_word' id='word_1_36' title='bbox 671 654 829 728; x_wconf 82' lang='lat' dir='ltr'><strong>Ecclesia</strong></span> <span class='ocrx_word' id='word_1_37' title='bbox 845 678 936 749; x_wconf 90' lang='lat' dir='ltr'><strong>opus</strong></span> <span class='ocrx_word' id='word_1_38' title='bbox 950 677 1036 724; x_wconf 89' lang='lat' dir='ltr'><strong>esse.</strong></span> <span class='ocrx_word' id='word_1_39' title='bbox 1296 655 1418 750; x_wconf 90' lang='lat' dir='ltr'><strong>Itaque</strong></span> <span class='ocrx_word' id='word_1_40' title='bbox 1434 658 1667 730; x_wconf 88' lang='lat' dir='ltr'><strong>certissimum</strong></span> <span class='ocrx_word' id='word_1_41' title='bbox 1680 674 1731 731; x_wconf 94' lang='grc' dir='ltr'><strong>εει</strong></span> <span class='ocrx_word' id='word_1_42' title='bbox 1739 711 1752 747; x_wconf 85' lang='grc'>,</span> <span class='ocrx_word' id='word_1_43' title='bbox 1779 675 1813 733; x_wconf 88' lang='grc' dir='ltr'><strong>ει</strong></span> <span class='ocrx_word' id='word_1_44' title='bbox 1825 686 1899 734; x_wconf 89' lang='grc' dir='ltr'>εεεε</span> <span class='ocrx_word' id='word_1_45' title='bbox 1913 661 2029 736; x_wconf 85' lang='grc' dir='ltr'>Ι)ειιιιι</span> <span class='ocrx_word' id='word_1_46' title='bbox 2043 665 2187 757; x_wconf 87' lang='lat' dir='ltr'><strong>sapien-</strong></span> 
     </span>
     <span class='ocr_line' id='line_1_5' title="bbox 250 753 2189 842; baseline 0.003 -8"><span class='ocrx_word' id='word_1_47' title='bbox 250 765 431 836; x_wconf 87' lang='lat' dir='ltr'><strong>}lactenus</strong></span> <span class='ocrx_word' id='word_1_48' title='bbox 452 767 496 834; x_wconf 93' lang='lat' dir='ltr'><strong>de</strong></span> <span class='ocrx_word' id='word_1_49' title='bbox 520 763 625 833; x_wconf 87' lang='lat' dir='ltr'><strong>rebus</strong></span> <span class='ocrx_word' id='word_1_50' title='bbox 642 761 790 830; x_wconf 91' lang='lat' dir='ltr'><strong>minime</strong></span> <span class='ocrx_word' id='word_1_51' title='bbox 809 757 968 830; x_wconf 90' lang='lat' dir='ltr'><strong>obscuris</strong></span> <span class='ocrx_word' id='word_1_52' title='bbox 986 754 1080 842; x_wconf 85' lang='lat' dir='ltr'><strong>dixi,</strong></span> <span class='ocrx_word' id='word_1_53' title='bbox 1102 753 1141 825; x_wconf 89' lang='lat' dir='ltr'><strong>in</strong></span> <span class='ocrx_word' id='word_1_54' title='bbox 1193 771 1264 828; x_wconf 90' lang='lat' dir='ltr'><strong>tem</strong></span> <span class='ocrx_word' id='word_1_55' title='bbox 1281 758 1513 842; x_wconf 88' lang='lat' dir='ltr'><strong>conditorem,</strong></span> <span class='ocrx_word' id='word_1_56' title='bbox 1533 776 1567 832; x_wconf 93' lang='lat' dir='ltr'><strong>et</strong></span> <span class='ocrx_word' id='word_1_57' title='bbox 1582 763 1713 833; x_wconf 91' lang='lat' dir='ltr'><strong>iustum</strong></span> <span class='ocrx_word' id='word_1_58' title='bbox 1730 788 1771 834; x_wconf 94' lang='lat' dir='ltr'><strong>ac</strong></span> <span class='ocrx_word' id='word_1_59' title='bbox 1786 765 1963 837; x_wconf 89' lang='lat' dir='ltr'><strong>vindicem</strong></span> <span class='ocrx_word' id='word_1_60' title='bbox 1977 791 2062 839; x_wconf 88' lang='lat' dir='ltr'><strong>esse.</strong></span> <span class='ocrx_word' id='word_1_61' title='bbox 2089 765 2189 841; x_wconf 86' lang='lat' dir='ltr'><strong>llaec</strong></span> 
     </span>
     <span class='ocr_line' id='line_1_6' title="bbox 146 855 2188 963; baseline 0.001 -24"><span class='ocrx_word' id='word_1_62' title='bbox 146 869 278 963; x_wconf 91' lang='lat' dir='ltr'><strong>quihus</strong></span> <span class='ocrx_word' id='word_1_63' title='bbox 310 867 471 938; x_wconf 90' lang='lat' dir='ltr'><strong>adiuvari</strong></span> <span class='ocrx_word' id='word_1_64' title='bbox 505 865 679 935; x_wconf 82' lang='lat' dir='ltr'><strong>discentes</strong></span> <span class='ocrx_word' id='word_1_65' title='bbox 710 859 775 932; x_wconf 88' lang='lat' dir='ltr'><strong>ltac</strong></span> <span class='ocrx_word' id='word_1_66' title='bbox 804 860 933 954; x_wconf 91' lang='lat' dir='ltr'><strong>puerili</strong></span> <span class='ocrx_word' id='word_1_67' title='bbox 966 857 1141 943; x_wconf 88' lang='lat' dir='ltr'><strong>doctrina,</strong></span> <span class='ocrx_word' id='word_1_68' title='bbox 1194 855 1336 955; x_wconf 89' lang='lat' dir='ltr'><strong>physica</strong></span> <span class='ocrx_word' id='word_1_69' title='bbox 1353 862 1576 934; x_wconf 90' lang='lat' dir='ltr'><strong>ratiocinatio</strong></span> <span class='ocrx_word' id='word_1_70' title='bbox 1599 865 1697 936; x_wconf 88' lang='lat' dir='ltr'><strong>utilis</strong></span> <span class='ocrx_word' id='word_1_71' title='bbox 1719 882 1770 939; x_wconf 89' lang='grc' dir='ltr'><strong>εει</strong></span> <span class='ocrx_word' id='word_1_72' title='bbox 1792 869 1908 939; x_wconf 89' lang='lat' dir='ltr'><strong>honac</strong></span> <span class='ocrx_word' id='word_1_73' title='bbox 1930 871 2060 955; x_wconf 90' lang='lat' dir='ltr'><strong>menti,</strong></span> <span class='ocrx_word' id='word_1_74' title='bbox 2095 894 2188 963; x_wconf 87' lang='lat' dir='ltr'><strong>quae</strong></span> 
     </span>
     <span class='ocr_line' id='line_1_7' title="bbox 146 963 2185 1066; baseline 0.003 -26"><span class='ocrx_word' id='word_1_75' title='bbox 146 995 237 1066; x_wconf 85' lang='lat' dir='ltr'><strong>quac</strong></span> <span class='ocrx_word' id='word_1_76' title='bbox 253 971 291 1039; x_wconf 94' lang='lat' dir='ltr'><strong>in</strong></span> <span class='ocrx_word' id='word_1_77' title='bbox 308 965 461 1063; x_wconf 84' lang='lat' dir='ltr'><strong>physicis</strong></span> <span class='ocrx_word' id='word_1_78' title='bbox 477 968 608 1037; x_wconf 89' lang='lat' dir='ltr'><strong>libellis</strong></span> <span class='ocrx_word' id='word_1_79' title='bbox 624 966 788 1050; x_wconf 80' lang='lat' dir='ltr'><strong>traditur,</strong></span> <span class='ocrx_word' id='word_1_80' title='bbox 811 964 1037 1033; x_wconf 90' lang='lat' dir='ltr'><strong>manifestum</strong></span> <span class='ocrx_word' id='word_1_81' title='bbox 1052 975 1114 1034; x_wconf 88' lang='lat' dir='ltr'><strong>est.</strong></span> <span class='ocrx_word' id='word_1_82' title='bbox 1193 963 1298 1032; x_wconf 91' lang='lat' dir='ltr'><strong>simul</strong></span> <span class='ocrx_word' id='word_1_83' title='bbox 1316 965 1454 1056; x_wconf 88' lang='lat' dir='ltr'><strong>quaerit</strong></span> <span class='ocrx_word' id='word_1_84' title='bbox 1472 967 1670 1037; x_wconf 89' lang='lat' dir='ltr'><strong>testimonia</strong></span> <span class='ocrx_word' id='word_1_85' title='bbox 1694 970 1938 1061; x_wconf 90' lang='lat' dir='ltr'><strong>patefactionis</strong></span> <span class='ocrx_word' id='word_1_86' title='bbox 1960 973 1997 1042; x_wconf 92' lang='lat' dir='ltr'><strong>in</strong></span> <span class='ocrx_word' id='word_1_87' title='bbox 2012 968 2185 1047; x_wconf 82' lang='lat' dir='ltr'><strong>Ecclesia.</strong></span> 
     </span>
     <span class='ocr_line' id='line_1_8' title="bbox 249 1063 2182 1160; baseline 0.002 -18"><span class='ocrx_word' id='word_1_88' title='bbox 249 1069 328 1142; x_wconf 78' lang='lat' dir='ltr'><strong>Etsi</strong></span> <span class='ocrx_word' id='word_1_89' title='bbox 343 1087 459 1141; x_wconf 91' lang='lat' dir='ltr'><strong>autem</strong></span> <span class='ocrx_word' id='word_1_90' title='bbox 475 1072 547 1142; x_wconf 91' lang='lat' dir='ltr'><strong>scio</strong></span> <span class='ocrx_word' id='word_1_91' title='bbox 563 1068 771 1160; x_wconf 90' lang='lat' dir='ltr'><strong>sapientiam</strong></span> <span class='ocrx_word' id='word_1_92' title='bbox 789 1067 832 1134; x_wconf 89' lang='lat' dir='ltr'><strong>de</strong></span> <span class='ocrx_word' id='word_1_93' title='bbox 851 1065 1000 1136; x_wconf 89' lang='lat' dir='ltr'><strong>essentia</strong></span> <span class='ocrx_word' id='word_1_94' title='bbox 1023 1077 1058 1134; x_wconf 93' lang='lat' dir='ltr'><strong>et</strong></span> <span class='ocrx_word' id='word_1_95' title='bbox 1077 1088 1140 1132; x_wconf 87' lang='lat' dir='ltr'><strong>vo·</strong></span> <span class='ocrx_word' id='word_1_96' title='bbox 1192 1063 1283 1134; x_wconf 82' lang='lat' dir='ltr'><strong>Nam</strong></span> <span class='ocrx_word' id='word_1_97' title='bbox 1314 1091 1394 1134; x_wconf 91' lang='lat' dir='ltr'><strong>cum</strong></span> <span class='ocrx_word' id='word_1_98' title='bbox 1424 1069 1657 1139; x_wconf 90' lang='lat' dir='ltr'><strong>certissimum</strong></span> <span class='ocrx_word' id='word_1_99' title='bbox 1682 1072 1745 1155; x_wconf 89' lang='lat' dir='ltr'><strong>sit,</strong></span> <span class='ocrx_word' id='word_1_100' title='bbox 1784 1097 1857 1142; x_wconf 91' lang='lat' dir='ltr'><strong>esse</strong></span> <span class='ocrx_word' id='word_1_101' title='bbox 1881 1070 2017 1160; x_wconf 87' lang='lat' dir='ltr'><strong>Deum,</strong></span> <span class='ocrx_word' id='word_1_102' title='bbox 2055 1087 2090 1145; x_wconf 92' lang='lat' dir='ltr'><strong>et</strong></span> <span class='ocrx_word' id='word_1_103' title='bbox 2112 1069 2182 1145; x_wconf 92' lang='lat' dir='ltr'><strong>hoc</strong></span> 
     </span>
     <span class='ocr_line' id='line_1_9' title="bbox 144 1166 2185 1265; baseline -0 -18"><span class='ocrx_word' id='word_1_104' title='bbox 144 1177 284 1247; x_wconf 91' lang='lat' dir='ltr'><strong>luntate</strong></span> <span class='ocrx_word' id='word_1_105' title='bbox 301 1172 368 1244; x_wconf 89' lang='lat' dir='ltr'><strong>Dei</strong></span> <span class='ocrx_word' id='word_1_106' title='bbox 386 1174 488 1264; x_wconf 89' lang='lat' dir='ltr'><strong>longe</strong></span> <span class='ocrx_word' id='word_1_107' title='bbox 503 1172 652 1265; x_wconf 83' lang='lat' dir='ltr'><strong>positam</strong></span> <span class='ocrx_word' id='word_1_108' title='bbox 670 1194 743 1241; x_wconf 90' lang='lat' dir='ltr'><strong>esse</strong></span> <span class='ocrx_word' id='word_1_109' title='bbox 759 1192 866 1262; x_wconf 90' lang='lat' dir='ltr'><strong>supra</strong></span> <span class='ocrx_word' id='word_1_110' title='bbox 883 1184 918 1241; x_wconf 90' lang='lat' dir='ltr'><strong>et</strong></span> <span class='ocrx_word' id='word_1_111' title='bbox 937 1179 1032 1237; x_wconf 85' lang='lat' dir='ltr'><strong>extra</strong></span> <span class='ocrx_word' id='word_1_112' title='bbox 1051 1189 1139 1235; x_wconf 90' lang='lat' dir='ltr'><strong>con·</strong></span> <span class='ocrx_word' id='word_1_113' title='bbox 1191 1166 1307 1259; x_wconf 89' lang='lat' dir='ltr'><strong>ipsum</strong></span> <span class='ocrx_word' id='word_1_114' title='bbox 1321 1169 1554 1241; x_wconf 87' lang='lat' dir='ltr'><strong>conscientiae</strong></span> <span class='ocrx_word' id='word_1_115' title='bbox 1570 1172 1742 1243; x_wconf 91' lang='lat' dir='ltr'><strong>iudicium</strong></span> <span class='ocrx_word' id='word_1_116' title='bbox 1759 1177 1940 1256; x_wconf 86' lang='lat' dir='ltr'><strong>ostendat,</strong></span> <span class='ocrx_word' id='word_1_117' title='bbox 1964 1200 2032 1247; x_wconf 91' lang='lat' dir='ltr'><strong>nos</strong></span> <span class='ocrx_word' id='word_1_118' title='bbox 2045 1177 2089 1246; x_wconf 87' lang='lat' dir='ltr'><strong>ad</strong></span> <span class='ocrx_word' id='word_1_119' title='bbox 2105 1176 2185 1248; x_wconf 90' lang='lat' dir='ltr'><strong>eius</strong></span> 
     </span>
     <span class='ocr_line' id='line_1_10' title="bbox 145 1262 2181 1371; baseline -0.002 -19"><span class='ocrx_word' id='word_1_120' title='bbox 145 1291 304 1371; x_wconf 80' lang='lat' dir='ltr'><strong>spectum</strong></span> <span class='ocrx_word' id='word_1_121' title='bbox 322 1277 482 1346; x_wconf 89' lang='lat' dir='ltr'><strong>omnium</strong></span> <span class='ocrx_word' id='word_1_122' title='bbox 505 1275 732 1365; x_wconf 83' lang='lat' dir='ltr'><strong>angelorum,</strong></span> <span class='ocrx_word' id='word_1_123' title='bbox 757 1286 861 1365; x_wconf 90' lang='lat' dir='ltr'><strong>atque</strong></span> <span class='ocrx_word' id='word_1_124' title='bbox 885 1270 1046 1341; x_wconf 89' lang='lat' dir='ltr'><strong>omnium</strong></span> <span class='ocrx_word' id='word_1_125' title='bbox 1073 1262 1139 1337; x_wconf 92' lang='lat' dir='ltr'><strong>hn-</strong></span> <span class='ocrx_word' id='word_1_126' title='bbox 1191 1271 1407 1359; x_wconf 90' lang='lat' dir='ltr'><strong>agnitionem</strong></span> <span class='ocrx_word' id='word_1_127' title='bbox 1425 1273 1586 1344; x_wconf 91' lang='lat' dir='ltr'><strong>conditos</strong></span> <span class='ocrx_word' id='word_1_128' title='bbox 1599 1298 1689 1359; x_wconf 92' lang='lat' dir='ltr'><strong>esse,</strong></span> <span class='ocrx_word' id='word_1_129' title='bbox 1714 1289 1806 1348; x_wconf 83' lang='lat' dir='ltr'><strong>extat</strong></span> <span class='ocrx_word' id='word_1_130' title='bbox 1822 1278 1861 1347; x_wconf 92' lang='lat' dir='ltr'><strong>in</strong></span> <span class='ocrx_word' id='word_1_131' title='bbox 1877 1301 2004 1368; x_wconf 83' lang='lat' dir='ltr'><strong>genere</strong></span> <span class='ocrx_word' id='word_1_132' title='bbox 2022 1273 2181 1348; x_wconf 92' lang='lat' dir='ltr'><strong>humano</strong></span> 
     </span>
     <span class='ocr_line' id='line_1_11' title="bbox 144 1371 2185 1470; baseline 0.001 -20"><span class='ocrx_word' id='word_1_133' title='bbox 144 1381 305 1464; x_wconf 82' lang='lat' dir='ltr'><strong>minum,</strong></span> <span class='ocrx_word' id='word_1_134' title='bbox 351 1403 416 1447; x_wconf 91' lang='lat' dir='ltr'><strong>nec</strong></span> <span class='ocrx_word' id='word_1_135' title='bbox 450 1371 703 1470; x_wconf 84' lang='lat' dir='ltr'><strong>comprehendi</strong></span> <span class='ocrx_word' id='word_1_136' title='bbox 737 1374 836 1445; x_wconf 90' lang='lat' dir='ltr'><strong>illam</strong></span> <span class='ocrx_word' id='word_1_137' title='bbox 867 1372 1139 1444; x_wconf 83' lang='lat' dir='ltr'><strong>immensitatem</strong></span> <span class='ocrx_word' id='word_1_138' title='bbox 1190 1374 1389 1442; x_wconf 88' lang='lat' dir='ltr'><strong>veradeeo</strong></span> <span class='ocrx_word' id='word_1_139' title='bbox 1407 1374 1567 1446; x_wconf 89' lang='lat' dir='ltr'><strong>doctrina</strong></span> <span class='ocrx_word' id='word_1_140' title='bbox 1586 1377 1785 1449; x_wconf 85' lang='lat' dir='ltr'><strong>illustribus</strong></span> <span class='ocrx_word' id='word_1_141' title='bbox 1807 1380 2019 1451; x_wconf 73' lang='lat' dir='ltr'><strong>testimoniis</strong></span> <span class='ocrx_word' id='word_1_142' title='bbox 2041 1380 2185 1452; x_wconf 83' lang='lat' dir='ltr'><strong>tradita.</strong></span> 
     </span>
     <span class='ocr_line' id='line_1_12' title="bbox 143 1472 2185 1579; baseline -0 -28"><span class='ocrx_word' id='word_1_143' title='bbox 143 1478 303 1579; x_wconf 84' lang='lat' dir='ltr'><strong>physicis</strong></span> <span class='ocrx_word' id='word_1_144' title='bbox 317 1480 466 1550; x_wconf 88' lang='lat' dir='ltr'><strong>libellis:</strong></span> <span class='ocrx_word' id='word_1_145' title='bbox 488 1494 523 1550; x_wconf 91' lang='lat' dir='ltr'><strong>et</strong></span> <span class='ocrx_word' id='word_1_146' title='bbox 539 1480 632 1572; x_wconf 90' lang='lat' dir='ltr'><strong>ipsas</strong></span> <span class='ocrx_word' id='word_1_147' title='bbox 646 1477 896 1569; x_wconf 89' lang='lat' dir='ltr'><strong>patefactiones</strong></span> <span class='ocrx_word' id='word_1_148' title='bbox 906 1472 972 1545; x_wconf 88' lang='lat' dir='ltr'><strong>Dei</strong></span> <span class='ocrx_word' id='word_1_149' title='bbox 988 1473 1138 1567; x_wconf 82' lang='lat' dir='ltr'><strong>audien·</strong></span> <span class='ocrx_word' id='word_1_150' title='bbox 1191 1472 1291 1544; x_wconf 90' lang='lat' dir='ltr'><strong>Talis</strong></span> <span class='ocrx_word' id='word_1_151' title='bbox 1308 1488 1359 1544; x_wconf 88' lang='lat' dir='ltr'><strong>est</strong></span> <span class='ocrx_word' id='word_1_152' title='bbox 1377 1477 1488 1566; x_wconf 90' lang='lat' dir='ltr'><strong>prima</strong></span> <span class='ocrx_word' id='word_1_153' title='bbox 1505 1478 1566 1547; x_wconf 94' lang='lat' dir='ltr'><strong>illa</strong></span> <span class='ocrx_word' id='word_1_154' title='bbox 1581 1503 1643 1570; x_wconf 89' lang='lat' dir='ltr'><strong>per</strong></span> <span class='ocrx_word' id='word_1_155' title='bbox 1652 1477 1783 1562; x_wconf 88' lang='lat' dir='ltr'><strong>Patres,</strong></span> <span class='ocrx_word' id='word_1_156' title='bbox 1807 1477 2012 1572; x_wconf 86' lang='lat' dir='ltr'><strong>Prophetas,</strong></span> <span class='ocrx_word' id='word_1_157' title='bbox 2033 1480 2185 1569; x_wconf 87' lang='lat' dir='ltr'><strong>Filium,</strong></span> 
     </span>
     <span class='ocr_line' id='line_1_13' title="bbox 144 1573 2185 1675; baseline -0.002 -17"><span class='ocrx_word' id='word_1_158' title='bbox 144 1589 210 1659; x_wconf 91' lang='lat' dir='ltr'><strong>das</strong></span> <span class='ocrx_word' id='word_1_159' title='bbox 227 1607 322 1668; x_wconf 88' lang='lat' dir='ltr'><strong>esse,</strong></span> <span class='ocrx_word' id='word_1_160' title='bbox 349 1606 415 1653; x_wconf 89' lang='lat' dir='ltr'><strong>nec</strong></span> <span class='ocrx_word' id='word_1_161' title='bbox 431 1583 517 1653; x_wconf 89' lang='lat' dir='ltr'><strong>alias</strong></span> <span class='ocrx_word' id='word_1_162' title='bbox 533 1582 722 1675; x_wconf 90' lang='lat' dir='ltr'><strong>opiniones</strong></span> <span class='ocrx_word' id='word_1_163' title='bbox 735 1581 779 1648; x_wconf 89' lang='lat' dir='ltr'><strong>de</strong></span> <span class='ocrx_word' id='word_1_164' title='bbox 791 1575 871 1649; x_wconf 92' lang='lat' dir='ltr'><strong>Deo</strong></span> <span class='ocrx_word' id='word_1_165' title='bbox 885 1576 1138 1648; x_wconf 90' lang='lat' dir='ltr'><strong>adsumendas:</strong></span> <span class='ocrx_word' id='word_1_166' title='bbox 1191 1573 1381 1668; x_wconf 86' lang='lat' dir='ltr'><strong>Apostolos</strong></span> <span class='ocrx_word' id='word_1_167' title='bbox 1404 1581 1554 1667; x_wconf 88' lang='lat' dir='ltr'><strong>tradita,</strong></span> <span class='ocrx_word' id='word_1_168' title='bbox 1577 1597 1610 1654; x_wconf 89' lang='lat' dir='ltr'><strong>et</strong></span> <span class='ocrx_word' id='word_1_169' title='bbox 1633 1583 1933 1655; x_wconf 84' lang='lat' dir='ltr'><strong>resuscitationem</strong></span> <span class='ocrx_word' id='word_1_170' title='bbox 1957 1597 2185 1656; x_wconf 87' lang='lat' dir='ltr'><strong>mortuorum</strong></span> 
     </span>
     <span class='ocr_line' id='line_1_14' title="bbox 144 1676 1411 1780; baseline -0.005 -22"><span class='ocrx_word' id='word_1_171' title='bbox 144 1703 263 1765; x_wconf 85' lang='lat' dir='ltr'><strong>tamen</strong></span> <span class='ocrx_word' id='word_1_172' title='bbox 291 1699 481 1780; x_wconf 85' lang='lat' dir='ltr'><strong>postquam</strong></span> <span class='ocrx_word' id='word_1_173' title='bbox 506 1709 589 1754; x_wconf 87' lang='lat' dir='ltr'><strong>vera</strong></span> <span class='ocrx_word' id='word_1_174' title='bbox 618 1681 814 1753; x_wconf 88' lang='lat' dir='ltr'><strong>reverentia</strong></span> <span class='ocrx_word' id='word_1_175' title='bbox 838 1702 958 1750; x_wconf 89' lang='lat' dir='ltr'><strong>vocem</strong></span> <span class='ocrx_word' id='word_1_176' title='bbox 982 1676 1048 1749; x_wconf 90' lang='lat' dir='ltr'><strong>Dei</strong></span> <span class='ocrx_word' id='word_1_177' title='bbox 1074 1702 1138 1748; x_wconf 91' lang='lat' dir='ltr'><strong>au·</strong></span> <span class='ocrx_word' id='word_1_178' title='bbox 1190 1681 1411 1752; x_wconf 83' lang='lat' dir='ltr'><strong>confirmata.</strong></span> 
     </span>
     <span class='ocr_line' id='line_1_15' title="bbox 145 1778 2183 1884; baseline -0.002 -21"><span class='ocrx_word' id='word_1_179' title='bbox 145 1792 265 1863; x_wconf 91' lang='lat' dir='ltr'><strong>dimus</strong></span> <span class='ocrx_word' id='word_1_180' title='bbox 287 1803 322 1859; x_wconf 88' lang='lat' dir='ltr'><strong>et</strong></span> <span class='ocrx_word' id='word_1_181' title='bbox 344 1788 607 1879; x_wconf 85' lang='lat' dir='ltr'><strong>amplectimur,</strong></span> <span class='ocrx_word' id='word_1_182' title='bbox 644 1800 678 1856; x_wconf 93' lang='lat' dir='ltr'><strong>et</strong></span> <span class='ocrx_word' id='word_1_183' title='bbox 700 1781 797 1854; x_wconf 93' lang='lat' dir='ltr'><strong>Deus</strong></span> <span class='ocrx_word' id='word_1_184' title='bbox 825 1797 947 1853; x_wconf 90' lang='lat' dir='ltr'><strong>nostro</strong></span> <span class='ocrx_word' id='word_1_185' title='bbox 977 1804 1139 1851; x_wconf 86' lang='lat' dir='ltr'><strong>sermone</strong></span> <span class='ocrx_word' id='word_1_186' title='bbox 1294 1779 1367 1851; x_wconf 84' lang='lat' dir='ltr'><strong>lam</strong></span> <span class='ocrx_word' id='word_1_187' title='bbox 1399 1778 1485 1852; x_wconf 89' lang='lat' dir='ltr'><strong>baec</strong></span> <span class='ocrx_word' id='word_1_188' title='bbox 1512 1786 1767 1875; x_wconf 90' lang='lat' dir='ltr'><strong>consideratio,</strong></span> <span class='ocrx_word' id='word_1_189' title='bbox 1806 1789 1847 1859; x_wconf 91' lang='lat' dir='ltr'><strong>in</strong></span> <span class='ocrx_word' id='word_1_190' title='bbox 1877 1815 1947 1884; x_wconf 83' lang='lat' dir='ltr'><strong>qua</strong></span> <span class='ocrx_word' id='word_1_191' title='bbox 1980 1789 2183 1862; x_wconf 88' lang='lat' dir='ltr'><strong>similitudo</strong></span> 
     </span>
     <span class='ocr_line' id='line_1_16' title="bbox 145 1882 2181 1985; baseline -0.004 -16"><span class='ocrx_word' id='word_1_192' title='bbox 145 1909 273 1977; x_wconf 83' lang='lat' dir='ltr'><strong>utens,</strong></span> <span class='ocrx_word' id='word_1_193' title='bbox 294 1891 468 1982; x_wconf 86' lang='lat' dir='ltr'><strong>significat</strong></span> <span class='ocrx_word' id='word_1_194' title='bbox 486 1890 623 1985; x_wconf 89' lang='lat' dir='ltr'><strong>aliquid</strong></span> <span class='ocrx_word' id='word_1_195' title='bbox 639 1889 683 1958; x_wconf 91' lang='lat' dir='ltr'><strong>de</strong></span> <span class='ocrx_word' id='word_1_196' title='bbox 699 1887 772 1982; x_wconf 92' lang='lat' dir='ltr'><strong>illis</strong></span> <span class='ocrx_word' id='word_1_197' title='bbox 787 1886 925 1956; x_wconf 90' lang='lat' dir='ltr'><strong>arcanis</strong></span> <span class='ocrx_word' id='word_1_198' title='bbox 948 1882 1140 1979; x_wconf 80' lang='lat' dir='ltr'><strong>mysteriis,</strong></span> <span class='ocrx_word' id='word_1_199' title='bbox 1190 1883 1318 1955; x_wconf 90' lang='lat' dir='ltr'><strong>mentis</strong></span> <span class='ocrx_word' id='word_1_200' title='bbox 1342 1883 1484 1956; x_wconf 91' lang='lat' dir='ltr'><strong>divinae</strong></span> <span class='ocrx_word' id='word_1_201' title='bbox 1505 1900 1540 1957; x_wconf 90' lang='lat' dir='ltr'><strong>ct</strong></span> <span class='ocrx_word' id='word_1_202' title='bbox 1558 1884 1735 1961; x_wconf 85' lang='lat' dir='ltr'><strong>humanae</strong></span> <span class='ocrx_word' id='word_1_203' title='bbox 1756 1893 1992 1985; x_wconf 87' lang='lat' dir='ltr'><strong>conspicitur,</strong></span> <span class='ocrx_word' id='word_1_204' title='bbox 2018 1894 2181 1964; x_wconf 88' lang='lat' dir='ltr'><strong>testimo·</strong></span> 
     </span>
     <span class='ocr_line' id='line_1_17' title="bbox 146 1983 2184 2088; baseline 0 -24"><span class='ocrx_word' id='word_1_205' title='bbox 146 2011 181 2071; x_wconf 85' lang='lat' dir='ltr'><strong>et</strong></span> <span class='ocrx_word' id='word_1_206' title='bbox 195 1995 274 2067; x_wconf 94' lang='lat' dir='ltr'><strong>vult</strong></span> <span class='ocrx_word' id='word_1_207' title='bbox 288 1995 441 2065; x_wconf 86' lang='lat' dir='ltr'><strong>discerni</strong></span> <span class='ocrx_word' id='word_1_208' title='bbox 456 1992 616 2077; x_wconf 88' lang='lat' dir='ltr'><strong>Patrem,</strong></span> <span class='ocrx_word' id='word_1_209' title='bbox 642 1989 797 2075; x_wconf 85' lang='lat' dir='ltr'><strong>Filium,</strong></span> <span class='ocrx_word' id='word_1_210' title='bbox 821 2001 855 2059; x_wconf 91' lang='grc' dir='ltr'><strong>ει</strong></span> <span class='ocrx_word' id='word_1_211' title='bbox 866 1986 1041 2080; x_wconf 89' lang='lat' dir='ltr'><strong>Spiritum</strong></span> <span class='ocrx_word' id='word_1_212' title='bbox 1056 2010 1138 2055; x_wconf 91' lang='lat' dir='ltr'><strong>san·</strong></span> <span class='ocrx_word' id='word_1_213' title='bbox 1190 1988 1292 2060; x_wconf 91' lang='lat' dir='ltr'><strong>nium</strong></span> <span class='ocrx_word' id='word_1_214' title='bbox 1306 2002 1375 2073; x_wconf 91' lang='grc' dir='ltr'>εει,</span> <span class='ocrx_word' id='word_1_215' title='bbox 1396 2013 1477 2059; x_wconf 88' lang='lat' dir='ltr'><strong>vere</strong></span> <span class='ocrx_word' id='word_1_216' title='bbox 1491 1983 1584 2061; x_wconf 93' lang='lat' dir='ltr'><strong>banc</strong></span> <span class='ocrx_word' id='word_1_217' title='bbox 1598 2006 1762 2064; x_wconf 83' lang='lat' dir='ltr'><strong>naturam</strong></span> <span class='ocrx_word' id='word_1_218' title='bbox 1777 1996 1822 2065; x_wconf 86' lang='lat' dir='ltr'><strong>ab</strong></span> <span class='ocrx_word' id='word_1_219' title='bbox 1837 1995 1914 2088; x_wconf 90' lang='lat' dir='ltr'><strong>ipso</strong></span> <span class='ocrx_word' id='word_1_220' title='bbox 1934 1995 2046 2086; x_wconf 90' lang='lat' dir='ltr'><strong>diligi,</strong></span> <span class='ocrx_word' id='word_1_221' title='bbox 2071 1996 2121 2064; x_wconf 93' lang='lat' dir='ltr'><strong>sic</strong></span> <span class='ocrx_word' id='word_1_222' title='bbox 2136 1994 2184 2065; x_wconf 87' lang='lat' dir='ltr'><strong>ab</strong></span> 
     </span>
     <span class='ocr_line' id='line_1_18' title="bbox 147 2088 2181 2189; baseline -0.003 -19"><span class='ocrx_word' id='word_1_223' title='bbox 147 2115 261 2189; x_wconf 82' lang='lat' dir='ltr'><strong>ctttm,</strong></span> <span class='ocrx_word' id='word_1_224' title='bbox 295 2097 507 2167; x_wconf 90' lang='lat' dir='ltr'><strong>adiuvamur</strong></span> <span class='ocrx_word' id='word_1_225' title='bbox 531 2108 624 2166; x_wconf 90' lang='lat' dir='ltr'><strong>certe</strong></span> <span class='ocrx_word' id='word_1_226' title='bbox 645 2095 693 2163; x_wconf 84' lang='lat' dir='ltr'><strong>iu¹</strong></span> <span class='ocrx_word' id='word_1_227' title='bbox 708 2090 927 2185; x_wconf 83' lang='lat' dir='ltr'><strong>expositione</strong></span> <span class='ocrx_word' id='word_1_228' title='bbox 949 2088 1136 2160; x_wconf 87' lang='lat' dir='ltr'><strong>nominum</strong></span> <span class='ocrx_word' id='word_1_229' title='bbox 1190 2104 1430 2172; x_wconf 83' lang='lat' dir='ltr'><strong>coornatam,</strong></span> <span class='ocrx_word' id='word_1_230' title='bbox 1455 2105 1492 2161; x_wconf 93' lang='lat' dir='ltr'><strong>ut</strong></span> <span class='ocrx_word' id='word_1_231' title='bbox 1512 2116 1630 2162; x_wconf 91' lang='lat' dir='ltr'><strong>rerum</strong></span> <span class='ocrx_word' id='word_1_232' title='bbox 1651 2096 1864 2188; x_wconf 86' lang='lat' dir='ltr'><strong>optimarum</strong></span> <span class='ocrx_word' id='word_1_233' title='bbox 1890 2097 1930 2166; x_wconf 91' lang='lat' dir='ltr'><strong>in</strong></span> <span class='ocrx_word' id='word_1_234' title='bbox 1956 2097 2051 2189; x_wconf 87' lang='lat' dir='ltr'><strong>ipso,</strong></span> <span class='ocrx_word' id='word_1_235' title='bbox 2076 2120 2181 2167; x_wconf 90' lang='lat' dir='ltr'><strong>men·</strong></span> 
     </span>
     <span class='ocr_line' id='line_1_19' title="bbox 145 2193 2182 2289; baseline -0.004 -14"><span class='ocrx_word' id='word_1_236' title='bbox 145 2197 272 2275; x_wconf 88' lang='lat' dir='ltr'><strong>ahbac</strong></span> <span class='ocrx_word' id='word_1_237' title='bbox 288 2199 460 2273; x_wconf 84' lang='lat' dir='ltr'><strong>doctrina.</strong></span> <span class='ocrx_word' id='word_1_238' title='bbox 1191 2193 1255 2279; x_wconf 89' lang='lat' dir='ltr'><strong>tis,</strong></span> <span class='ocrx_word' id='word_1_239' title='bbox 1282 2193 1475 2278; x_wconf 86' lang='lat' dir='ltr'><strong>libertatis,</strong></span> <span class='ocrx_word' id='word_1_240' title='bbox 1510 2196 1718 2289; x_wconf 84' lang='lat' dir='ltr'><strong>sapientiae,</strong></span> <span class='ocrx_word' id='word_1_241' title='bbox 1751 2213 1785 2269; x_wconf 89' lang='lat' dir='ltr'><strong>et</strong></span> <span class='ocrx_word' id='word_1_242' title='bbox 1816 2200 1975 2270; x_wconf 90' lang='lat' dir='ltr'><strong>iusticiae</strong></span> <span class='ocrx_word' id='word_1_243' title='bbox 1998 2199 2118 2269; x_wconf 87' lang='lat' dir='ltr'><strong>radios</strong></span> <span class='ocrx_word' id='word_1_244' title='bbox 2141 2197 2182 2267; x_wconf 90' lang='lat' dir='ltr'><strong>in</strong></span> 
     </span>
     <span class='ocr_line' id='line_1_20' title="bbox 249 2291 2182 2395; baseline -0.002 -24"><span class='ocrx_word' id='word_1_245' title='bbox 249 2300 481 2373; x_wconf 81' lang='lat' dir='ltr'><strong>Manifestum</strong></span> <span class='ocrx_word' id='word_1_246' title='bbox 500 2313 552 2369; x_wconf 90' lang='lat' dir='ltr'><strong>est</strong></span> <span class='ocrx_word' id='word_1_247' title='bbox 574 2298 614 2368; x_wconf 90' lang='lat' dir='ltr'><strong>in</strong></span> <span class='ocrx_word' id='word_1_248' title='bbox 635 2298 755 2368; x_wconf 87' lang='lat' dir='ltr'><strong>anima</strong></span> <span class='ocrx_word' id='word_1_249' title='bbox 778 2296 868 2366; x_wconf 90' lang='lat' dir='ltr'><strong>duas</strong></span> <span class='ocrx_word' id='word_1_250' title='bbox 887 2315 961 2366; x_wconf 88' lang='lat' dir='ltr'><strong>esse</strong></span> <span class='ocrx_word' id='word_1_251' title='bbox 984 2291 1139 2364; x_wconf 85' lang='lat' dir='ltr'><strong>summas</strong></span> <span class='ocrx_word' id='word_1_252' title='bbox 1191 2318 1257 2365; x_wconf 91' lang='lat' dir='ltr'><strong>nos</strong></span> <span class='ocrx_word' id='word_1_253' title='bbox 1287 2294 1528 2373; x_wconf 88' lang='lat' dir='ltr'><strong>transfuderit.</strong></span> <span class='ocrx_word' id='word_1_254' title='bbox 1593 2296 1713 2395; x_wconf 80' lang='lat' dir='ltr'><strong>Atque</strong></span> <span class='ocrx_word' id='word_1_255' title='bbox 1742 2293 1801 2371; x_wconf 93' lang='lat' dir='ltr'><strong>hic</strong></span> <span class='ocrx_word' id='word_1_256' title='bbox 1830 2326 1930 2372; x_wconf 90' lang='lat' dir='ltr'><strong>amor</strong></span> <span class='ocrx_word' id='word_1_257' title='bbox 1961 2314 2081 2394; x_wconf 90' lang='lat' dir='ltr'><strong>postea</strong></span> <span class='ocrx_word' id='word_1_258' title='bbox 2110 2298 2182 2368; x_wconf 89' lang='lat' dir='ltr'><strong>mi·</strong></span> 
     </span>
     <span class='ocr_line' id='line_1_21' title="bbox 144 2392 2183 2501; baseline -0.002 -25"><span class='ocrx_word' id='word_1_259' title='bbox 144 2404 331 2501; x_wconf 89' lang='lat' dir='ltr'><strong>potentias,</strong></span> <span class='ocrx_word' id='word_1_260' title='bbox 356 2414 622 2491; x_wconf 87' lang='lat' dir='ltr'><strong>cognoscentem</strong></span> <span class='ocrx_word' id='word_1_261' title='bbox 640 2414 674 2469; x_wconf 89' lang='lat' dir='ltr'><strong>et</strong></span> <span class='ocrx_word' id='word_1_262' title='bbox 690 2399 881 2471; x_wconf 90' lang='lat' dir='ltr'><strong>volentem.</strong></span> <span class='ocrx_word' id='word_1_263' title='bbox 914 2392 1139 2487; x_wconf 89' lang='lat' dir='ltr'><strong>Cognoscens</strong></span> <span class='ocrx_word' id='word_1_264' title='bbox 1191 2399 1302 2470; x_wconf 91' lang='lat' dir='ltr'><strong>randa</strong></span> <span class='ocrx_word' id='word_1_265' title='bbox 1319 2403 1458 2497; x_wconf 71' lang='grc' dir='ltr'><em>στοργῇ</em></span> <span class='ocrx_word' id='word_1_266' title='bbox 1476 2398 1671 2472; x_wconf 91' lang='lat' dir='ltr'><strong>declaratus</strong></span> <span class='ocrx_word' id='word_1_267' title='bbox 1685 2415 1754 2488; x_wconf 90' lang='lat' dir='ltr'><strong>cst,</strong></span> <span class='ocrx_word' id='word_1_268' title='bbox 1788 2427 1868 2473; x_wconf 92' lang='lat' dir='ltr'><strong>cum</strong></span> <span class='ocrx_word' id='word_1_269' title='bbox 1884 2402 1980 2474; x_wconf 83' lang='lat' dir='ltr'><strong>filius</strong></span> <span class='ocrx_word' id='word_1_270' title='bbox 1995 2425 2060 2496; x_wconf 88' lang='lat' dir='ltr'><strong>pro</strong></span> <span class='ocrx_word' id='word_1_271' title='bbox 2075 2400 2183 2472; x_wconf 83' lang='lat' dir='ltr'><strong>nobis</strong></span> 
     </span>
     <span class='ocr_line' id='line_1_22' title="bbox 145 2498 2183 2600; baseline -0.002 -21"><span class='ocrx_word' id='word_1_272' title='bbox 145 2511 276 2580; x_wconf 87' lang='lat' dir='ltr'><strong>format</strong></span> <span class='ocrx_word' id='word_1_273' title='bbox 294 2505 482 2595; x_wconf 80' lang='lat' dir='ltr'><strong>imagines,</strong></span> <span class='ocrx_word' id='word_1_274' title='bbox 503 2502 552 2571; x_wconf 90' lang='lat' dir='ltr'><strong>ita</strong></span> <span class='ocrx_word' id='word_1_275' title='bbox 568 2525 649 2570; x_wconf 94' lang='lat' dir='ltr'><strong>cum</strong></span> <span class='ocrx_word' id='word_1_276' title='bbox 672 2501 767 2571; x_wconf 88' lang='lat' dir='ltr'><strong>filius</strong></span> <span class='ocrx_word' id='word_1_277' title='bbox 789 2499 925 2570; x_wconf 88' lang='lat' dir='ltr'><strong>aeterni</strong></span> <span class='ocrx_word' id='word_1_278' title='bbox 945 2498 1054 2591; x_wconf 87' lang='lat' dir='ltr'><strong>patris</strong></span> <span class='ocrx_word' id='word_1_279' title='bbox 1071 2523 1139 2569; x_wconf 93' lang='lat' dir='ltr'><strong>no-</strong></span> <span class='ocrx_word' id='word_1_280' title='bbox 1190 2500 1333 2572; x_wconf 89' lang='lat' dir='ltr'><strong>victima</strong></span> <span class='ocrx_word' id='word_1_281' title='bbox 1355 2502 1467 2572; x_wconf 89' lang='lat' dir='ltr'><strong>factus</strong></span> <span class='ocrx_word' id='word_1_282' title='bbox 1491 2517 1561 2589; x_wconf 89' lang='lat' dir='ltr'><strong>est,</strong></span> <span class='ocrx_word' id='word_1_283' title='bbox 1586 2528 1737 2600; x_wconf 91' lang='lat' dir='ltr'><strong>cumque</strong></span> <span class='ocrx_word' id='word_1_284' title='bbox 1753 2528 1876 2576; x_wconf 84' lang='grc' dir='ltr'>ιιιιειιε</span> <span class='ocrx_word' id='word_1_285' title='bbox 1889 2504 1927 2575; x_wconf 90' lang='lat' dir='ltr'><strong>in</strong></span> <span class='ocrx_word' id='word_1_286' title='bbox 1945 2529 2011 2575; x_wconf 90' lang='lat' dir='ltr'><strong>nos</strong></span> <span class='ocrx_word' id='word_1_287' title='bbox 2024 2504 2183 2576; x_wconf 90' lang='lat' dir='ltr'><strong>transfu-</strong></span> 
     </span>
     <span class='ocr_line' id='line_1_23' title="bbox 145 2595 2182 2701; baseline -0 -25"><span class='ocrx_word' id='word_1_288' title='bbox 145 2609 322 2689; x_wconf 86' lang='lat' dir='ltr'><strong>minetur,</strong></span> <span class='ocrx_word' id='word_1_289' title='bbox 355 2620 389 2675; x_wconf 91' lang='lat' dir='ltr'><strong>ct</strong></span> <span class='ocrx_word' id='word_1_290' title='bbox 412 2595 539 2701; x_wconf 76' lang='grc' dir='ltr'><strong>λόγος,</strong></span> <span class='ocrx_word' id='word_1_291' title='bbox 572 2616 606 2674; x_wconf 90' lang='grc' dir='ltr'><strong>ει</strong></span> <span class='ocrx_word' id='word_1_292' title='bbox 628 2603 743 2693; x_wconf 91' lang='lat' dir='ltr'><strong>imago</strong></span> <span class='ocrx_word' id='word_1_293' title='bbox 772 2603 903 2695; x_wconf 89' lang='lat' dir='ltr'><strong>patris,</strong></span> <span class='ocrx_word' id='word_1_294' title='bbox 926 2601 1139 2692; x_wconf 88' lang='lat' dir='ltr'><strong>cogitatione</strong></span> <span class='ocrx_word' id='word_1_295' title='bbox 1189 2627 1248 2674; x_wconf 89' lang='lat' dir='ltr'><strong>sus</strong></span> <span class='ocrx_word' id='word_1_296' title='bbox 1265 2616 1315 2674; x_wconf 90' lang='lat' dir='ltr'><strong>est</strong></span> <span class='ocrx_word' id='word_1_297' title='bbox 1330 2601 1485 2695; x_wconf 90' lang='lat' dir='ltr'><strong>Spiritus</strong></span> <span class='ocrx_word' id='word_1_298' title='bbox 1499 2619 1660 2695; x_wconf 90' lang='lat' dir='ltr'><strong>sanctus,</strong></span> <span class='ocrx_word' id='word_1_299' title='bbox 1685 2621 1725 2678; x_wconf 92' lang='grc' dir='ltr'><strong>ιιι</strong></span> <span class='ocrx_word' id='word_1_300' title='bbox 1748 2608 1894 2679; x_wconf 89' lang='lat' dir='ltr'><strong>societas</strong></span> <span class='ocrx_word' id='word_1_301' title='bbox 1915 2621 2061 2679; x_wconf 89' lang='lat' dir='ltr'><strong>naturae</strong></span> <span class='ocrx_word' id='word_1_302' title='bbox 2084 2606 2182 2676; x_wconf 88' lang='lat' dir='ltr'><strong>divi-</strong></span> 
     </span>
     <span class='ocr_line' id='line_1_24' title="bbox 146 2700 2183 2801; baseline -0.001 -22"><span class='ocrx_word' id='word_1_303' title='bbox 146 2732 230 2779; x_wconf 92' lang='lat' dir='ltr'><strong>eum</strong></span> <span class='ocrx_word' id='word_1_304' title='bbox 257 2708 355 2797; x_wconf 89' lang='lat' dir='ltr'><strong>gigni</strong></span> <span class='ocrx_word' id='word_1_305' title='bbox 375 2706 596 2795; x_wconf 82' lang='lat' dir='ltr'><strong>intelligitur.</strong></span> <span class='ocrx_word' id='word_1_306' title='bbox 663 2700 712 2776; x_wconf 84' lang='lat' dir='ltr'><strong>Et</strong></span> <span class='ocrx_word' id='word_1_307' title='bbox 733 2705 880 2795; x_wconf 87' lang='lat' dir='ltr'><strong>spiritus</strong></span> <span class='ocrx_word' id='word_1_308' title='bbox 903 2704 1053 2794; x_wconf 74' lang='lat' dir='ltr'><strong>agitator</strong></span> <span class='ocrx_word' id='word_1_309' title='bbox 1073 2716 1139 2790; x_wconf 85' lang='grc' dir='ltr'>εει,</span> <span class='ocrx_word' id='word_1_310' title='bbox 1189 2730 1256 2776; x_wconf 89' lang='lat' dir='ltr'><strong>nae</strong></span> <span class='ocrx_word' id='word_1_311' title='bbox 1272 2707 1311 2775; x_wconf 94' lang='lat' dir='ltr'><strong>in</strong></span> <span class='ocrx_word' id='word_1_312' title='bbox 1329 2707 1451 2791; x_wconf 91' lang='lat' dir='ltr'><strong>nobis,</strong></span> <span class='ocrx_word' id='word_1_313' title='bbox 1476 2720 1510 2777; x_wconf 89' lang='lat' dir='ltr'><strong>et</strong></span> <span class='ocrx_word' id='word_1_314' title='bbox 1537 2708 1629 2790; x_wconf 88' lang='lat' dir='ltr'><strong>vita,</strong></span> <span class='ocrx_word' id='word_1_315' title='bbox 1658 2709 1830 2801; x_wconf 88' lang='lat' dir='ltr'><strong>sapientia</strong></span> <span class='ocrx_word' id='word_1_316' title='bbox 1857 2722 1891 2780; x_wconf 88' lang='grc' dir='ltr'><strong>ει</strong></span> <span class='ocrx_word' id='word_1_317' title='bbox 1913 2709 2050 2781; x_wconf 86' lang='lat' dir='ltr'><strong>iusticia</strong></span> <span class='ocrx_word' id='word_1_318' title='bbox 2075 2708 2183 2780; x_wconf 83' lang='lat' dir='ltr'><strong>resti-</strong></span> 
     </span>
     <span class='ocr_line' id='line_1_25' title="bbox 147 2806 2183 2905; baseline 0 -24"><span class='ocrx_word' id='word_1_319' title='bbox 147 2825 181 2881; x_wconf 91' lang='lat' dir='ltr'><strong>et</strong></span> <span class='ocrx_word' id='word_1_320' title='bbox 200 2810 306 2902; x_wconf 83' lang='lat' dir='ltr'><strong>&#39;qnasi</strong></span> <span class='ocrx_word' id='word_1_321' title='bbox 332 2810 493 2890; x_wconf 87' lang='lat' dir='ltr'><strong>flamma,</strong></span> <span class='ocrx_word' id='word_1_322' title='bbox 531 2831 600 2898; x_wconf 88' lang='lat' dir='ltr'><strong>qua</strong></span> <span class='ocrx_word' id='word_1_323' title='bbox 623 2821 785 2877; x_wconf 88' lang='lat' dir='ltr'><strong>aeternus</strong></span> <span class='ocrx_word' id='word_1_324' title='bbox 813 2822 912 2898; x_wconf 90' lang='lat' dir='ltr'><strong>pater</strong></span> <span class='ocrx_word' id='word_1_325' title='bbox 935 2806 1070 2892; x_wconf 87' lang='lat' dir='ltr'><strong>filimn,</strong></span> <span class='ocrx_word' id='word_1_326' title='bbox 1103 2820 1139 2901; x_wconf 84' lang='lat' dir='ltr'><strong>et</strong></span> <span class='ocrx_word' id='word_1_327' title='bbox 1189 2822 1359 2881; x_wconf 86' lang='lat' dir='ltr'><strong>tueretur.</strong></span> <span class='ocrx_word' id='word_1_328' title='bbox 1413 2807 1509 2897; x_wconf 88' lang='lat' dir='ltr'><strong>Quid</strong></span> <span class='ocrx_word' id='word_1_329' title='bbox 1536 2812 1650 2880; x_wconf 89' lang='lat' dir='ltr'><strong>maius</strong></span> <span class='ocrx_word' id='word_1_330' title='bbox 1676 2814 1760 2882; x_wconf 88' lang='lat' dir='ltr'><strong>dare</strong></span> <span class='ocrx_word' id='word_1_331' title='bbox 1783 2811 1900 2903; x_wconf 90' lang='lat' dir='ltr'><strong>potuit</strong></span> <span class='ocrx_word' id='word_1_332' title='bbox 1921 2809 2038 2893; x_wconf 89' lang='lat' dir='ltr'><strong>Deus,</strong></span> <span class='ocrx_word' id='word_1_333' title='bbox 2070 2834 2183 2905; x_wconf 86' lang='lat' dir='ltr'><strong>qoam</strong></span> 
     </span>
     <span class='ocr_line' id='line_1_26' title="bbox 144 2907 2186 3010; baseline 0 -28"><span class='ocrx_word' id='word_1_334' title='bbox 144 2911 239 2982; x_wconf 85' lang='lat' dir='ltr'><strong>filins</strong></span> <span class='ocrx_word' id='word_1_335' title='bbox 255 2922 390 3001; x_wconf 91' lang='lat' dir='ltr'><strong>patrem</strong></span> <span class='ocrx_word' id='word_1_336' title='bbox 409 2907 652 2998; x_wconf 90' lang='lat' dir='ltr'><strong>amplectitur,</strong></span> <span class='ocrx_word' id='word_1_337' title='bbox 678 2909 750 2977; x_wconf 92' lang='lat' dir='ltr'><strong>imo</strong></span> <span class='ocrx_word' id='word_1_338' title='bbox 770 2933 841 3000; x_wconf 92' lang='lat' dir='ltr'><strong>quo</strong></span> <span class='ocrx_word' id='word_1_339' title='bbox 859 2921 1024 2980; x_wconf 87' lang='lat' dir='ltr'><strong>aeternus</strong></span> <span class='ocrx_word' id='word_1_340' title='bbox 1040 2921 1138 3000; x_wconf 88' lang='lat' dir='ltr'><strong>pater</strong></span> <span class='ocrx_word' id='word_1_341' title='bbox 1190 2910 1294 2979; x_wconf 90' lang='lat' dir='ltr'><strong>initio</strong></span> <span class='ocrx_word' id='word_1_342' title='bbox 1316 2909 1588 2980; x_wconf 90' lang='lat' dir='ltr'><strong>similitudinem</strong></span> <span class='ocrx_word' id='word_1_343' title='bbox 1609 2937 1731 2983; x_wconf 90' lang='lat' dir='ltr'><strong>earum</strong></span> <span class='ocrx_word' id='word_1_344' title='bbox 1753 2938 1893 3001; x_wconf 89' lang='lat' dir='ltr'><strong>rernm,</strong></span> <span class='ocrx_word' id='word_1_345' title='bbox 1921 2937 2012 3010; x_wconf 85' lang='lat' dir='ltr'><strong>quae</strong></span> <span class='ocrx_word' id='word_1_346' title='bbox 2034 2927 2118 2985; x_wconf 88' lang='lat' dir='ltr'><strong>sunt</strong></span> <span class='ocrx_word' id='word_1_347' title='bbox 2140 2912 2186 2995; x_wconf 85' lang='lat' dir='ltr'><strong>in¹</strong></span> 
     </span>
     <span class='ocr_line' id='line_1_27' title="bbox 144 3007 2182 3103; baseline 0.001 -20"><span class='ocrx_word' id='word_1_348' title='bbox 144 3026 180 3083; x_wconf 90' lang='lat' dir='ltr'><strong>et</strong></span> <span class='ocrx_word' id='word_1_349' title='bbox 202 3012 296 3081; x_wconf 88' lang='lat' dir='ltr'><strong>lilius</strong></span> <span class='ocrx_word' id='word_1_350' title='bbox 319 3024 439 3081; x_wconf 90' lang='lat' dir='ltr'><strong>nostra</strong></span> <span class='ocrx_word' id='word_1_351' title='bbox 461 3010 529 3079; x_wconf 90' lang='lat' dir='ltr'><strong>sibi</strong></span> <span class='ocrx_word' id='word_1_352' title='bbox 555 3023 696 3101; x_wconf 88' lang='lat' dir='ltr'><strong>pectora</strong></span> <span class='ocrx_word' id='word_1_353' title='bbox 719 3011 898 3099; x_wconf 92' lang='lat' dir='ltr'><strong>copulant.</strong></span> <span class='ocrx_word' id='word_1_354' title='bbox 953 3007 1000 3081; x_wconf 89' lang='lat' dir='ltr'><strong>Ut</strong></span> <span class='ocrx_word' id='word_1_355' title='bbox 1019 3025 1137 3080; x_wconf 92' lang='lat' dir='ltr'><strong>autem</strong></span> <span class='ocrx_word' id='word_1_356' title='bbox 1190 3013 1267 3100; x_wconf 92' lang='lat' dir='ltr'><strong>ipso</strong></span> <span class='ocrx_word' id='word_1_357' title='bbox 1282 3010 1463 3103; x_wconf 79' lang='lat' dir='ltr'><strong>optimae?</strong></span> <span class='ocrx_word' id='word_1_358' title='bbox 1486 3009 1626 3085; x_wconf 90' lang='lat' dir='ltr'><strong>Deinde</strong></span> <span class='ocrx_word' id='word_1_359' title='bbox 1641 3015 1765 3100; x_wconf 88' lang='lat' dir='ltr'><strong>lilium,</strong></span> <span class='ocrx_word' id='word_1_360' title='bbox 1785 3040 1826 3086; x_wconf 85' lang='lat' dir='ltr'><strong>ac</strong></span> <span class='ocrx_word' id='word_1_361' title='bbox 1841 3039 1965 3088; x_wconf 89' lang='lat' dir='ltr'><strong>rursus</strong></span> <span class='ocrx_word' id='word_1_362' title='bbox 1976 3017 2182 3088; x_wconf 87' lang='lat' dir='ltr'><strong>societatem</strong></span> 
     </span>
     <span class='ocr_line' id='line_1_28' title="bbox 144 3110 2118 3209; baseline 0.002 -23"><span class='ocrx_word' id='word_1_363' title='bbox 144 3114 310 3204; x_wconf 85' lang='lat' dir='ltr'><strong>cogitatio</strong></span> <span class='ocrx_word' id='word_1_364' title='bbox 337 3127 390 3182; x_wconf 89' lang='lat' dir='ltr'><strong>est</strong></span> <span class='ocrx_word' id='word_1_365' title='bbox 414 3113 593 3204; x_wconf 86' lang='lat' dir='ltr'><strong>potentiae</strong></span> <span class='ocrx_word' id='word_1_366' title='bbox 618 3112 877 3200; x_wconf 87' lang='lat' dir='ltr'><strong>cognoscentis,</strong></span> <span class='ocrx_word' id='word_1_367' title='bbox 917 3110 965 3180; x_wconf 91' lang='lat' dir='ltr'><strong>ita</strong></span> <span class='ocrx_word' id='word_1_368' title='bbox 993 3110 1137 3199; x_wconf 85' lang='lat' dir='ltr'><strong>agitatio</strong></span> <span class='ocrx_word' id='word_1_369' title='bbox 1189 3136 1272 3183; x_wconf 88' lang='lat' dir='ltr'><strong>snae</strong></span> <span class='ocrx_word' id='word_1_370' title='bbox 1288 3127 1452 3197; x_wconf 89' lang='lat' dir='ltr'><strong>naturae,</strong></span> <span class='ocrx_word' id='word_1_371' title='bbox 1477 3114 1588 3185; x_wconf 83' lang='lat' dir='ltr'><strong>effuso</strong></span> <span class='ocrx_word' id='word_1_372' title='bbox 1604 3117 1643 3185; x_wconf 90' lang='lat' dir='ltr'><strong>in</strong></span> <span class='ocrx_word' id='word_1_373' title='bbox 1659 3141 1724 3187; x_wconf 92' lang='lat' dir='ltr'><strong>nos</strong></span> <span class='ocrx_word' id='word_1_374' title='bbox 1739 3116 1877 3209; x_wconf 89' lang='lat' dir='ltr'><strong>Spiritu</strong></span> <span class='ocrx_word' id='word_1_375' title='bbox 1892 3143 1958 3189; x_wconf 91' lang='lat' dir='ltr'><strong>suo</strong></span> <span class='ocrx_word' id='word_1_376' title='bbox 1971 3118 2118 3190; x_wconf 83' lang='lat' dir='ltr'><strong>sancto?</strong></span> 
     </span>
     <span class='ocr_line' id='line_1_29' title="bbox 143 3211 2183 3310; baseline 0.002 -26"><span class='ocrx_word' id='word_1_377' title='bbox 143 3217 338 3293; x_wconf 89' lang='lat' dir='ltr'><strong>voluntatis</strong></span> <span class='ocrx_word' id='word_1_378' title='bbox 367 3228 430 3288; x_wconf 90' lang='lat' dir='ltr'><strong>est.</strong></span> <span class='ocrx_word' id='word_1_379' title='bbox 499 3213 620 3305; x_wconf 91' lang='lat' dir='ltr'><strong>ltaque</strong></span> <span class='ocrx_word' id='word_1_380' title='bbox 648 3213 794 3302; x_wconf 89' lang='lat' dir='ltr'><strong>spiritus</strong></span> <span class='ocrx_word' id='word_1_381' title='bbox 818 3213 950 3284; x_wconf 89' lang='lat' dir='ltr'><strong>aeterni</strong></span> <span class='ocrx_word' id='word_1_382' title='bbox 970 3213 1081 3305; x_wconf 89' lang='lat' dir='ltr'><strong>patris</strong></span> <span class='ocrx_word' id='word_1_383' title='bbox 1103 3226 1138 3282; x_wconf 90' lang='lat' dir='ltr'><strong>et</strong></span> <span class='ocrx_word' id='word_1_384' title='bbox 1292 3211 1387 3283; x_wconf 87' lang='lat' dir='ltr'><strong>Haec</strong></span> <span class='ocrx_word' id='word_1_385' title='bbox 1413 3227 1509 3284; x_wconf 90' lang='lat' dir='ltr'><strong>tanta</strong></span> <span class='ocrx_word' id='word_1_386' title='bbox 1533 3218 1626 3287; x_wconf 86' lang='lat' dir='ltr'><strong>dorta</strong></span> <span class='ocrx_word' id='word_1_387' title='bbox 1650 3234 1852 3290; x_wconf 88' lang='lat' dir='ltr'><strong>reverenter</strong></span> <span class='ocrx_word' id='word_1_388' title='bbox 1875 3221 2061 3310; x_wconf 88' lang='lat' dir='ltr'><strong>cogitanda</strong></span> <span class='ocrx_word' id='word_1_389' title='bbox 2084 3232 2183 3304; x_wconf 86' lang='grc' dir='ltr'>ειιιιι,</span> 
     </span>
     <span class='ocr_line' id='line_1_30' title="bbox 142 3316 2181 3406; baseline 0 -18"><span class='ocrx_word' id='word_1_390' title='bbox 142 3319 222 3403; x_wconf 83' lang='lat' dir='ltr'><strong>filii,</strong></span> <span class='ocrx_word' id='word_1_391' title='bbox 248 3318 371 3388; x_wconf 86' lang='lat' dir='ltr'><strong>fovens</strong></span> <span class='ocrx_word' id='word_1_392' title='bbox 386 3331 562 3399; x_wconf 87' lang='lat' dir='ltr'><strong>naturam,</strong></span> <span class='ocrx_word' id='word_1_393' title='bbox 588 3330 621 3384; x_wconf 91' lang='lat' dir='ltr'><strong>et</strong></span> <span class='ocrx_word' id='word_1_394' title='bbox 638 3327 756 3384; x_wconf 91' lang='lat' dir='ltr'><strong>nostra</strong></span> <span class='ocrx_word' id='word_1_395' title='bbox 774 3328 914 3406; x_wconf 83' lang='lat' dir='ltr'><strong>pectora</strong></span> <span class='ocrx_word' id='word_1_396' title='bbox 932 3318 1138 3400; x_wconf 88' lang='lat' dir='ltr'><strong>accendens,</strong></span> <span class='ocrx_word' id='word_1_397' title='bbox 1189 3329 1228 3385; x_wconf 92' lang='grc' dir='ltr'><strong>ιιι</strong></span> <span class='ocrx_word' id='word_1_398' title='bbox 1251 3316 1430 3405; x_wconf 88' lang='lat' dir='ltr'><strong>gratitudo</strong></span> <span class='ocrx_word' id='word_1_399' title='bbox 1453 3317 1604 3387; x_wconf 89' lang='lat' dir='ltr'><strong>vicissim</strong></span> <span class='ocrx_word' id='word_1_400' title='bbox 1630 3317 1669 3387; x_wconf 95' lang='lat' dir='ltr'><strong>in</strong></span> <span class='ocrx_word' id='word_1_401' title='bbox 1695 3321 1800 3390; x_wconf 92' lang='lat' dir='ltr'><strong>nobis</strong></span> <span class='ocrx_word' id='word_1_402' title='bbox 1824 3323 2047 3392; x_wconf 86' lang='lat' dir='ltr'><strong>accendatur.</strong></span> <span class='ocrx_word' id='word_1_403' title='bbox 2097 3319 2181 3392; x_wconf 86' lang='lat' dir='ltr'><strong>Etsi</strong></span> 
     </span>
     <span class='ocr_line' id='line_1_31' title="bbox 144 3414 2182 3512; baseline 0 -22"><span class='ocrx_word' id='word_1_404' title='bbox 144 3421 372 3490; x_wconf 90' lang='lat' dir='ltr'><strong>avoluntate</strong></span> <span class='ocrx_word' id='word_1_405' title='bbox 395 3433 457 3492; x_wconf 89' lang='lat' dir='ltr'><strong>est.</strong></span> <span class='ocrx_word' id='word_1_406' title='bbox 515 3416 574 3488; x_wconf 89' lang='lat' dir='ltr'><strong>Sic</strong></span> <span class='ocrx_word' id='word_1_407' title='bbox 597 3442 637 3485; x_wconf 87' lang='lat' dir='ltr'><strong>ex</strong></span> <span class='ocrx_word' id='word_1_408' title='bbox 666 3417 870 3486; x_wconf 89' lang='lat' dir='ltr'><strong>discrimine</strong></span> <span class='ocrx_word' id='word_1_409' title='bbox 896 3417 1136 3506; x_wconf 89' lang='lat' dir='ltr'><strong>potentiarum</strong></span> <span class='ocrx_word' id='word_1_410' title='bbox 1189 3432 1308 3488; x_wconf 90' lang='lat' dir='ltr'><strong>autem</strong></span> <span class='ocrx_word' id='word_1_411' title='bbox 1332 3414 1417 3489; x_wconf 92' lang='lat' dir='ltr'><strong>baec</strong></span> <span class='ocrx_word' id='word_1_412' title='bbox 1442 3418 1613 3508; x_wconf 87' lang='lat' dir='ltr'><strong>sapientia</strong></span> <span class='ocrx_word' id='word_1_413' title='bbox 1632 3423 1818 3512; x_wconf 88' lang='lat' dir='ltr'><strong>praecipue</strong></span> <span class='ocrx_word' id='word_1_414' title='bbox 1839 3423 1989 3494; x_wconf 88' lang='lat' dir='ltr'><strong>discitur</strong></span> <span class='ocrx_word' id='word_1_415' title='bbox 2010 3447 2053 3492; x_wconf 76' lang='lat' dir='ltr'><strong>er</strong></span> <span class='ocrx_word' id='word_1_416' title='bbox 2075 3423 2182 3493; x_wconf 86' lang='lat' dir='ltr'><strong>libris</strong></span> 
     </span>
     <span class='ocr_line' id='line_1_32' title="bbox 145 3519 2181 3612; baseline -0 -18"><span class='ocrx_word' id='word_1_417' title='bbox 145 3524 338 3594; x_wconf 90' lang='lat' dir='ltr'><strong>declaratio</strong></span> <span class='ocrx_word' id='word_1_418' title='bbox 371 3521 525 3592; x_wconf 88' lang='lat' dir='ltr'><strong>sumitur</strong></span> <span class='ocrx_word' id='word_1_419' title='bbox 549 3522 593 3587; x_wconf 92' lang='lat' dir='ltr'><strong>dc</strong></span> <span class='ocrx_word' id='word_1_420' title='bbox 619 3520 691 3588; x_wconf 77' lang='lat' dir='ltr'><strong>tuto</strong></span> <span class='ocrx_word' id='word_1_421' title='bbox 718 3533 751 3587; x_wconf 90' lang='grc' dir='ltr'><strong>ει</strong></span> <span class='ocrx_word' id='word_1_422' title='bbox 774 3520 818 3586; x_wconf 88' lang='lat' dir='ltr'><strong>de</strong></span> <span class='ocrx_word' id='word_1_423' title='bbox 838 3519 976 3608; x_wconf 89' lang='lat' dir='ltr'><strong>Spiritu</strong></span> <span class='ocrx_word' id='word_1_424' title='bbox 999 3534 1137 3589; x_wconf 88' lang='lat' dir='ltr'><strong>sancto:</strong></span> <span class='ocrx_word' id='word_1_425' title='bbox 1189 3520 1341 3610; x_wconf 88' lang='lat' dir='ltr'><strong>divinis,</strong></span> <span class='ocrx_word' id='word_1_426' title='bbox 1367 3534 1484 3589; x_wconf 86' lang='lat' dir='ltr'><strong>tamen</strong></span> <span class='ocrx_word' id='word_1_427' title='bbox 1506 3524 1549 3590; x_wconf 89' lang='lat' dir='ltr'><strong>ad</strong></span> <span class='ocrx_word' id='word_1_428' title='bbox 1571 3526 1849 3612; x_wconf 88' lang='lat' dir='ltr'><strong>cognoscendam</strong></span> <span class='ocrx_word' id='word_1_429' title='bbox 1871 3540 2034 3596; x_wconf 89' lang='lat' dir='ltr'><strong>naturam</strong></span> <span class='ocrx_word' id='word_1_430' title='bbox 2059 3520 2181 3594; x_wconf 87' lang='lat' dir='ltr'><strong>horni-</strong></span> 
     </span>
     <span class='ocr_line' id='line_1_33' title="bbox 145 3616 2181 3720; baseline -0.001 -23"><span class='ocrx_word' id='word_1_431' title='bbox 145 3650 235 3720; x_wconf 90' lang='lat' dir='ltr'><strong>quae</strong></span> <span class='ocrx_word' id='word_1_432' title='bbox 253 3625 389 3696; x_wconf 89' lang='lat' dir='ltr'><strong>etiamsi</strong></span> <span class='ocrx_word' id='word_1_433' title='bbox 406 3636 458 3693; x_wconf 92' lang='lat' dir='ltr'><strong>est</strong></span> <span class='ocrx_word' id='word_1_434' title='bbox 473 3625 636 3707; x_wconf 88' lang='lat' dir='ltr'><strong>obscura,</strong></span> <span class='ocrx_word' id='word_1_435' title='bbox 662 3634 696 3691; x_wconf 90' lang='lat' dir='ltr'><strong>et</strong></span> <span class='ocrx_word' id='word_1_436' title='bbox 711 3623 769 3689; x_wconf 81' lang='lat' dir='ltr'><strong>vix</strong></span> <span class='ocrx_word' id='word_1_437' title='bbox 788 3622 903 3690; x_wconf 90' lang='lat' dir='ltr'><strong>tenuis</strong></span> <span class='ocrx_word' id='word_1_438' title='bbox 920 3623 1057 3706; x_wconf 89' lang='lat' dir='ltr'><strong>umbra,</strong></span> <span class='ocrx_word' id='word_1_439' title='bbox 1082 3635 1137 3693; x_wconf 88' lang='lat' dir='ltr'><strong>ta·</strong></span> <span class='ocrx_word' id='word_1_440' title='bbox 1190 3622 1262 3701; x_wconf 85' lang='lat' dir='ltr'><strong>uis,</strong></span> <span class='ocrx_word' id='word_1_441' title='bbox 1285 3616 1428 3714; x_wconf 87' lang='lat' dir='ltr'><strong>physica</strong></span> <span class='ocrx_word' id='word_1_442' title='bbox 1446 3625 1607 3694; x_wconf 88' lang='lat' dir='ltr'><strong>doctrina</strong></span> <span class='ocrx_word' id='word_1_443' title='bbox 1626 3626 1777 3695; x_wconf 90' lang='lat' dir='ltr'><strong>multum</strong></span> <span class='ocrx_word' id='word_1_444' title='bbox 1794 3628 1972 3700; x_wconf 88' lang='lat' dir='ltr'><strong>conducit.</strong></span> <span class='ocrx_word' id='word_1_445' title='bbox 2011 3628 2181 3698; x_wconf 83' lang='lat' dir='ltr'><strong>leniores</strong></span> 
     </span>
     <span class='ocr_line' id='line_1_34' title="bbox 144 3719 2182 3821; baseline -0 -23"><span class='ocrx_word' id='word_1_446' title='bbox 144 3751 228 3799; x_wconf 90' lang='lat' dir='ltr'><strong>men</strong></span> <span class='ocrx_word' id='word_1_447' title='bbox 249 3751 365 3797; x_wconf 90' lang='lat' dir='ltr'><strong>sermo</strong></span> <span class='ocrx_word' id='word_1_448' title='bbox 386 3726 530 3795; x_wconf 88' lang='lat' dir='ltr'><strong>divinus</strong></span> <span class='ocrx_word' id='word_1_449' title='bbox 546 3719 632 3794; x_wconf 86' lang='lat' dir='ltr'><strong>haec</strong></span> <span class='ocrx_word' id='word_1_450' title='bbox 650 3723 833 3814; x_wconf 85' lang='lat' dir='ltr'><strong>significat.</strong></span> <span class='ocrx_word' id='word_1_451' title='bbox 886 3722 1136 3795; x_wconf 88' lang='lat' dir='ltr'><strong>Metaeautem</strong></span> <span class='ocrx_word' id='word_1_452' title='bbox 1187 3722 1380 3795; x_wconf 89' lang='lat' dir='ltr'><strong>bonitatem</strong></span> <span class='ocrx_word' id='word_1_453' title='bbox 1403 3739 1438 3796; x_wconf 91' lang='grc' dir='ltr'><strong>ει</strong></span> <span class='ocrx_word' id='word_1_454' title='bbox 1456 3725 1664 3816; x_wconf 87' lang='lat' dir='ltr'><strong>dignitatem</strong></span> <span class='ocrx_word' id='word_1_455' title='bbox 1684 3728 1813 3799; x_wconf 89' lang='lat' dir='ltr'><strong>artium</strong></span> <span class='ocrx_word' id='word_1_456' title='bbox 1840 3732 2002 3801; x_wconf 86' lang='lat' dir='ltr'><strong>nondum</strong></span> <span class='ocrx_word' id='word_1_457' title='bbox 2031 3728 2182 3821; x_wconf 85' lang='lat' dir='ltr'><strong>perinde</strong></span> 
     </span>
     <span class='ocr_line' id='line_1_35' title="bbox 143 3821 2183 3923; baseline 0.001 -22"><span class='ocrx_word' id='word_1_458' title='bbox 143 3831 320 3901; x_wconf 92' lang='lat' dir='ltr'><strong>divinitus</strong></span> <span class='ocrx_word' id='word_1_459' title='bbox 343 3829 512 3907; x_wconf 88' lang='lat' dir='ltr'><strong>traditae,</strong></span> <span class='ocrx_word' id='word_1_460' title='bbox 534 3825 739 3898; x_wconf 88' lang='lat' dir='ltr'><strong>retinendae</strong></span> <span class='ocrx_word' id='word_1_461' title='bbox 760 3840 853 3896; x_wconf 91' lang='lat' dir='ltr'><strong>sunt.</strong></span> <span class='ocrx_word' id='word_1_462' title='bbox 905 3821 954 3897; x_wconf 83' lang='lat' dir='ltr'><strong>Et</strong></span> <span class='ocrx_word' id='word_1_463' title='bbox 977 3827 1136 3897; x_wconf 89' lang='lat' dir='ltr'><strong>retinen·</strong></span> <span class='ocrx_word' id='word_1_464' title='bbox 1188 3840 1340 3896; x_wconf 86' lang='lat' dir='ltr'><strong>cernunt</strong></span> <span class='ocrx_word' id='word_1_465' title='bbox 1353 3841 1393 3899; x_wconf 91' lang='lat' dir='ltr'><strong>ut</strong></span> <span class='ocrx_word' id='word_1_466' title='bbox 1406 3848 1531 3912; x_wconf 89' lang='lat' dir='ltr'><strong>senes,</strong></span> <span class='ocrx_word' id='word_1_467' title='bbox 1562 3831 1622 3922; x_wconf 91' lang='lat' dir='ltr'><strong>qni</strong></span> <span class='ocrx_word' id='word_1_468' title='bbox 1642 3830 1711 3898; x_wconf 89' lang='lat' dir='ltr'><strong>iam</strong></span> <span class='ocrx_word' id='word_1_469' title='bbox 1731 3829 1877 3921; x_wconf 90' lang='lat' dir='ltr'><strong>propius</strong></span> <span class='ocrx_word' id='word_1_470' title='bbox 1891 3854 1950 3901; x_wconf 90' lang='lat' dir='ltr'><strong>eas</strong></span> <span class='ocrx_word' id='word_1_471' title='bbox 1964 3830 2183 3923; x_wconf 84' lang='lat' dir='ltr'><strong>adspiciunt,</strong></span> 
     </span>
     <span class='ocr_line' id='line_1_36' title="bbox 143 3926 2180 4024; baseline -0 -22"><span class='ocrx_word' id='word_1_472' title='bbox 143 3946 205 4003; x_wconf 90' lang='lat' dir='ltr'><strong>tur</strong></span> <span class='ocrx_word' id='word_1_473' title='bbox 221 3933 377 4016; x_wconf 86' lang='lat' dir='ltr'><strong>firmius,</strong></span> <span class='ocrx_word' id='word_1_474' title='bbox 402 3954 482 3999; x_wconf 92' lang='lat' dir='ltr'><strong>cum</strong></span> <span class='ocrx_word' id='word_1_475' title='bbox 501 3942 592 4000; x_wconf 89' lang='lat' dir='ltr'><strong>recte</strong></span> <span class='ocrx_word' id='word_1_476' title='bbox 612 3943 771 4021; x_wconf 86' lang='lat' dir='ltr'><strong>percepta</strong></span> <span class='ocrx_word' id='word_1_477' title='bbox 789 3942 838 3999; x_wconf 89' lang='grc' dir='ltr'><strong>εει</strong></span> <span class='ocrx_word' id='word_1_478' title='bbox 853 3929 1024 4002; x_wconf 88' lang='lat' dir='ltr'><strong>doctrina.</strong></span> <span class='ocrx_word' id='word_1_479' title='bbox 1062 3926 1135 3999; x_wconf 92' lang='lat' dir='ltr'><strong>Ne-</strong></span> <span class='ocrx_word' id='word_1_480' title='bbox 1188 3943 1224 3999; x_wconf 92' lang='lat' dir='ltr'><strong>ct</strong></span> <span class='ocrx_word' id='word_1_481' title='bbox 1238 3930 1373 3998; x_wconf 90' lang='lat' dir='ltr'><strong>fontem</strong></span> <span class='ocrx_word' id='word_1_482' title='bbox 1392 3952 1466 3999; x_wconf 87' lang='lat' dir='ltr'><strong>esse</strong></span> <span class='ocrx_word' id='word_1_483' title='bbox 1483 3931 1601 4000; x_wconf 87' lang='lat' dir='ltr'><strong>sciunt</strong></span> <span class='ocrx_word' id='word_1_484' title='bbox 1615 3931 1824 4022; x_wconf 89' lang='lat' dir='ltr'><strong>sapientiam</strong></span> <span class='ocrx_word' id='word_1_485' title='bbox 1833 3930 1913 4017; x_wconf 90' lang='lat' dir='ltr'><strong>Dei,</strong></span> <span class='ocrx_word' id='word_1_486' title='bbox 1937 3958 1976 4004; x_wconf 91' lang='lat' dir='ltr'><strong>ac</strong></span> <span class='ocrx_word' id='word_1_487' title='bbox 1989 3932 2180 4024; x_wconf 89' lang='lat' dir='ltr'><strong>deplorant</strong></span> 
     </span>
     <span class='ocr_line' id='line_1_37' title="bbox 143 4029 2183 4125; baseline -0.001 -18"><span class='ocrx_word' id='word_1_488' title='bbox 143 4057 240 4107; x_wconf 86' lang='lat' dir='ltr'><strong>cesse</strong></span> <span class='ocrx_word' id='word_1_489' title='bbox 263 4048 315 4106; x_wconf 85' lang='lat' dir='ltr'><strong>est</strong></span> <span class='ocrx_word' id='word_1_490' title='bbox 336 4048 454 4104; x_wconf 90' lang='lat' dir='ltr'><strong>tamen</strong></span> <span class='ocrx_word' id='word_1_491' title='bbox 476 4032 665 4102; x_wconf 89' lang='lat' dir='ltr'><strong>discrimen</strong></span> <span class='ocrx_word' id='word_1_492' title='bbox 684 4029 817 4112; x_wconf 87' lang='lat' dir='ltr'><strong>Patris,</strong></span> <span class='ocrx_word' id='word_1_493' title='bbox 843 4029 945 4114; x_wconf 85' lang='lat' dir='ltr'><strong>Filii,</strong></span> <span class='ocrx_word' id='word_1_494' title='bbox 971 4048 1005 4102; x_wconf 91' lang='lat' dir='ltr'><strong>et</strong></span> <span class='ocrx_word' id='word_1_495' title='bbox 1019 4029 1136 4123; x_wconf 90' lang='lat' dir='ltr'><strong>Spiri-</strong></span> <span class='ocrx_word' id='word_1_496' title='bbox 1188 4045 1345 4101; x_wconf 90' lang='lat' dir='ltr'><strong>nostram</strong></span> <span class='ocrx_word' id='word_1_497' title='bbox 1369 4032 1544 4104; x_wconf 90' lang='lat' dir='ltr'><strong>inscitiam</strong></span> <span class='ocrx_word' id='word_1_498' title='bbox 1570 4056 1611 4102; x_wconf 91' lang='lat' dir='ltr'><strong>ac</strong></span> <span class='ocrx_word' id='word_1_499' title='bbox 1632 4033 1937 4120; x_wconf 89' lang='lat' dir='ltr'><strong>ingratitudinem.</strong></span> <span class='ocrx_word' id='word_1_500' title='bbox 2001 4033 2049 4108; x_wconf 90' lang='lat' dir='ltr'><strong>Ut</strong></span> <span class='ocrx_word' id='word_1_501' title='bbox 2069 4034 2183 4125; x_wconf 86' lang='lat' dir='ltr'><strong>igitur</strong></span> 
     </span>
     <span class='ocr_line' id='line_1_38' title="bbox 144 4129 2183 4223; baseline -0.002 -13"><span class='ocrx_word' id='word_1_502' title='bbox 144 4152 204 4212; x_wconf 85' lang='lat' dir='ltr'><strong>tus</strong></span> <span class='ocrx_word' id='word_1_503' title='bbox 226 4136 339 4207; x_wconf 88' lang='lat' dir='ltr'><strong>sancti</strong></span> <span class='ocrx_word' id='word_1_504' title='bbox 366 4136 403 4204; x_wconf 93' lang='lat' dir='ltr'><strong>in</strong></span> <span class='ocrx_word' id='word_1_505' title='bbox 428 4133 652 4204; x_wconf 90' lang='lat' dir='ltr'><strong>invocatione</strong></span> <span class='ocrx_word' id='word_1_506' title='bbox 675 4133 834 4223; x_wconf 89' lang='lat' dir='ltr'><strong>cogitari.</strong></span> <span class='ocrx_word' id='word_1_507' title='bbox 892 4129 1135 4204; x_wconf 87' lang='lat' dir='ltr'><strong>Discernenda</strong></span> <span class='ocrx_word' id='word_1_508' title='bbox 1187 4157 1313 4203; x_wconf 88' lang='lat' dir='ltr'><strong>senum</strong></span> <span class='ocrx_word' id='word_1_509' title='bbox 1328 4134 1483 4205; x_wconf 88' lang='lat' dir='ltr'><strong>officinm</strong></span> <span class='ocrx_word' id='word_1_510' title='bbox 1498 4149 1565 4218; x_wconf 90' lang='lat' dir='ltr'><strong>est,</strong></span> <span class='ocrx_word' id='word_1_511' title='bbox 1591 4134 1765 4207; x_wconf 90' lang='lat' dir='ltr'><strong>instillare</strong></span> <span class='ocrx_word' id='word_1_512' title='bbox 1780 4135 1910 4206; x_wconf 88' lang='lat' dir='ltr'><strong>teneris</strong></span> <span class='ocrx_word' id='word_1_513' title='bbox 1923 4135 2053 4207; x_wconf 89' lang='lat' dir='ltr'><strong>animis</strong></span> <span class='ocrx_word' id='word_1_514' title='bbox 2067 4149 2183 4207; x_wconf 86' lang='lat' dir='ltr'><strong>rectas</strong></span> 
     </span>
     <span class='ocr_line' id='line_1_39' title="bbox 142 4229 2183 4329; baseline -0.003 -17"><span class='ocrx_word' id='word_1_515' title='bbox 142 4254 196 4312; x_wconf 89' lang='lat' dir='ltr'><strong>est</strong></span> <span class='ocrx_word' id='word_1_516' title='bbox 213 4239 308 4309; x_wconf 86' lang='lat' dir='ltr'><strong>enirn</strong></span> <span class='ocrx_word' id='word_1_517' title='bbox 323 4254 443 4309; x_wconf 90' lang='lat' dir='ltr'><strong>nostra</strong></span> <span class='ocrx_word' id='word_1_518' title='bbox 460 4236 637 4306; x_wconf 88' lang='lat' dir='ltr'><strong>invocatio</strong></span> <span class='ocrx_word' id='word_1_519' title='bbox 653 4236 698 4304; x_wconf 88' lang='lat' dir='ltr'><strong>ab</strong></span> <span class='ocrx_word' id='word_1_520' title='bbox 715 4229 865 4304; x_wconf 87' lang='lat' dir='ltr'><strong>ethnica.</strong></span> <span class='ocrx_word' id='word_1_521' title='bbox 913 4232 1054 4306; x_wconf 90' lang='lat' dir='ltr'><strong>Deinde</strong></span> <span class='ocrx_word' id='word_1_522' title='bbox 1068 4231 1136 4307; x_wconf 92' lang='lat' dir='ltr'><strong>hoc</strong></span> <span class='ocrx_word' id='word_1_523' title='bbox 1187 4235 1375 4327; x_wconf 87' lang='lat' dir='ltr'><strong>opiniones</strong></span> <span class='ocrx_word' id='word_1_524' title='bbox 1401 4238 1445 4306; x_wconf 90' lang='lat' dir='ltr'><strong>de</strong></span> <span class='ocrx_word' id='word_1_525' title='bbox 1471 4238 1607 4308; x_wconf 90' lang='lat' dir='ltr'><strong>artibus</strong></span> <span class='ocrx_word' id='word_1_526' title='bbox 1632 4250 1666 4308; x_wconf 90' lang='grc' dir='ltr'><strong>ει</strong></span> <span class='ocrx_word' id='word_1_527' title='bbox 1697 4262 1819 4308; x_wconf 88' lang='lat' dir='ltr'><strong>earum</strong></span> <span class='ocrx_word' id='word_1_528' title='bbox 1847 4261 2003 4308; x_wconf 89' lang='lat' dir='ltr'><strong>amorem</strong></span> <span class='ocrx_word' id='word_1_529' title='bbox 2033 4252 2183 4329; x_wconf 89' lang='lat' dir='ltr'><strong>propter</strong></span> 
     </span>
     <span class='ocr_line' id='line_1_40' title="bbox 142 4334 2179 4438; baseline -0 -30"><span class='ocrx_word' id='word_1_530' title='bbox 142 4367 288 4438; x_wconf 89' lang='lat' dir='ltr'><strong>quoque</strong></span> <span class='ocrx_word' id='word_1_531' title='bbox 303 4340 577 4412; x_wconf 87' lang='lat' dir='ltr'><strong>consideremus.</strong></span> <span class='ocrx_word' id='word_1_532' title='bbox 610 4334 703 4407; x_wconf 89' lang='lat' dir='ltr'><strong>Cum</strong></span> <span class='ocrx_word' id='word_1_533' title='bbox 719 4337 830 4407; x_wconf 91' lang='lat' dir='ltr'><strong>multa</strong></span> <span class='ocrx_word' id='word_1_534' title='bbox 845 4335 917 4408; x_wconf 91' lang='lat' dir='ltr'><strong>sint</strong></span> <span class='ocrx_word' id='word_1_535' title='bbox 935 4338 1135 4408; x_wconf 89' lang='lat' dir='ltr'><strong>testimonia</strong></span> <span class='ocrx_word' id='word_1_536' title='bbox 1188 4337 1337 4427; x_wconf 89' lang='lat' dir='ltr'><strong>gloriam</strong></span> <span class='ocrx_word' id='word_1_537' title='bbox 1354 4335 1436 4408; x_wconf 86' lang='lat' dir='ltr'><strong>Dei:</strong></span> <span class='ocrx_word' id='word_1_538' title='bbox 1471 4339 1517 4409; x_wconf 88' lang='lat' dir='ltr'><strong>ita</strong></span> <span class='ocrx_word' id='word_1_539' title='bbox 1541 4352 1695 4409; x_wconf 87' lang='lat' dir='ltr'><strong>vestrum</strong></span> <span class='ocrx_word' id='word_1_540' title='bbox 1721 4352 1793 4419; x_wconf 89' lang='lat' dir='ltr'><strong>est,</strong></span> <span class='ocrx_word' id='word_1_541' title='bbox 1819 4340 1999 4421; x_wconf 88' lang='lat' dir='ltr'><strong>iuniores,</strong></span> <span class='ocrx_word' id='word_1_542' title='bbox 2024 4334 2089 4409; x_wconf 89' lang='lat' dir='ltr'><strong>has</strong></span> <span class='ocrx_word' id='word_1_543' title='bbox 2109 4364 2179 4407; x_wconf 86' lang='lat' dir='ltr'><strong>no-</strong></span> 
     </span>
     <span class='ocr_line' id='line_1_41' title="bbox 142 4436 2182 4535; baseline -0.004 -19"><span class='ocrx_word' id='word_1_544' title='bbox 142 4448 189 4517; x_wconf 92' lang='lat' dir='ltr'><strong>de</strong></span> <span class='ocrx_word' id='word_1_545' title='bbox 206 4445 286 4515; x_wconf 90' lang='lat' dir='ltr'><strong>Deo</strong></span> <span class='ocrx_word' id='word_1_546' title='bbox 303 4444 341 4512; x_wconf 95' lang='lat' dir='ltr'><strong>in</strong></span> <span class='ocrx_word' id='word_1_547' title='bbox 358 4441 522 4513; x_wconf 83' lang='lat' dir='ltr'><strong>universa</strong></span> <span class='ocrx_word' id='word_1_548' title='bbox 544 4455 692 4519; x_wconf 87' lang='lat' dir='ltr'><strong>natura,</strong></span> <span class='ocrx_word' id='word_1_549' title='bbox 714 4462 805 4535; x_wconf 85' lang='lat' dir='ltr'><strong>qttae</strong></span> <span class='ocrx_word' id='word_1_550' title='bbox 827 4439 1044 4510; x_wconf 91' lang='lat' dir='ltr'><strong>convincunt</strong></span> <span class='ocrx_word' id='word_1_551' title='bbox 1067 4436 1136 4511; x_wconf 90' lang='lat' dir='ltr'><strong>hu·</strong></span> <span class='ocrx_word' id='word_1_552' title='bbox 1187 4454 1277 4510; x_wconf 87' lang='lat' dir='ltr'><strong>stras</strong></span> <span class='ocrx_word' id='word_1_553' title='bbox 1296 4439 1559 4511; x_wconf 87' lang='lat' dir='ltr'><strong>admonitiones</strong></span> <span class='ocrx_word' id='word_1_554' title='bbox 1576 4440 1722 4530; x_wconf 83' lang='lat' dir='ltr'><strong>infigere</strong></span> <span class='ocrx_word' id='word_1_555' title='bbox 1739 4442 1887 4521; x_wconf 88' lang='lat' dir='ltr'><strong>animis,</strong></span> <span class='ocrx_word' id='word_1_556' title='bbox 1915 4455 1948 4511; x_wconf 90' lang='lat' dir='ltr'><strong>et</strong></span> <span class='ocrx_word' id='word_1_557' title='bbox 1964 4464 2065 4532; x_wconf 89' lang='lat' dir='ltr'><strong>saepe</strong></span> <span class='ocrx_word' id='word_1_558' title='bbox 2081 4441 2182 4530; x_wconf 87' lang='lat' dir='ltr'><strong>cogi-</strong></span> 
     </span>
     <span class='ocr_line' id='line_1_42' title="bbox 141 4541 2182 4637; baseline -0.003 -20"><span class='ocrx_word' id='word_1_559' title='bbox 141 4559 435 4630; x_wconf 84' lang='lat' dir='ltr'><strong>manasmentes,</strong></span> <span class='ocrx_word' id='word_1_560' title='bbox 461 4558 501 4614; x_wconf 91' lang='grc' dir='ltr'><strong>ιιι</strong></span> <span class='ocrx_word' id='word_1_561' title='bbox 519 4541 622 4615; x_wconf 86' lang='lat' dir='ltr'><strong>fateri</strong></span> <span class='ocrx_word' id='word_1_562' title='bbox 641 4555 812 4631; x_wconf 90' lang='lat' dir='ltr'><strong>cogantur</strong></span> <span class='ocrx_word' id='word_1_563' title='bbox 834 4565 906 4611; x_wconf 91' lang='lat' dir='ltr'><strong>esse</strong></span> <span class='ocrx_word' id='word_1_564' title='bbox 922 4541 1055 4614; x_wconf 88' lang='lat' dir='ltr'><strong>Deum:</strong></span> <span class='ocrx_word' id='word_1_565' title='bbox 1083 4556 1136 4612; x_wconf 91' lang='lat' dir='ltr'><strong>ta-</strong></span> <span class='ocrx_word' id='word_1_566' title='bbox 1188 4555 1280 4627; x_wconf 90' lang='lat' dir='ltr'><strong>tarc,</strong></span> <span class='ocrx_word' id='word_1_567' title='bbox 1316 4566 1449 4637; x_wconf 87' lang='lat' dir='ltr'><strong>vosque</strong></span> <span class='ocrx_word' id='word_1_568' title='bbox 1479 4544 1526 4612; x_wconf 93' lang='lat' dir='ltr'><strong>ad</strong></span> <span class='ocrx_word' id='word_1_569' title='bbox 1559 4542 1768 4613; x_wconf 89' lang='lat' dir='ltr'><strong>discendum</strong></span> <span class='ocrx_word' id='word_1_570' title='bbox 1800 4541 2012 4627; x_wconf 82' lang='lat' dir='ltr'><strong>exuscitare,</strong></span> <span class='ocrx_word' id='word_1_571' title='bbox 2043 4555 2077 4613; x_wconf 90' lang='lat' dir='ltr'><strong>et</strong></span> <span class='ocrx_word' id='word_1_572' title='bbox 2104 4555 2182 4612; x_wconf 89' lang='lat' dir='ltr'><strong>toto</strong></span> 
     </span>
     <span class='ocr_line' id='line_1_43' title="bbox 141 4639 2182 4740; baseline -0.003 -20"><span class='ocrx_word' id='word_1_573' title='bbox 141 4675 227 4720; x_wconf 92' lang='lat' dir='ltr'><strong>men</strong></span> <span class='ocrx_word' id='word_1_574' title='bbox 250 4645 318 4719; x_wconf 90' lang='lat' dir='ltr'><strong>hae</strong></span> <span class='ocrx_word' id='word_1_575' title='bbox 346 4647 543 4740; x_wconf 90' lang='lat' dir='ltr'><strong>potentiae,</strong></span> <span class='ocrx_word' id='word_1_576' title='bbox 567 4667 782 4735; x_wconf 88' lang='lat' dir='ltr'><strong>cognoscens</strong></span> <span class='ocrx_word' id='word_1_577' title='bbox 808 4657 843 4714; x_wconf 92' lang='lat' dir='ltr'><strong>et</strong></span> <span class='ocrx_word' id='word_1_578' title='bbox 863 4642 974 4713; x_wconf 89' lang='lat' dir='ltr'><strong>libere</strong></span> <span class='ocrx_word' id='word_1_579' title='bbox 991 4644 1137 4733; x_wconf 91' lang='lat' dir='ltr'><strong>eligens,</strong></span> <span class='ocrx_word' id='word_1_580' title='bbox 1189 4657 1328 4735; x_wconf 90' lang='lat' dir='ltr'><strong>pectore</strong></span> <span class='ocrx_word' id='word_1_581' title='bbox 1344 4647 1390 4715; x_wconf 89' lang='lat' dir='ltr'><strong>ah</strong></span> <span class='ocrx_word' id='word_1_582' title='bbox 1406 4639 1463 4713; x_wconf 91' lang='lat' dir='ltr'><strong>bis</strong></span> <span class='ocrx_word' id='word_1_583' title='bbox 1478 4643 1539 4735; x_wconf 88' lang='lat' dir='ltr'><strong>qui</strong></span> <span class='ocrx_word' id='word_1_584' title='bbox 1554 4659 1646 4717; x_wconf 86' lang='lat' dir='ltr'><strong>artes</strong></span> <span class='ocrx_word' id='word_1_585' title='bbox 1661 4644 1881 4735; x_wconf 86' lang='lat' dir='ltr'><strong>vituperant,</strong></span> <span class='ocrx_word' id='word_1_586' title='bbox 1905 4658 1967 4713; x_wconf 88' lang='lat' dir='ltr'><strong>aut</strong></span> <span class='ocrx_word' id='word_1_587' title='bbox 1982 4657 2077 4715; x_wconf 85' lang='lat' dir='ltr'><strong>recte</strong></span> <span class='ocrx_word' id='word_1_588' title='bbox 2091 4666 2182 4713; x_wconf 89' lang='lat' dir='ltr'><strong>con-</strong></span> 
     </span>
     <span class='ocr_line' id='line_1_44' title="bbox 142 4734 2184 4843; baseline -0.004 -21"><span class='ocrx_word' id='word_1_589' title='bbox 142 4765 179 4823; x_wconf 91' lang='lat' dir='ltr'><strong>et</strong></span> <span class='ocrx_word' id='word_1_590' title='bbox 192 4734 365 4835; x_wconf 82' lang='lat' dir='ltr'><strong>noticiae,</strong></span> <span class='ocrx_word' id='word_1_591' title='bbox 412 4773 501 4843; x_wconf 89' lang='lat' dir='ltr'><strong>quae</strong></span> <span class='ocrx_word' id='word_1_592' title='bbox 542 4761 625 4819; x_wconf 93' lang='lat' dir='ltr'><strong>sunt</strong></span> <span class='ocrx_word' id='word_1_593' title='bbox 658 4748 847 4817; x_wconf 87' lang='lat' dir='ltr'><strong>immotum</strong></span> <span class='ocrx_word' id='word_1_594' title='bbox 883 4758 918 4816; x_wconf 93' lang='lat' dir='ltr'><strong>et</strong></span> <span class='ocrx_word' id='word_1_595' title='bbox 952 4759 1134 4816; x_wconf 88' lang='lat' dir='ltr'><strong>aeternum</strong></span> <span class='ocrx_word' id='word_1_596' title='bbox 1188 4747 1343 4831; x_wconf 90' lang='lat' dir='ltr'><strong>stitutas,</strong></span> <span class='ocrx_word' id='word_1_597' title='bbox 1374 4745 1572 4840; x_wconf 89' lang='lat' dir='ltr'><strong>praestigiis</strong></span> <span class='ocrx_word' id='word_1_598' title='bbox 1597 4740 1854 4837; x_wconf 84' lang='lat' dir='ltr'><strong>sophismatum</strong></span> <span class='ocrx_word' id='word_1_599' title='bbox 1884 4744 2096 4815; x_wconf 77' lang='lat' dir='ltr'><strong>labefactare</strong></span> <span class='ocrx_word' id='word_1_600' title='bbox 2118 4768 2184 4814; x_wconf 92' lang='lat' dir='ltr'><strong>co-</strong></span> 
     </span>
     <span class='ocr_line' id='line_1_45' title="bbox 142 4841 2184 4947; baseline -0.003 -23"><span class='ocrx_word' id='word_1_601' title='bbox 142 4869 300 4946; x_wconf 90' lang='lat' dir='ltr'><strong>septum,</strong></span> <span class='ocrx_word' id='word_1_602' title='bbox 324 4877 395 4947; x_wconf 91' lang='lat' dir='ltr'><strong>quo</strong></span> <span class='ocrx_word' id='word_1_603' title='bbox 412 4847 561 4922; x_wconf 88' lang='lat' dir='ltr'><strong>honesta</strong></span> <span class='ocrx_word' id='word_1_604' title='bbox 576 4865 610 4922; x_wconf 92' lang='lat' dir='ltr'><strong>et</strong></span> <span class='ocrx_word' id='word_1_605' title='bbox 627 4848 744 4940; x_wconf 89' lang='lat' dir='ltr'><strong>turpia</strong></span> <span class='ocrx_word' id='word_1_606' title='bbox 758 4847 998 4933; x_wconf 85' lang='lat' dir='ltr'><strong>divelluntur,</strong></span> <span class='ocrx_word' id='word_1_607' title='bbox 1023 4847 1136 4918; x_wconf 85' lang='lat' dir='ltr'><strong>maxi·</strong></span> <span class='ocrx_word' id='word_1_608' title='bbox 1188 4860 1338 4932; x_wconf 90' lang='lat' dir='ltr'><strong>nantur,</strong></span> <span class='ocrx_word' id='word_1_609' title='bbox 1370 4841 1574 4918; x_wconf 87' lang='lat' dir='ltr'><strong>abhorrere.</strong></span> <span class='ocrx_word' id='word_1_610' title='bbox 1640 4845 1738 4918; x_wconf 90' lang='lat' dir='ltr'><strong>Haec</strong></span> <span class='ocrx_word' id='word_1_611' title='bbox 1763 4860 1875 4917; x_wconf 87' lang='lat' dir='ltr'><strong>vestra</strong></span> <span class='ocrx_word' id='word_1_612' title='bbox 1897 4846 2081 4936; x_wconf 89' lang='lat' dir='ltr'><strong>diligentia</strong></span> <span class='ocrx_word' id='word_1_613' title='bbox 2102 4842 2184 4917; x_wconf 85' lang='lat' dir='ltr'><strong>Deo</strong></span> 
     </span>
     <span class='ocr_line' id='line_1_46' title="bbox 142 4945 2185 5040; baseline -0.001 -13"><span class='ocrx_word' id='word_1_614' title='bbox 142 4979 201 5027; x_wconf 88' lang='lat' dir='ltr'><strong>me</strong></span> <span class='ocrx_word' id='word_1_615' title='bbox 223 4957 437 5034; x_wconf 88' lang='lat' dir='ltr'><strong>ostendunt,</strong></span> <span class='ocrx_word' id='word_1_616' title='bbox 474 4949 636 5025; x_wconf 88' lang='lat' dir='ltr'><strong>homines</strong></span> <span class='ocrx_word' id='word_1_617' title='bbox 659 4975 734 5020; x_wconf 93' lang='lat' dir='ltr'><strong>non</strong></span> <span class='ocrx_word' id='word_1_618' title='bbox 759 4950 913 5020; x_wconf 85' lang='lat' dir='ltr'><strong>extitisse</strong></span> <span class='ocrx_word' id='word_1_619' title='bbox 937 4974 1037 5033; x_wconf 90' lang='lat' dir='ltr'><strong>casu,</strong></span> <span class='ocrx_word' id='word_1_620' title='bbox 1070 4973 1136 5020; x_wconf 91' lang='grc' dir='ltr'>ιιεε</span> <span class='ocrx_word' id='word_1_621' title='bbox 1189 4959 1306 5040; x_wconf 88' lang='lat' dir='ltr'><strong>grata,</strong></span> <span class='ocrx_word' id='word_1_622' title='bbox 1337 4945 1564 5021; x_wconf 75' lang='lat' dir='ltr'><strong>etlleclesise</strong></span> <span class='ocrx_word' id='word_1_623' title='bbox 1585 4974 1626 5020; x_wconf 87' lang='lat' dir='ltr'><strong>sc</strong></span> <span class='ocrx_word' id='word_1_624' title='bbox 1652 4950 1744 5021; x_wconf 88' lang='lat' dir='ltr'><strong>vitae</strong></span> <span class='ocrx_word' id='word_1_625' title='bbox 1768 4947 1949 5019; x_wconf 90' lang='lat' dir='ltr'><strong>communi</strong></span> <span class='ocrx_word' id='word_1_626' title='bbox 1976 4948 2076 5019; x_wconf 86' lang='lat' dir='ltr'><strong>utilis</strong></span> <span class='ocrx_word' id='word_1_627' title='bbox 2101 4949 2185 5025; x_wconf 76' lang='lat' dir='ltr'><strong>erit.</strong></span> 
     </span>
     <span class='ocr_line' id='line_1_47' title="bbox 141 5036 2186 5145; baseline -0.005 -14"><span class='ocrx_word' id='word_1_628' title='bbox 141 5059 283 5131; x_wconf 81' lang='lat' dir='ltr'><strong>abruta</strong></span> <span class='ocrx_word' id='word_1_629' title='bbox 297 5056 444 5127; x_wconf 90' lang='lat' dir='ltr'><strong>materia</strong></span> <span class='ocrx_word' id='word_1_630' title='bbox 461 5056 561 5129; x_wconf 88' lang='lat' dir='ltr'><strong>oriri.</strong></span> <span class='ocrx_word' id='word_1_631' title='bbox 609 5052 694 5125; x_wconf 89' lang='lat' dir='ltr'><strong>Non</strong></span> <span class='ocrx_word' id='word_1_632' title='bbox 709 5053 804 5122; x_wconf 85' lang='lat' dir='ltr'><strong>enim</strong></span> <span class='ocrx_word' id='word_1_633' title='bbox 821 5064 934 5145; x_wconf 90' lang='lat' dir='ltr'><strong>potest</strong></span> <span class='ocrx_word' id='word_1_634' title='bbox 948 5051 1135 5123; x_wconf 84' lang='lat' dir='ltr'><strong>fortuitum</strong></span> <span class='ocrx_word' id='word_1_635' title='bbox 1189 5049 1412 5140; x_wconf 86' lang='lat' dir='ltr'><strong>Quaeramus</strong></span> <span class='ocrx_word' id='word_1_636' title='bbox 1438 5053 1595 5124; x_wconf 87' lang='lat' dir='ltr'><strong>modeste</strong></span> <span class='ocrx_word' id='word_1_637' title='bbox 1616 5063 1652 5120; x_wconf 92' lang='lat' dir='ltr'><strong>et</strong></span> <span class='ocrx_word' id='word_1_638' title='bbox 1672 5063 1879 5123; x_wconf 87' lang='lat' dir='ltr'><strong>reverenter</strong></span> <span class='ocrx_word' id='word_1_639' title='bbox 1908 5036 2117 5136; x_wconf 84' lang='lat' dir='ltr'><strong>veritatem,</strong></span> <span class='ocrx_word' id='word_1_640' title='bbox 2148 5062 2186 5120; x_wconf 88' lang='lat' dir='ltr'><strong>et</strong></span> 
     </span>
     <span class='ocr_line' id='line_1_48' title="bbox 141 5153 2187 5248; baseline -0.005 -16"><span class='ocrx_word' id='word_1_641' title='bbox 141 5185 218 5239; x_wconf 77' lang='lat' dir='ltr'><strong>esse</strong></span> <span class='ocrx_word' id='word_1_642' title='bbox 235 5156 302 5232; x_wconf 88' lang='lat' dir='ltr'><strong>hoc</strong></span> <span class='ocrx_word' id='word_1_643' title='bbox 318 5158 508 5231; x_wconf 89' lang='lat' dir='ltr'><strong>discrimen</strong></span> <span class='ocrx_word' id='word_1_644' title='bbox 529 5154 760 5228; x_wconf 88' lang='lat' dir='ltr'><strong>bonestorum</strong></span> <span class='ocrx_word' id='word_1_645' title='bbox 776 5169 809 5226; x_wconf 90' lang='lat' dir='ltr'><strong>et</strong></span> <span class='ocrx_word' id='word_1_646' title='bbox 827 5154 1005 5244; x_wconf 89' lang='lat' dir='ltr'><strong>turpium:</strong></span> <span class='ocrx_word' id='word_1_647' title='bbox 1038 5153 1136 5248; x_wconf 85' lang='lat' dir='ltr'><strong>quod</strong></span> <span class='ocrx_word' id='word_1_648' title='bbox 1189 5153 1341 5223; x_wconf 85' lang='lat' dir='ltr'><strong>sciamus</strong></span> <span class='ocrx_word' id='word_1_649' title='bbox 1362 5166 1475 5239; x_wconf 90' lang='lat' dir='ltr'><strong>artes,</strong></span> <span class='ocrx_word' id='word_1_650' title='bbox 1508 5177 1590 5224; x_wconf 92' lang='lat' dir='ltr'><strong>cum</strong></span> <span class='ocrx_word' id='word_1_651' title='bbox 1613 5166 1705 5224; x_wconf 90' lang='lat' dir='ltr'><strong>recte</strong></span> <span class='ocrx_word' id='word_1_652' title='bbox 1724 5153 1940 5238; x_wconf 85' lang='lat' dir='ltr'><strong>traduntur,</strong></span> <span class='ocrx_word' id='word_1_653' title='bbox 1970 5154 2067 5247; x_wconf 80' lang='lat' dir='ltr'><strong>qnod</strong></span> <span class='ocrx_word' id='word_1_654' title='bbox 2088 5165 2187 5224; x_wconf 84' lang='lat' dir='ltr'><strong>certe</strong></span> 
     </span>
    </p>
   </div>
   <div class='ocr_carea' id='block_1_3' title="bbox 140 5253 2191 5558">
    <p class='ocr_par' dir='ltr' id='par_1_3' title="bbox 140 5253 2191 5558">
     <span class='ocr_line' id='line_1_49' title="bbox 141 5253 2186 5366; baseline -0.006 -30"><span class='ocrx_word' id='word_1_655' title='bbox 141 5263 288 5366; x_wconf 85' lang='lat' dir='ltr'><strong>quidem</strong></span> <span class='ocrx_word' id='word_1_656' title='bbox 303 5263 488 5334; x_wconf 90' lang='lat' dir='ltr'><strong>confirmat</strong></span> <span class='ocrx_word' id='word_1_657' title='bbox 512 5260 551 5331; x_wconf 91' lang='lat' dir='ltr'><strong>in</strong></span> <span class='ocrx_word' id='word_1_658' title='bbox 575 5258 724 5350; x_wconf 88' lang='lat' dir='ltr'><strong>singulis</strong></span> <span class='ocrx_word' id='word_1_659' title='bbox 748 5256 986 5330; x_wconf 86' lang='lat' dir='ltr'><strong>conscientiae</strong></span> <span class='ocrx_word' id='word_1_660' title='bbox 1005 5253 1138 5329; x_wconf 87' lang='lat' dir='ltr'><strong>severi·</strong></span> <span class='ocrx_word' id='word_1_661' title='bbox 1188 5253 1342 5324; x_wconf 79' lang='lat' dir='ltr'><strong>fideliter</strong></span> <span class='ocrx_word' id='word_1_662' title='bbox 1363 5255 1480 5326; x_wconf 84' lang='lat' dir='ltr'><strong>lacere</strong></span> <span class='ocrx_word' id='word_1_663' title='bbox 1498 5256 1701 5336; x_wconf 87' lang='lat' dir='ltr'><strong>studemus,</strong></span> <span class='ocrx_word' id='word_1_664' title='bbox 1727 5253 1863 5325; x_wconf 89' lang='lat' dir='ltr'><strong>rivulos</strong></span> <span class='ocrx_word' id='word_1_665' title='bbox 1878 5254 2113 5327; x_wconf 84' lang='lat' dir='ltr'><strong>essedivinae</strong></span> <span class='ocrx_word' id='word_1_666' title='bbox 2127 5277 2186 5324; x_wconf 85' lang='lat' dir='ltr'><strong>sa-</strong></span> 
     </span>
     <span class='ocr_line' id='line_1_50' title="bbox 140 5354 2189 5461; baseline -0.007 -23"><span class='ocrx_word' id='word_1_667' title='bbox 140 5386 216 5455; x_wconf 81' lang='lat' dir='ltr'><strong>tas,</strong></span> <span class='ocrx_word' id='word_1_668' title='bbox 246 5389 337 5461; x_wconf 87' lang='lat' dir='ltr'><strong>quae</strong></span> <span class='ocrx_word' id='word_1_669' title='bbox 360 5365 458 5437; x_wconf 90' lang='lat' dir='ltr'><strong>testis</strong></span> <span class='ocrx_word' id='word_1_670' title='bbox 481 5376 530 5434; x_wconf 90' lang='lat' dir='ltr'><strong>est</strong></span> <span class='ocrx_word' id='word_1_671' title='bbox 555 5360 795 5434; x_wconf 88' lang='lat' dir='ltr'><strong>certitudinis.</strong></span> <span class='ocrx_word' id='word_1_672' title='bbox 853 5356 946 5432; x_wconf 89' lang='lat' dir='ltr'><strong>Nam</strong></span> <span class='ocrx_word' id='word_1_673' title='bbox 968 5381 1028 5430; x_wconf 82' lang='lat' dir='ltr'><strong>ree</strong></span> <span class='ocrx_word' id='word_1_674' title='bbox 1051 5382 1137 5429; x_wconf 89' lang='lat' dir='ltr'><strong>con·</strong></span> <span class='ocrx_word' id='word_1_675' title='bbox 1190 5355 1364 5450; x_wconf 77' lang='lat' dir='ltr'><strong>pientiae,</strong></span> <span class='ocrx_word' id='word_1_676' title='bbox 1388 5370 1425 5429; x_wconf 87' lang='lat' dir='ltr'><strong>et</strong></span> <span class='ocrx_word' id='word_1_677' title='bbox 1448 5356 1807 5429; x_wconf 87' lang='lat' dir='ltr'><strong>commonefactiones</strong></span> <span class='ocrx_word' id='word_1_678' title='bbox 1828 5357 1988 5430; x_wconf 83' lang='lat' dir='ltr'><strong>deDeo:</strong></span> <span class='ocrx_word' id='word_1_679' title='bbox 2010 5372 2046 5427; x_wconf 90' lang='lat' dir='ltr'><strong>et</strong></span> <span class='ocrx_word' id='word_1_680' title='bbox 2066 5354 2189 5444; x_wconf 82' lang='lat' dir='ltr'><strong>agnita</strong></span> 
     </span>
     <span class='ocr_line' id='line_1_51' title="bbox 141 5456 2191 5558; baseline -0.007 -12"><span class='ocrx_word' id='word_1_681' title='bbox 141 5469 311 5557; x_wconf 84' lang='lat' dir='ltr'><strong>scientia,</strong></span> <span class='ocrx_word' id='word_1_682' title='bbox 351 5467 488 5540; x_wconf 87' lang='lat' dir='ltr'><strong>etiamsi</strong></span> <span class='ocrx_word' id='word_1_683' title='bbox 510 5490 586 5536; x_wconf 85' lang='lat' dir='ltr'><strong>non</strong></span> <span class='ocrx_word' id='word_1_684' title='bbox 611 5464 882 5558; x_wconf 88' lang='lat' dir='ltr'><strong>magistratuum</strong></span> <span class='ocrx_word' id='word_1_685' title='bbox 914 5462 1026 5549; x_wconf 87' lang='lat' dir='ltr'><strong>iram,</strong></span> <span class='ocrx_word' id='word_1_686' title='bbox 1063 5482 1138 5533; x_wconf 89' lang='lat' dir='ltr'><strong>non</strong></span> <span class='ocrx_word' id='word_1_687' title='bbox 1190 5457 1358 5547; x_wconf 85' lang='lat' dir='ltr'><strong>veritate,</strong></span> <span class='ocrx_word' id='word_1_688' title='bbox 1381 5458 1423 5531; x_wconf 90' lang='lat' dir='ltr'><strong>in</strong></span> <span class='ocrx_word' id='word_1_689' title='bbox 1444 5483 1486 5531; x_wconf 81' lang='lat' dir='ltr'><strong>es</strong></span> <span class='ocrx_word' id='word_1_690' title='bbox 1509 5456 1792 5555; x_wconf 81' lang='lat' dir='ltr'><strong>acquiescamus,</strong></span> <span class='ocrx_word' id='word_1_691' title='bbox 1817 5482 1893 5530; x_wconf 90' lang='lat' dir='ltr'><strong>non</strong></span> <span class='ocrx_word' id='word_1_692' title='bbox 1911 5456 2106 5531; x_wconf 85' lang='lat' dir='ltr'><strong>ambitione</strong></span> <span class='ocrx_word' id='word_1_693' title='bbox 2126 5469 2191 5533; x_wconf 80' lang='lat' dir='ltr'><strong>aut</strong></span> 
     </span>
    </p>
   </div>
   <div class='ocr_carea' id='block_1_4' title="bbox 0 0 2336 6020">
    <p class='ocr_par' dir='ltr' id='par_1_4' title="bbox 0 0 2336 6020">
     <span class='ocr_line' id='line_1_52' title="bbox 0 0 2336 6020; baseline 0 0"><span class='ocrx_word' id='word_1_694' title='bbox 0 0 2336 6020; x_wconf 95' lang='lat' dir='ltr'><strong> </strong></span> 
     </span>
    </p>
   </div>
  </div>
 </body>
</html>
