4664 6022
141 304 221 385 44⁵
310 346 314 352 .
718 303 879 415 nnqt.
929 303 1004 381 nn
1057 307 1201 386 vtrt
1248 307 1595 437 Ancusrtnr.
2106 317 2184 393 stt

139 506 224 557 nnn
240 502 363 552 causas
378 477 603 550 considerare
618 493 752 572 possets
777 504 859 551 nam
880 476 966 554 haec
981 482 1139 574 exempla
1190 507 1232 574 ge
1248 496 1378 556 errant.
1429 482 1581 577 Propter
1601 480 1777 558 Ecclesias
1799 486 1835 561 et
1851 483 2007 572 scholas,
2034 491 2122 582 ipsi,
2147 506 2183 565 et

140 584 353 681 praesertim
384 579 569 675 Principes
596 606 742 654 monere
770 585 814 653 de
846 584 1010 677 plurimis
1034 586 1140 655 rebus
1190 587 1335 679 politiae
1350 601 1547 658 servantur.
1599 588 1720 678 Quare
1742 591 1897 661 vicissim
1912 592 2018 662 nohis
2034 595 2183 684 gratiam

140 699 306 783 possunt.
355 681 545 757 Contexuit
566 686 675 774 igitur
698 681 912 776 Rodolphus
941 687 1140 758 eruditissi-
1191 690 1320 759 referre
1343 690 1536 760 debebant:
1560 693 1703 784 quodsi
1726 717 1801 763 non
1815 696 1963 774 facient,
1990 691 2182 767 Deusillos

142 813 239 861 mam
261 787 440 881 epitomen
463 811 505 856 ex
526 784 655 857 Bibliis
680 800 715 859 et
734 786 936 872 Herodoto,
972 791 1016 860 de
1030 786 1140 884 Assy·
1191 793 1315 883 puniet
1340 805 1374 860 et
1397 803 1515 861 tamen
1529 793 1684 888 aliquem
1698 809 1839 887 portum
1855 795 2054 884 Ecclesiae,
2079 793 2184 869 scho·
2226 854 2235 863 .

143 892 282 964 riorum
306 903 340 960 et
361 887 548 959 Persarum
566 890 733 982 imperio,
763 892 807 960 de
822 891 986 961 civilibus
1003 893 1141 961 discor·
1190 895 1234 963 lis
1258 908 1292 964 et
1315 907 1436 964 nostro
1460 897 1581 965 ordini
1607 901 1784 983 ostendet,
1817 900 1908 971 sicut
1933 902 2108 990 promisit:
2134 899 2183 973 Sc

143 993 213 1065 diis
232 990 453 1062 Graecarum
469 992 651 1075 civitatum
674 1017 715 1062 etr
732 988 944 1088 Thucydide
966 1007 1000 1063 et
1016 993 1140 1064 Xeno·
1191 1021 1264 1075 non
1287 992 1492 1067 delutu'rum
1514 999 1577 1079 iis,
1610 1000 1671 1093 qui
1696 1002 1894 1072 doctrinam
1911 1000 2089 1075 Ecclesiae
2109 1003 2184 1075 uti-

145 1090 302 1188 phonte,
335 1095 380 1163 de
400 1089 568 1186 Philippo
592 1110 626 1166 et
649 1093 854 1167 Alexandro
875 1109 909 1165 et
931 1097 1140 1167 successori·
1191 1101 1261 1168 lem
1278 1121 1473 1190 propagare
1490 1115 1524 1172 et
1541 1126 1670 1173 ornare
1682 1106 1838 1175 student.
1890 1103 1988 1176 Dixi.
2151 1114 2170 1153 ⁴

144 1200 210 1271 bus
244 1222 289 1267 ex
308 1193 470 1267 Diodoro
500 1208 536 1266 et
556 1195 720 1292 Polybio.
778 1196 918 1269 Deinde
952 1199 1140 1269 lectissima
1962 1220 1967 1225 ·

143 1322 308 1397 quaeque
331 1298 501 1388 excerpsit
522 1322 563 1368 ex
583 1294 744 1371 historiis
763 1298 948 1373 Romanis.
999 1300 1142 1372 Postre-

144 1428 202 1473 mo
222 1414 260 1471 et
278 1398 485 1471 Germanici
502 1402 603 1491 regni
618 1424 674 1471 res
688 1403 891 1494 praecipuas
905 1403 1055 1492 collegit.
1087 1398 1141 1473 Ac
1224 1466 1238 1501 r
1323 1464 1345 1534 8
1738 1476 1741 1481 .

143 1504 253 1589 ineo
277 1503 409 1594 scripto
431 1526 506 1572 non
527 1503 642 1574 solum
667 1505 861 1590 laboravit,
892 1519 934 1576 ut
948 1529 1004 1576 res
1028 1520 1142 1575 tantas
1198 1464 1369 1592 Μῦν
1978 1475 2185 1605 Q

141 1606 331 1701 perspicue
354 1618 537 1690 narraret,
565 1607 755 1677 sedetiam
778 1621 817 1677 ut
834 1608 949 1677 obiter
967 1610 1138 1698 legentem
1581 1674 1589 1696 ,
1862 1675 1872 1699 ,
1915 1677 1924 1697 ,

140 1706 349 1798 Principem
372 1707 541 1799 pleraque
561 1723 738 1779 moneret:
772 1733 840 1802 qua
864 1710 902 1778 in
922 1733 960 1778 re
977 1711 1141 1801 apparuit
1439 1670 1517 1760 De
1542 1685 1639 1760 mm
1663 1670 1934 1793 Aufflwm'·

141 1834 225 1883 enm
250 1832 327 1878 non
348 1811 456 1878 modo
480 1809 611 1895 literis,
636 1813 696 1880 sed
718 1812 823 1881 etiam
839 1809 935 1881 civili
950 1813 1141 1904 prudentia
1260 1832 1341 1904 Apud
1360 1834 1434 1891 crat.
1453 1833 1524 1905 Myt.
1542 1835 1719 1909 p.2912qq..
1738 1838 1767 1890 in
1785 1837 1910 1894 nectam.
1926 1838 1959 1893 Τ.
1974 1837 2009 1892 tt.
2022 1834 2135 1909 pata,
2153 1833 2184 1889 is

140 1912 327 1985 excellere.
385 1911 456 1980 Sed
479 1935 557 1981 cum
585 1913 656 1981 iam
675 1928 768 1983 actas
789 1915 1034 1999 maturuisset,
1060 1940 1140 1984 curn
1292 1903 1407 1959 &⁹²⁸2
1422 1901 1457 1960 ¹¹·
1473 1923 1500 1976 Ρ·
1514 1905 1576 1960 ²⁵⁷·
1600 1915 1628 1960 ‘¹
1646 1926 1690 1978 ²9·
1708 1905 1829 1963 ¹³¹⁸¹¹²¹d
1843 1908 1890 1963 ¹¹¹·
1909 1926 1937 1980 Ρ·
1952 1909 2014 1964 ⁶⁵¹·

139 2015 215 2085 iam
250 2012 518 2085 lucubrationes
550 2008 765 2106 theologicas
797 2011 1017 2102 inchoasset,
1066 2040 1141 2086 non
1191 2024 1320 2136 oratio
1348 2062 1394 2135 de
1419 2070 1500 2135 νῆα
1523 2062 1602 2138 ἀίω,
1627 2068 1693 2138 Au
1729 2073 1885 2140 nstin,
2077 2070 2173 2140 Set

139 2116 303 2187 muttum
332 2137 437 2206 supra
466 2117 773 2208 quadragesimum
807 2142 941 2189 annum
974 2142 1142 2209 egressus,
1695 2092 1720 2165 9
1870 2094 1906 2157 ’θ
1931 2089 2060 2140 meme
2127 2086 2184 2159 Ρ·

140 2219 255 2291 rebus
270 2213 436 2288 humanis
452 2231 635 2309 exemptus
649 2234 711 2294 est.
752 2219 863 2311 Spero
879 2222 975 2291 enim
995 2223 1141 2292 immor·
1191 2162 1324 2237 habita
1367 2189 1391 2237 α
1427 2172 1568 2239 '‘mm'‘
1606 2175 1760 2243 smne
1797 2174 2052 2258 H⁰l⁸al⁸⁰m⁸³
2098 2189 2186 2240 cum

144 2318 213 2393 tati
237 2318 373 2389 laeticia
397 2321 568 2389 donatum
594 2343 684 2407 esse,
708 2346 788 2393 cum
813 2323 969 2413 legamus
987 2350 1067 2395 eum
1085 2325 1142 2415 pie
1192 2271 1332 2340 lterum
1358 2269 1578 2343 decerneret
1599 2271 1822 2367 ‘immam
1840 2272 2008 2347 ll⁰¹¹⁶⁸ll⁸
2031 2279 2069 2344 ‘l
2095 2293 2186 2342 Μ·

134 2419 296 2509 ,sensisse
320 2422 365 2490 de
388 2416 551 2507 Christo,
577 2447 617 2492 ac
640 2425 756 2494 studia
770 2426 813 2494 ad
835 2427 982 2513 gloriam
997 2426 1065 2497 Dei
1079 2428 1143 2495 de-

143 2524 319 2607 stinasse,
351 2537 386 2594 et
407 2547 523 2592 mores
547 2524 656 2595 fuisse
677 2526 755 2618 pios
772 2541 806 2597 et
829 2522 996 2599 honestos
1018 2530 1142 2599 audia-

141 2650 241 2699 mus.
294 2622 440 2696 Habetis
456 2619 640 2696 historiam
660 2626 967 2720 vitaeltodolphi
1051 2654 1054 2659 ·
1190 2607 1318 2697 Video
1333 2645 1469 2691 morem
1487 2648 1560 2695 esse
1576 2620 1736 2710 scholae,
1761 2640 1803 2696 nt
1817 2624 1908 2696 mihi
1922 2625 2068 2719 quidem
2083 2623 2184 2693 vide-

1193 2368 1286 2443 ditia
1305 2370 1511 2447 iuvenibus
1544 2378 1761 2473 Magisteris'
1798 2379 1976 2466 titulum,
2010 2378 2053 2447 itt
2085 2375 2185 2446 Aca·

1477 2475 1605 2551 demto
1634 2476 1899 2577 Viteltergenst'.

248 2725 357 2799 Nunc
379 2727 556 2820 reliquum
577 2742 647 2814 est,
679 2743 719 2800 ut
743 2731 822 2800 talis
849 2733 915 2800 viri
934 2732 1139 2802 memoriam
1191 2740 1270 2808 tur,
1303 2723 1408 2793 laude
1432 2726 1597 2814 dignum,
1630 2741 1672 2798 ut
1692 2729 1731 2797 in
1756 2722 1811 2797 his
1836 2728 2080 2819 congressibus
2097 2726 2185 2795 alias

140 2831 237 2923 grati
261 2830 488 2902 conservetis.
534 2827 706 2920 Cogitetis
723 2846 895 2926 quantum
913 2836 1141 2905 fueritorna.
1191 2830 1237 2896 de
1256 2826 1385 2895 artium
1415 2841 1477 2897 aut
1504 2818 1676 2900 virtutum
1705 2831 1877 2918 dignitate
1908 2831 2066 2913 dicatur,
2097 2828 2185 2897 alias

140 2945 307 3003 mentam
326 2927 560 3015 Germaniae,
579 2957 685 3026 quam
701 2936 792 3004 bene
806 2937 850 3004 de
865 2937 978 3006 literis
997 2938 1141 3007 meritus
1191 2925 1361 2999 historiae
1375 2930 1552 2999 clarorum
1568 2932 1727 3002 virorum
1743 2934 1955 3013 recitentur,
1982 2954 2073 3024 quae
2089 2929 2185 3001 mut-

140 3036 201 3107 eit.
262 3030 407 3101 Primus
427 3033 521 3102 enirn
547 3034 584 3103 in
607 3032 801 3105 Germania
825 3041 1010 3110 emendare
1034 3061 1143 3127 genus
1191 3047 1227 3104 ta
1243 3046 1391 3102 monent
1412 3033 1633 3102 inventutem
1650 3035 1705 3102 vel
1727 3037 1772 3103 de
1789 3037 1916 3105 studiis
1935 3034 1992 3104 vel
2010 3035 2055 3102 de
2070 3031 2185 3101 mori·

141 3135 323 3206 sermonis
346 3135 481 3225 coepit,
515 3149 549 3204 et
572 3138 732 3206 accendit
755 3137 904 3209 Latinae
927 3155 961 3210 et
986 3138 1143 3209 Graecae
1193 3138 1269 3204 bus.
1322 3131 1412 3203 Cum
1434 3148 1551 3204 autem
1575 3138 1619 3204 de
1641 3137 1776 3206 artibus
1791 3138 1851 3206 alii
1868 3160 1970 3229 saepe
1987 3135 2187 3205 luculenter

140 3238 292 3327 linguae
315 3236 448 3306 studia:
483 3260 591 3329 quare
615 3239 649 3306 ei
674 3239 869 3328 plurimum
891 3266 1012 3310 omnes
1034 3244 1142 3311 debe·
1191 3234 1363 3313 dixerint,
1392 3259 1543 3327 quorum
1561 3261 1641 3306 cum
1656 3239 1701 3307 sit
1714 3239 1829 3307 oratio
1845 3240 1986 3308 subtilis
2002 3250 2036 3306 et
2051 3248 2185 3324 arguta,

143 3361 243 3411 mus.
318 3334 570 3409 Adulescentes
603 3340 708 3410 etiam
741 3341 817 3411 eius
850 3344 1025 3413 admoniti
1067 3359 1142 3413 tum
1191 3338 1302 3425 magis
1324 3337 1453 3405 idonea
1478 3351 1529 3407 est
1552 3339 1624 3407 illis
1647 3340 1822 3424 materiis,
1852 3364 1958 3432 quam
1981 3362 2078 3423 mea,
2102 3360 2184 3406 rur·
2283 3418 2286 3429 Ι

149 3438 321 3527 exemplis
339 3453 414 3508 tum
435 3440 557 3524 dictis,
590 3444 801 3531 prudentius
830 3444 875 3512 de
896 3447 1025 3517 studiis
1048 3446 1143 3514 iudi·
1191 3464 1250 3510 sus
1265 3439 1377 3526 delegi
1390 3435 1595 3522 historiam,
1622 3464 1695 3508 non
1714 3464 1754 3510 eo
1770 3455 1926 3526 tantum,
1951 3441 2046 3534 quod
2065 3463 2184 3508 exem-

148 3562 234 3611 care
257 3539 391 3612 discant
411 3554 447 3611 et
468 3542 579 3632 ipsius
600 3545 785 3614 imitentur
800 3547 1020 3636 diligentiam
1041 3562 1142 3617 etse-
1191 3543 1251 3634 pta
1274 3543 1439 3631 prodesse
1460 3541 1636 3611 iuventuti
1659 3555 1796 3622 statuo,
1827 3546 1890 3611 sed
1904 3543 2070 3612 etiamob
2092 3537 2184 3609 hanc

144 3641 356 3723 dulitatem,
379 3667 447 3735 qua
465 3644 721 3715 infirmioribus
736 3647 888 3737 ingeniis
903 3651 1016 3720 multo
1034 3650 1144 3738 magis
1191 3667 1350 3726 causam,
1382 3644 1480 3735 quod
1501 3637 1569 3713 hoc
1591 3667 1702 3732 genus
1726 3647 1972 3715 narrationum
1996 3639 2087 3713 mihi
2103 3643 2185 3735 qui-

144 3767 242 3838 opus
265 3757 334 3826 est,
361 3768 468 3836 quam
482 3745 553 3814 illis
576 3743 729 3818 heroicis
750 3751 903 3835 naturis,
929 3753 1079 3845 quibus,
1103 3766 1144 3821 ut
1192 3749 1272 3816 dem
1288 3759 1403 3815 texere
1427 3746 1566 3815 facilius
1590 3761 1660 3828 est,
1687 3771 1794 3839 quam
1813 3748 1893 3816 illas
1910 3760 2049 3837 argutas
2066 3748 2110 3814 de
2124 3768 2185 3813 ar-

144 3845 198 3918 ita
225 3846 360 3931 dicam,
394 3847 504 3919 multa
531 3851 747 3938 proveniunt
776 3845 952 3948 ἀνήροτα.
1014 3852 1143 3923 Consi·
1191 3851 1288 3920 tibus
1305 3847 1570 3940 disputationes.
1622 3847 1675 3919 Ac
1693 3874 1748 3917 me
1765 3874 1879 3940 nuper
1892 3850 1968 3918 dies
1983 3837 2193 3935 Augustino

145 3948 241 4019 lium
256 3946 362 4017 etiam
379 3949 491 4039 ipsius
506 3948 544 4018 in
562 3953 689 4021 studiis
711 3957 951 4036 considerare,
978 3957 1072 4049 qttotl
1090 3955 1143 4021 vi·
1192 3952 1348 4034 dicatus,
1389 3951 1600 4041 cogitantem
1628 3954 1673 4018 de
1703 3949 2186 4041 ipsinsingenio,1pietate‚

146 4050 280 4122 delicet
294 4072 367 4118 non
384 4050 532 4121 divulsit
545 4065 637 4121 artes
652 4069 777 4125 natura
800 4057 998 4148 copulatas,
1024 4080 1143 4126 rerum
1191 4052 1350 4144 scriptis,
1377 4051 1582 4134 admonuit,
1609 4054 1653 4120 de
1676 4052 1754 4141 ipso
1771 4067 1809 4122 ut
1826 4053 1978 4121 maxime
1995 4050 2185 4122 dicendum

145 4152 351 4224 doctrinam
375 4166 408 4221 et
432 4152 689 4244 eloquentiam,
719 4159 777 4226 sed
796 4159 835 4227 in
853 4173 1004 4253 utroque
1018 4180 1144 4249 genere
1192 4167 1363 4247 putarem.
1425 4150 1570 4246 Opinor
1599 4177 1722 4221 omnes
1756 4155 1833 4244 pios
1854 4155 1988 4247 ubique
2011 4166 2186 4222 terrarum

143 4276 286 4326 summa
300 4253 413 4323 animi
426 4267 531 4347 atque
546 4256 679 4346 ingenii
697 4261 924 4330 contentione
941 4260 1145 4343 elaboravit,
1194 4254 1301 4327 huius
1334 4254 1405 4324 viri
1438 4256 1683 4324 recordatione
1715 4256 1892 4326 delectari.
1961 4255 2031 4328 Sed
2060 4255 2099 4323 in
2120 4249 2187 4322 hac

142 4357 246 4453 quod
279 4368 321 4426 ut
354 4378 417 4425 vos
441 4380 584 4449 quoque
603 4360 755 4445 faciatis,
788 4376 960 4454 qnantum
990 4386 1144 4454 possum,
1192 4354 1312 4429 schola
1334 4358 1522 4447 praecipue
1539 4373 1671 4446 gratam
1696 4358 1770 4426 eius
1787 4359 2005 4428 mentionem
2028 4380 2101 4425 esse
2123 4357 2186 4423 de-

143 4480 273 4530 omnes
295 4452 477 4530 adhortor.
535 4452 583 4531 Et
612 4461 650 4528 in
673 4457 741 4533 hoc
766 4462 927 4535 instituta
953 4480 1036 4536 sunt
1060 4459 1143 4533 haec
1193 4475 1264 4545 cet,
1289 4460 1328 4527 in
1350 4484 1418 4552 qua
1435 4456 1661 4546 Augustinus
1675 4460 1775 4553 quasi
1795 4474 1938 4530 renatus
1961 4474 2030 4539 est,
2056 4457 2186 4525 eteius

145 4556 358 4633 scholastica
381 4560 564 4645 exercitia,
595 4565 688 4632 utin
703 4580 855 4658 utroque
879 4590 1006 4657 genere
1023 4566 1144 4635 elabo-
1192 4562 1373 4646 doctrina,
1399 4585 1489 4654 quae
1508 4561 1616 4632 iacuit
1639 4564 1768 4632 obruta
1785 4561 2005 4631 densissimis
2020 4556 2187 4640 tenebris,

144 4687 290 4747 remus,
316 4664 410 4753 qnod
435 4663 577 4754 quidem
592 4688 633 4734 eo
653 4665 853 4737 faciendum
871 4683 941 4753 est,
968 4683 1007 4739 nt
1020 4664 1142 4737 Eccle-
1192 4689 1266 4734 non
1289 4664 1405 4733 solum
1423 4664 1583 4733 restituta
1597 4677 1666 4747 est,
1693 4665 1753 4733 sed
1779 4665 1885 4734 etiam
1902 4664 2024 4731 lumen
2037 4658 2186 4751 accepit:

144 4765 221 4837 siae
236 4789 276 4834 sc
290 4761 446 4852 Reipub.
467 4765 550 4835 usui
571 4789 645 4836 esse
660 4770 846 4858 possimus.
898 4768 988 4841 Nam
1005 4792 1142 4838 necrc-
1191 4791 1283 4860 quae
1295 4789 1375 4835 cum
1392 4765 1437 4834 sit
1451 4766 1643 4834 necessaria
1659 4761 1854 4848 Ecclesiae,
1880 4759 2187 4851 meritotlugusti·

143 4890 229 4939 rum
244 4865 400 4955 cognitio
418 4880 510 4936 recte
533 4871 730 4959 comparari
746 4884 859 4960 potest
880 4872 957 4943 sine
972 4871 1143 4942 exercita·
1191 4893 1278 4938 num
1295 4891 1414 4936 amare
1430 4869 1616 4950 debemus,
1639 4866 1702 4959 qui
1717 4868 1901 4936 coelestem
1919 4866 2023 4933 illum
2044 4859 2188 4935 thesau-

142 4970 246 5043 tiam
265 4966 426 5052 dicendi,
451 4991 517 5037 nec
530 4971 691 5041 destituti
708 4973 832 5056 rebus,
862 4972 981 5043 idonei
997 4984 1081 5042 sunt
1097 4973 1139 5041 ad
1191 4995 1270 5039 rum
1286 4971 1473 5060 praecipue
1489 4969 1722 5040 conservavit.
1766 4965 1815 5037 Et
1831 4962 1999 5036 nonnihil
2018 4962 2187 5037 historiae

143 5070 237 5143 seria
262 5068 406 5158 negocia
427 5071 646 5160 explicanda.
696 5072 829 5159 Porro,
855 5075 884 5144 si
901 5077 1056 5146 osticium
1075 5098 1143 5142 no-
1190 5072 1346 5162 cognitio
1368 5069 1540 5140 momenti
1562 5070 1697 5152 adfert,
1723 5071 1767 5137 ad
1780 5069 2028 5158 intelligendas
2043 5085 2187 5141 contro-

142 5189 260 5247 strum
282 5172 472 5261 diligenter
495 5173 700 5255 fecerimus,
735 5172 833 5246 Deus
863 5178 968 5246 etiarn
1000 5175 1141 5246 ornabit
1190 5174 1339 5258 versias,
1364 5197 1455 5266 quae
1472 5173 1517 5241 ab
1534 5195 1575 5239 co
1593 5183 1797 5242 tractantur.
1847 5170 1942 5243 siin
1959 5169 2089 5241 talibus
2107 5192 2187 5258 spe-

143 5300 212 5346 nos
246 5273 426 5364 praemiis:
476 5287 517 5344 ut
544 5273 738 5364 Ecclesias,
772 5279 819 5350 ita
857 5275 1015 5364 scholas,
1051 5301 1141 5372 quae
1190 5277 1335 5345 ctaculis
1362 5300 1441 5345 cum
1466 5274 1619 5367 quadam
1648 5274 1906 5363 approbatione
1931 5273 2073 5343 auditae
2103 5281 2187 5340 sunt

142 5371 984 5466 suntpraecipuaparsEcclesiae,conservabit.
1002 5397 1138 5453 ettamsr
1190 5373 1359 5448 historiae
1394 5374 1554 5446 Platonis
1587 5388 1622 5446 et
1654 5370 1874 5459 Aristotelis,
1912 5389 2045 5469 quanto
2074 5371 2189 5461 magis

142 5478 375 5569 negliguntur
387 5478 432 5547 ab
448 5477 510 5564 iis,
534 5480 597 5573 qui
611 5495 800 5573 praesunt,
822 5483 1040 5580 quiquidem
1057 5485 1139 5554 lon·
1188 5481 1356 5552 convenit
1368 5480 1487 5550 lavere
1499 5477 1744 5550 adserentibus
1756 5478 1816 5570 pia
1837 5474 1993 5569 exempla
2008 5475 2187 5566 gnberna-
