4664 6022
151 299 231 378 449
750 297 913 379 unct.
962 299 1039 380 ΒΕ
1071 295 1217 377 Vtra
1250 293 1599 379 AUGUSTlNl.
2128 315 2206 392 4⁶⁰

150 473 190 543 fu
209 467 397 543 Ciceronis
427 467 663 541 Hortensium
687 466 833 557 incidit,
866 494 947 542 cum
973 494 994 542 a
1026 487 1153 542 natura
1204 464 1338 538 stianae
1364 491 1439 537 non
1461 482 1578 561 posset
1598 467 1733 541 iudicio
1756 469 1884 563 eligere
1906 470 2099 566 Doctores,
2120 480 2203 556 fecit

148 576 307 667 impetus
328 577 372 644 ad
397 575 567 644 virtutem
590 586 625 644 et
646 574 773 657 decus,
806 575 969 645 ardentes
997 569 1154 659 haberet,
1204 574 1301 663 quod
1316 571 1406 640 solet
1421 571 1547 663 vulgus
1562 573 1693 644 facere:
1726 571 1774 646 Ut
1789 590 1939 663 statuas,
1966 578 2015 650 ita
2028 577 2203 657 Doctores

148 689 351 749 commotus
368 675 550 748 Ciceronis
568 676 720 769 scripto,
752 689 894 746 revocat
909 676 984 767 ipse
1000 699 1094 764 sese,
1118 689 1153 747 et
1202 673 1389 746 aestimant
1424 698 1466 743 ex
1499 676 1647 760 vestitu,
1690 679 1855 749 torvitate
1889 680 2039 769 frontis,
2079 687 2201 759 barba.

148 778 287 850 maiore
312 779 499 850 severitate
523 803 642 871 regere
666 802 782 850 mores
801 778 946 871 incipit,
971 780 1151 851 licentiam
1201 770 1290 845 Erat
1332 777 1427 846 enim
1456 770 1577 849 Africa
1618 781 1723 871 plena
1765 777 2087 870 Manichaeorum,
2137 790 2201 883 qni

148 881 311 975 priorem
335 876 518 964 cohercet,
552 904 658 977 seque
683 885 728 953 ad
751 882 1026 969 continentiam,
1051 883 1151 952 acad
1200 900 1365 968 maguam
1383 881 1476 951 vitae
1486 881 1680 972 puritatem
1694 881 1920 960 simulabant.
1962 885 2200 967 Abstinebant

149 983 294 1079 pietatis
307 985 465 1055 studium
482 985 651 1055 exuscitet
664 997 698 1056 et
716 985 908 1078 componit.
961 983 1075 1056 Prara
1093 984 1151 1053 in·
1200 1005 1219 1048 a
1249 981 1433 1068 carnibus,
1476 984 1728 1074 improbabant
1762 987 1947 1078 coniugia,
1981 992 2200 1066 damnabant

150 1087 273 1178 genia,
298 1087 504 1178 praesertim
520 1087 551 1156 si
561 1088 653 1158 absit
667 1101 804 1171 metus,
828 1088 1014 1158 nonfacile
1030 1082 1151 1156 ernen-
1199 1082 1348 1172 imperia
1374 1095 1409 1154 et
1431 1086 1520 1154 alios
1549 1110 1665 1155 mores
1680 1088 1861 1179 politicos,
1886 1104 1929 1163 ut
1942 1094 1987 1162 ab
2002 1095 2202 1167 ambitione

149 1192 284 1261 dantur
298 1189 410 1260 literis
425 1203 458 1261 et
475 1189 655 1260 doctrina:
696 1213 806 1283 quare
831 1215 912 1260 cnm
937 1186 1150 1261 illinsCiee-
1198 1184 1404 1275 longissime
1419 1188 1538 1256 abesse
1556 1188 1773 1263 viderentur.
1808 1190 2064 1268 Praedicabant
2079 1219 2117 1268 se
2132 1193 2198 1268 ha·

148 1291 294 1363 roniani
316 1291 438 1386 scripti
459 1292 613 1362 lectione
637 1292 793 1385 potuerit
817 1291 856 1361 in
876 1293 971 1362 viam
990 1291 1151 1362 revocari
1198 1287 1282 1357 bere
1304 1288 1455 1358 adflatus
1473 1289 1616 1360 divinos
1642 1306 1677 1363 et
1699 1287 1971 1368 enthusiasmos.
2009 1295 2200 1392 Haeprae-

147 1393 393 1484 Augustinus,
426 1395 510 1464 satis
534 1408 680 1487 apparet
702 1395 860 1464 indolem
882 1395 1013 1465 bonam
1032 1395 1149 1491 fuisse,
1197 1389 1319 1478 stigias
1343 1390 1477 1462 offusae
1504 1392 1617 1463 oculis
1640 1388 1848 1483 hominurn,
1880 1398 2028 1470 mirifice
2053 1403 2198 1495 capiunt

146 1519 211 1566 uec
233 1496 389 1567 defuisse
413 1498 444 1566 ei
470 1497 532 1566 illa
552 1497 724 1568 virtutum
750 1497 885 1567 semina
908 1512 1012 1592 atque
1035 1496 1150 1583 initia,
1197 1492 1352 1561 animos:
1389 1494 1601 1585 suscipimus
1624 1496 1720 1565 euim
1741 1519 1820 1581 eos,
1856 1500 1917 1592 qui
1935 1526 2016 1571 cum
2032 1501 2110 1574 Deo
2129 1529 2197 1597 pu·

146 1621 238 1695 quae
263 1610 369 1669 vocat
388 1594 597 1670 Aristotcles
615 1594 777 1695 φυσικὰς
791 1593 935 1695 ἀρετὰς.
987 1596 1065 1670 Etsi
1083 1624 1148 1669 an·
1196 1606 1319 1665 tantur
1343 1588 1474 1666 habere
1498 1599 1727 1685 commercia,
1752 1612 1794 1669 ut
1809 1595 2019 1694 Orpheum,
2043 1621 2104 1677 aut
2119 1605 2199 1679 Nu·

144 1714 217 1772 tem
244 1696 430 1771 Ciceronis
451 1698 665 1772 Hortensius
686 1726 760 1771 non
777 1716 889 1786 extat,
914 1717 1033 1775 tamen
1051 1702 1147 1796 quod
1195 1718 1290 1765 mam
1307 1692 1470 1769 homines
1486 1700 1652 1770 admirati
1667 1714 1770 1786 suut3
1812 1703 1967 1798 denique
1984 1709 2198 1781 naturaliter

143 1801 256 1875 fuerit
282 1817 530 1893 argumentum
548 1803 650 1890 libri,
683 1801 807 1875 Cicero
839 1804 970 1874 alicubi
993 1828 1148 1873 comme-
1196 1793 1360 1868 homiues
1374 1803 1419 1870 ad
1437 1801 1723 1892 superstitionem
1743 1808 1911 1895 propensi
1928 1824 2023 1884 sunt.
2074 1808 2197 1902 Signi-

143 1917 282 1976 suorat:
321 1901 489 1976 Defensio
521 1918 573 1977 est
595 1901 849 1998 Philosophiae
879 1909 1048 1977 adversus
1075 1928 1147 1989 eos,
1197 1902 1277 1972 licat
1300 1903 1406 1973 etiam
1436 1902 1657 1994 Augustinus
1685 1928 1722 1974 se
1745 1907 1983 1980 admiratione
2004 1935 2045 1981 ac
2077 1914 2197 1985 studio

142 2007 230 2102 qui,
259 2019 304 2077 ut
332 2031 428 2076 nunc
457 2022 541 2078 sunt
564 2008 696 2080 iudicia
719 2009 852 2095 aulica,
884 2010 1147 2079 contendebant
1196 2004 1479 2095 prodigiosarum
1503 2006 1784 2097 disputationum
1802 2008 1991 2082 invitatum
2014 2036 2105 2100 esse,
2131 2039 2197 2106 po-

141 2105 348 2199 uibilopus
366 2110 517 2179 esseilla
535 2111 657 2181 subtili
674 2110 886 2184 eruditione.
937 2107 1145 2182 HicCicero
1195 2106 1372 2176 tissimum
1395 2119 1436 2178 ut
1457 2101 1681 2178 Manichaeis
1705 2132 1741 2178 se
1757 2111 1978 2203 adiungeret.
2027 2114 2119 2186 Nam
2137 2141 2197 2189 ar-

142 2210 324 2297 ostes'tdit,
357 2235 448 2306 quae
476 2216 524 2283 sit
546 2237 630 2282 vera
650 2208 903 2305 Philosophia,
935 2237 975 2283 ac
999 2215 1043 2282 ad
1069 2236 1145 2282 eam
1196 2208 1315 2278 dentia
1342 2208 1482 2299 ingenia
1504 2210 1606 2282 facilc
1628 2211 1820 2303 capiuntur
1840 2215 1943 2285 novis
1964 2230 1999 2288 et
2021 2216 2194 2292 involutis

146 2312 335 2383 colendam
364 2315 459 2384 hona
488 2313 630 2405 ingenia
660 2310 841 2400 hortatur,
879 2316 1032 2386 declarat
1061 2338 1147 2409 quas
1196 2311 1509 2403 disputationibus.
1569 2311 1713 2382 Talium
1734 2314 1840 2405 plena
1865 2330 1941 2387 erat
1956 2331 2049 2390 secta
2070 2319 2195 2391 Mani-

142 2412 320 2486 utilitates
345 2417 389 2486 ad
414 2417 523 2486 vitam
548 2419 702 2503 adferat,
734 2417 773 2485 in
798 2413 864 2489 hac
888 2440 962 2488 esse
979 2419 1095 2507 legum
1113 2429 1148 2486 et
1197 2407 1322 2496 cbaea,
1353 2437 1443 2506 quae
1467 2427 1542 2486 erat
1556 2416 1729 2509 quaedam
1744 2417 1907 2488 confusio
1928 2443 1969 2489 ex
1984 2419 2113 2493 Stoicis
2128 2428 2193 2493 de·

143 2516 311 2587 omnium
326 2510 557 2590 honestonsm
573 2519 771 2589 officiorum
786 2520 921 2604 fontes,
946 2515 1012 2589 hac
1025 2518 1146 2588 vocari
1195 2514 1412 2599 lirameutis,
1437 2529 1469 2586 et
1487 2540 1529 2586 ex
1542 2519 1722 2588 veteribus
1737 2513 1942 2591 haeresibus
1960 2547 2000 2592 ac
2023 2526 2194 2615 supersti-

142 2618 342 2691 etinvitari
365 2615 528 2691 homines
550 2622 592 2691 ad
610 2622 827 2711 agnitionem
842 2621 930 2707 Dei,
957 2644 997 2691 ac
1011 2622 1146 2691 aeterni
1196 2616 1355 2687 tionibus
1370 2618 1534 2693 conflata.
1585 2614 1764 2691 AStoicis
1779 2624 1966 2695 sumebant
1983 2625 2073 2697 duos
2089 2627 2195 2714 Deos,

141 2733 283 2793 suetum
313 2724 493 2795 numinis:
528 2746 570 2794 ex
594 2717 662 2793 hac
685 2725 848 2795 doctriua
871 2723 1144 2817 descriptionem
1194 2716 1327 2788 Lucem
1357 2732 1393 2791 ct
1420 2717 1560 2815 Hylen:
1603 2721 1842 2795 defendebant
1871 2725 1983 2796 fatum
2019 2726 2196 2814 Stoicum,

142 2823 230 2895 auui
253 2836 386 2894 certam
409 2838 585 2919 sumptam
607 2846 699 2911 esse,
725 2850 795 2920 qua
813 2839 969 2912 remota,
994 2840 1145 2920 quantae
1195 2819 1346 2912 ineptias
1371 2824 1417 2893 de
1437 2823 1540 2894 astris
1561 2836 1685 2894 contra
1704 2838 1815 2896 artem
1840 2828 1885 2896 de
1900 2829 2058 2901 motibus
2078 2834 2194 2902 coele-

143 2938 264 2997 essem
286 2924 325 2994 in
343 2926 414 2997 vita
432 2928 621 2998 tenebrae?
671 2927 836 3022 Denique
853 2928 1038 3020 complecti
1057 2923 1145 2996 Phi·
1195 2923 1310 2993 stibus
1325 2924 1521 3011 docebant,
1546 2949 1692 3018 prorsus
1714 2928 1886 2999 tollebant
1908 2929 2107 3005 libertatem
2124 2929 2193 3004 hu·

141 3025 347 3120 losophiaru
363 3031 500 3109 {multas
522 3043 612 3100 artes
636 3031 730 3101 vitae
746 3031 864 3106 utiles.
915 3028 1019 3100 Hanc
1037 3029 1145 3100 fuisse
1195 3048 1321 3094 manae
1341 3027 1546 3102 voluntatis.
1607 3024 1760 3123 Reliqua
1792 3054 1833 3099 er
1864 3026 2069 3106 haeresibus
2093 3051 2195 3110 erant

139 3153 322 3202 mmmam
338 3129 436 3202 illius
451 3133 573 3224 scripti
583 3130 830 3217 Ciceroniani,
856 3145 890 3202 et
907 3156 949 3201 ex
964 3130 1043 3201 aliis
1056 3130 1145 3201 locis
1195 3127 1327 3201 addita.
1387 3125 1460 3198 Nec
1482 3131 1527 3199 de
1547 3124 1711 3216 Christo,
1742 3155 1809 3201 nec
1837 3134 1883 3202 de
1906 3134 2044 3227 Spiritu
2073 3154 2195 3211 sancto

139 3228 348 3317 Ciceronis,
374 3248 408 3305 et
431 3258 472 3304 ex
492 3234 677 3305 Lactantio
693 3248 860 3326 apparet,
886 3234 948 3327 qui
965 3234 1049 3302 inde
1064 3256 1145 3301 sen·
1195 3242 1289 3299 recte
1298 3230 1517 3316 sentiebant,
1539 3231 1704 3302 scelerate
1719 3233 1917 3324 fingebant,
1935 3251 2094 3309 autorem
2111 3264 2195 3311 suas

139 3334 275 3405 tentiaa
297 3338 467 3429 quasdam
485 3338 664 3429 excerpsit.
716 3335 855 3407 llarum
871 3335 1144 3407 iucundissima·
1195 3345 1307 3401 sectae
1332 3328 1605 3416 Mauicbaeum,
1637 3333 1744 3403 fuisse
1766 3333 1869 3403 illum
1893 3336 2010 3426 ipsum
2032 3338 2196 3411 Paracle-

143 3458 232 3504 rum
252 3435 530 3529 disputationum
544 3439 695 3510 lectione
713 3439 760 3510 ita
777 3452 894 3508 motus
911 3437 1053 3508 videtur
1066 3430 1146 3507 Au·
1195 3446 1289 3517 turn,
1316 3429 1600 3526 quemchristus
1624 3436 1803 3525 promisit:
1836 3435 2043 3512 iactitabant
2063 3464 2102 3512 se
2121 3444 2194 3514 suis

143 3534 330 3627 guatinus,
353 3554 396 3611 ut
417 3540 478 3633 qui
496 3555 623 3611 natura
638 3538 777 3610 Musica
798 3554 900 3622 sunt,
926 3538 1063 3611 etiamsi
1081 3538 1145 3606 ad·
1195 3534 1324 3604 ritibus
1348 3536 1518 3628 consequi
1541 3530 1813 3607 enthusiasmos.
1872 3536 1971 3610 llaec
1994 3545 2103 3632 pestis
2123 3546 2195 3615 late

143 3633 220 3709 huc
233 3640 339 3711 rudes
354 3658 438 3713 snnt
454 3644 556 3725 artis,
581 3657 615 3712 et
639 3643 736 3712 aliud
751 3656 880 3733 agunt,
906 3654 1026 3713 tamen
1047 3639 1144 3709 dnlci
1195 3649 1318 3725 vagata
1348 3650 1418 3720 est,
1465 3639 1669 3728 praesertim
1709 3639 1748 3708 in
1782 3637 1915 3713 Africa.
1985 3643 2102 3716 Tanta
2143 3660 2194 3720 ast

141 3752 253 3811 cantu
275 3743 489 3815 mirabiliter
510 3747 554 3814 ad
575 3743 731 3816 Musices
750 3768 906 3815 amorem
931 3767 970 3813 ac
985 3741 1144 3812 studium
1195 3739 1329 3809 diaboli
1352 3740 1528 3831 potentia,
1561 3753 1602 3812 ut
1625 3743 1793 3812 omnibus
1816 3745 1991 3816 aetatibus
2007 3741 2196 3819 horribili-

140 3843 413 3919 cxtimulantur.
464 3846 635 3918 Nondum
653 3860 769 3918 autem
786 3847 919 3937 legerat
934 3868 1049 3914 sacras
1065 3843 1146 3915 lite·
1195 3854 1249 3911 ter
1272 3841 1441 3912 dilaceret
1463 3836 1670 3913 Ecclesiam.
1727 3841 1819 3915 Cum
1844 3846 1954 3938 igitur
1971 3846 2194 3940 Augustinus

140 3966 221 4033 ns,
261 3968 346 4029 nec,
386 3966 425 4024 ut
456 3949 616 4032 videtur,
657 3949 846 4019 conciones
879 3948 1146 4037 magnifecerat,
1196 3966 1316 4013 errore
1338 3944 1480 4028 aetatis,
1506 3958 1675 4039 tanquam
1696 3947 1813 4017 ventis
1836 3947 1875 4017 iu
1899 3944 1964 4020 has
1984 3968 2094 4046 syrtes
2111 3952 2195 4023 Ma.

140 4068 210 4120 nes
234 4048 280 4118 de
297 4050 458 4122 doctrina
476 4052 535 4142 pia
549 4050 704 4122 multum
721 4052 962 4144 disputaverat
981 4072 1061 4118 curn
1077 4048 1146 4139 piis
1195 4040 1427 4115 nichaeorum
1462 4046 1602 4120 delatus
1642 4060 1749 4133 esset,
1801 4050 1994 4139 paulatim,
2045 4067 2087 4124 ut
2120 4072 2195 4128 erat

138 4160 179 4221 {t
210 4151 381 4239 eruditis,
414 4169 455 4224 ut
478 4153 635 4223 iudicare
668 4166 803 4245 posset,
838 4153 927 4246 quid
957 4150 1145 4243 praecipue
1196 4170 1319 4217 amans
1353 4147 1530 4229 veritatis,
1567 4149 1736 4220 attentius
1772 4151 1998 4224 considerare
2030 4156 2195 4246 dogmata

139 4251 643 4345 profitereturEvangelium,
663 4268 698 4324 et
714 4279 806 4348 quae
830 4268 918 4324 esset
934 4276 1021 4342 pura
1039 4252 1146 4321 etin·
1181 4250 1322 4341 coepit.
1382 4244 1627 4338 Deprehendit
1654 4250 1764 4341 igitnr
1794 4254 1985 4326 vanitatem
2013 4273 2125 4328 sectae
2153 4259 2194 4327 in

140 4369 313 4447 corrupta
334 4359 509 4432 doctrina.
566 4355 712 4428 Fatetur
733 4356 839 4427 etiarn
865 4356 933 4427 sibi
956 4355 1145 4427 lectionem
1196 4350 1353 4420 materiis
1375 4344 1653 4442 philosophicis,
1686 4366 1726 4424 ut
1749 4353 1825 4445 ipse
1849 4357 1985 4452 iuquit,
2010 4359 2094 4451 quia
2112 4358 2195 4428 Ma-

140 4474 325 4528 sacrarum
352 4460 537 4532 literarum
561 4460 745 4530 insuavem
768 4459 898 4544 fuisse,
924 4471 1069 4550 propter
1085 4478 1146 4545 ge-
1196 4448 1336 4522 nichsei
1360 4447 1687 4525 sineAritbmetica
1705 4457 1893 4529 tradebant
1916 4473 2033 4529 motus
2053 4473 2089 4529 et
2107 4483 2194 4528 con·

140 4580 214 4631 atus
246 4562 440 4650 sermonis,
479 4562 637 4634 alienum
670 4560 844 4635 aLstina
871 4559 1146 4642 consuetudinc;
1196 4574 1335 4646 gressrn
1360 4555 1529 4648 syderum
1559 4558 1826 4628 commenticios
1859 4573 1895 4631 et
1918 4561 2117 4646 fabulosos,
2153 4584 2194 4632 ac

140 4651 331 4735 habebant
360 4666 457 4735 enim
488 4663 670 4735 versiones
702 4666 897 4734 admodum
938 4660 1147 4733 ineruditas.
1196 4668 1394 4750 pugnantes
1422 4678 1505 4726 cum
1528 4679 1611 4726 vera
1635 4661 1909 4751 computatione.
1968 4660 2090 4751 Quare
2110 4686 2193 4732 cunr

139 4762 284 4836 Verum
300 4779 340 4839 ut
363 4763 453 4837 mihi
468 4768 629 4851 videtur,
654 4789 778 4837 omnes
792 4764 856 4859 qui
874 4787 894 4833 a
911 4763 1019 4834 saeris
1035 4761 1147 4832 literis
1197 4781 1311 4830 anuos
1329 4780 1462 4829 novem
1484 4756 1522 4826 in
1544 4780 1585 4828 ea
1604 4773 1697 4832 secta
1718 4775 1877 4832 versatus
1898 4775 2006 4848 esset,
2031 4775 2074 4834 'et
2093 4787 2194 4834 erer-

139 4862 365 4957 ahhorrent,
389 4870 489 4941 nulla
504 4870 601 4941 enim
616 4884 710 4941 setas
724 4891 799 4938 non
819 4862 927 4936 habet
942 4859 1147 4958 prophanus
1197 4862 1326 4933 suisset
1338 4852 1528 4945 Doctores,
1554 4884 1596 4931 sc
1607 4860 1820 4933 nominatim
1838 4860 2030 4950 Faustum,
2056 4888 2195 4937 errores

139 4966 332 5059 homines,
366 4972 601 5046 offenduntur
619 4995 695 5042 uon
716 4984 789 5043 tam
811 4990 941 5060 genere
962 4965 1149 5049 sennonis,
1196 4962 1375 5049 refutans,
1394 4984 1473 5059 nou
1492 4956 1555 5032 ille
1578 4962 1722 5058 quidem
1738 4979 1825 5036 tuuc
1846 4965 2019 5037 eluctatus
2033 4980 2104 5054 est,
2128 4971 2191 5038 sed

142 5098 259 5172 quam
280 5075 421 5147 inscitia
447 5098 581 5146 rerum.
640 5073 723 5145 Non
745 5073 870 5143 vident
884 5092 994 5162 genus
1015 5066 1150 5137 doctri·
1197 5080 1317 5138 umen
1331 5066 1485 5158 probare
1499 5077 1534 5135 et
1548 5087 1667 5136 amare
1687 5079 1817 5138 sectam
1832 5067 1947 5140 desiit.
2000 5065 2120 5140 Mater
2133 5070 2193 5139 in·

141 5202 218 5250 nae
240 5177 413 5250 dissimile
436 5201 510 5248 esse
538 5171 811 5269 Philosophiae,
843 5196 919 5245 non
944 5171 1150 5262 intelligunt
1198 5183 1293 5241 terea
1312 5166 1466 5239 assiduis
1487 5161 1678 5262 lachrymis
1700 5190 1721 5238 a
1737 5165 1814 5239 Deo
1831 5170 1972 5261 petebat
1987 5169 2054 5240 filii
2068 5190 2193 5241 mnen-

143 5280 434 5372 disputationum
458 5277 606 5350 consilia
630 5293 666 5349 et
690 5278 831 5349 seriem.
888 5272 988 5346 llaec
1007 5271 1149 5344 inscitia
1199 5269 1392 5342 dationem.
1450 5263 1502 5341 Et
1520 5269 1677 5342 ostendit
1701 5266 1799 5341 Deus
1819 5292 1858 5341 se
1880 5270 1960 5362 pios
1984 5271 2135 5362 gemitus
2156 5284 2193 5342 et

141 5381 269 5455 reddit
295 5382 478 5454 iusuavem
501 5379 708 5465 lectionem,
739 5393 782 5452 ut
803 5379 876 5450 dici
895 5379 1000 5450 solet:
1031 5373 1150 5466 lguoti
1198 5394 1283 5444 vers
1304 5382 1388 5443 vota
1411 5369 1592 5443 exaudire.
1646 5370 1832 5445 Divinitus
1850 5371 1947 5443 enim
1974 5372 2121 5458 accidit,
2149 5384 2194 5444 ut

144 5484 251 5557 nulla
268 5485 411 5577 cupido.
461 5480 555 5555 Cum
568 5483 679 5574 igitur
694 5472 1150 5576 tgmrusdoesrtnsecbst-
1199 5470 1424 5569 Assum·
1453 5494 1554 5651 etttpt⁰
1562 5469 1718 5548 Romam
1739 5473 1952 5561 traiecisset,
1991 5474 2198 5546 mitteretur

198 5592 382 5660 llsssrrs.
399 5589 504 5656 Oen.
530 5588 616 5655 Ver..
630 5586 697 5661 xl.
