4664 6022
149 306 219 383 ιιι
616 305 904 407 nncunu
933 304 1266 409 nrcutvaru
1304 304 1752 415 asvnosootan
1972 248 1975 253 ⁵
2121 314 2200 397 ssa

146 482 303 583 Cyrsili,
330 509 436 582 quem
450 509 531 558 cum
546 478 784 556 Athenienses
799 484 943 556 dantem
957 484 1047 555 utile
1059 507 1148 554 con·
1199 506 1317 553 veram
1337 481 1508 555 noticiam
1531 506 1621 566 esse,
1650 485 1712 555 sed
1729 485 1946 561 addiderunt
1962 490 2068 563 etiam
2083 518 2193 589 opor·

146 589 293 674 tilium,
333 590 395 659 sed
428 586 677 673 inhonestum,
716 585 895 678 lapidibus
925 587 1147 672 obruissent,
1199 598 1273 655 tere
1284 586 1410 657 utilem
1425 587 1470 656 ad
1487 587 1596 657 vitam
1613 607 1704 658 esset
1727 588 1776 660 ita
1791 611 1854 680 ego
1874 605 2054 687 utrunque
2066 598 2203 693 dispu-¹

145 692 318 764 mulieres
335 692 440 764 etiam
453 685 689 763 Athenienses
702 689 778 759 eius
798 712 944 760 uxorem
966 690 1147 783 lapidave·
1198 689 1293 773 tabo,
1312 701 1344 759 ιι
1356 712 1474 758 veram
1483 712 1557 759 esse
1566 691 1764 762 doctrinam
1776 693 1820 762 de
1834 694 2044 767 coelestibus
2058 699 2192 774 effecti-

145 808 251 867 runt:
278 806 416 866 ιιιιιιιιιι
437 816 512 863 esse
526 792 599 862 vim
621 785 814 862 honestatis
827 786 1064 861 Athenienses
1081 817 1145 860 vo·
1197 791 1264 860 bus
1279 806 1313 862 et
1337 814 1482 881 magnas
1494 794 1539 861 ad
1559 793 1669 863 vitam
1692 792 1861 864 utilitates
1880 796 2019 872 afferre.
2069 799 2190 898 Atque

143 896 314 982 luerunt,
342 909 382 967 ut
395 920 490 967 novo
506 895 666 986 exemplo
688 906 854 986 putarent
870 895 909 964 in
929 919 1009 963 cum
1026 894 1145 964 anim·
1197 888 1255 962 hic
1272 893 1452 986 principio
1466 917 1487 963 a
1503 894 1605 963 vobis
1619 910 1718 986 peto,
1745 899 1840 990 quod
1860 899 2110 991 aequissimum
2128 922 2190 995 est,

144 1000 338 1071 adversum
356 1020 449 1084 esse,
479 997 542 1092 qui
564 997 754 1068 utilitatem
778 996 1043 1067 anteferendam
1071 1019 1144 1066 esse
1195 1019 1241 1064 ne
1264 996 1452 1066 conferatis
1473 996 1512 1064 in
1528 1010 1639 1067 artem
1655 1010 1770 1068 errata
1788 999 1980 1088 artificum,
2005 1028 2074 1098 qua
2089 1008 2190 1081 dere

146 1102 342 1173 indicasset
356 1094 544 1173 honestati.
591 1096 695 1167 Talia
711 1113 918 1170 ornamenta
935 1090 1016 1190 apte
1028 1112 1144 1169 trans-
1196 1098 1337 1187 longius
1352 1093 1442 1167 mibi
1458 1098 1649 1168 dicendum
1667 1113 1773 1186 esset,
1807 1102 1878 1172 nisi
1900 1106 1996 1195 apud
2019 1110 2187 1183 eruditis-
2242 1106 2246 1117 '

147 1200 470 1297 istriinlnostram
495 1202 713 1286 orationem,
748 1224 822 1271 non
849 1201 959 1272 modo
984 1202 1144 1291 gratiam,
1195 1200 1302 1269 simos
1325 1194 1489 1270 homines
1516 1197 1706 1273 baberetur
1734 1204 1860 1277 oratio.
1919 1202 1990 1277 Sed
2011 1210 2110 1282 aliud
2134 1230 2187 1287 est

152 1306 340 1379 sedetiam
362 1304 587 1377 autoritatem
609 1304 813 1375 conciliant.
864 1303 981 1396 Supra
1000 1303 1076 1373 dixi
1099 1305 1142 1373 de
1194 1303 1347 1388 crimen,
1379 1305 1474 1395 quod
1498 1304 1603 1373 etiam
1627 1306 1722 1395 apud
1749 1308 1870 1378 doctos
1894 1304 2051 1383 detrahit
2079 1315 2185 1386 fidem

149 1408 266 1481 urbis
288 1421 324 1480 et
345 1406 531 1479 sententiis
552 1402 799 1496 excerpendis,
825 1400 910 1476 haec
924 1430 1011 1475 vero
1029 1406 1143 1475 maior
1194 1405 1280 1489 arti,
1306 1407 1400 1498 quod
1419 1406 1582 1475 videlicet
1605 1406 1642 1474 in
1661 1400 1725 1476 bac
1743 1407 1881 1480 infinita
1896 1434 2040 1483 casuum
2057 1409 2187 1489 buma-

147 1512 212 1585 ηἰι
229 1512 387 1597 utilitas,
414 1510 571 1599 integros
591 1508 687 1577 locos
704 1508 832 1578 ordine
847 1531 1078 1598 cognoscere,
1108 1523 1143 1578 et
1195 1531 1323 1575 norum
1346 1506 1533 1593 varietate,
1568 1532 1626 1577 ars
1649 1509 1722 1599 ipsa
1746 1533 1821 1580 non
1851 1514 2033 1604 praevidet
2054 1522 2185 1592 omnia.

145 1638 272 1687 eorum
284 1615 418 1683 formas
432 1624 565 1695 tenere,
583 1633 670 1703 quas
684 1611 741 1680 vel
757 1611 950 1696 imitemur,
965 1612 1021 1680 vel
1036 1635 1141 1681 usur·
1194 1608 1331 1698 Negant
1346 1609 1456 1699 igitur
1474 1604 1635 1680 homines
1649 1611 1745 1681 acuti
1768 1627 1897 1709 artem,
1923 1609 1990 1687 hoc
2007 1631 2078 1705 est,
2101 1624 2186 1692 uni-

144 1738 273 1811 pernus
288 1738 371 1786 cum
385 1736 476 1807 opus
492 1715 579 1794 erit,
606 1713 690 1806 quia
705 1737 785 1783 cum
803 1714 923 1782 omnia
941 1714 1085 1804 negocia
1103 1714 1140 1781 in
1195 1714 1363 1780 versalern
1382 1726 1416 1783 ιι
1431 1726 1635 1804 perpetuam
1649 1714 1848 1784 doctrinam
1866 1718 2012 1789 existere
2027 1745 2129 1812 posse
2143 1750 2185 1795 ex
2228 1776 2232 1783 -

143 1821 217 1891 vita
241 1819 449 1889 referuntur
468 1817 513 1887 ad
537 1815 625 1886 tales
648 1815 761 1900 locos,
786 1838 927 1884 necesse
948 1830 1001 1886 est
1022 1829 1062 1885 ut
1080 1840 1141 1885 co·
1195 1814 1466 1905 particularibus
1488 1839 1680 1906 paucorum
1707 1833 1898 1890 eventuum
1925 1822 2186 1897 observationi-

141 1922 245 2017 piose
261 1920 455 1991 instructos
470 1933 575 2012 atque
589 1931 729 2008 paratos
745 1913 947 2001 habeamus,
973 1942 1013 1986 ac
1027 1919 1139 1987 sicubi
1195 1918 1270 1997 bus,
1291 1918 1391 2008 qnasi
1407 1940 1491 1986 vero
1508 1931 1567 1987 aut
1577 1916 1758 1989 Medicina
1776 1923 1921 1991 morbos
1937 1939 2036 1995 curet
2050 1951 2185 2017 omnes,
2211 1942 2215 1947 '

140 2024 298 2095 deerunt
318 2018 385 2092 hae
406 2044 509 2113 opes,
541 2020 571 2090 is
596 2020 733 2089 nullam
756 2042 896 2087 cansam
918 2043 1035 2111 neque
1047 2033 1140 2090 recte
1193 2035 1253 2090 aut
1276 2018 1417 2108 politica
1432 2021 1604 2110 sapientia
1620 2045 1744 2090 omnes
1757 2019 1982 2117 Rerumpub,
1996 2040 2185 2123 tempesta.

140 2126 322 2211 iudicare,
345 2148 462 2218 neque
476 2123 568 2195 clare
584 2145 757 2214 exponere
775 2121 915 2213 poterit.
969 2120 1064 2196 Dixi.
1193 2138 1244 2192 tes
1261 2122 1479 2212 prospicere,
1503 2122 1639 2191 mederi
1658 2125 1827 2194 omnibus
1844 2126 2080 2200 incommodis
2102 2157 2185 2227 pos-

577 2262 581 2269 ·
1192 2223 1248 2294 sit.
1287 2219 1336 2292 Et
1355 2237 1471 2293 tamen
1493 2227 1757 2294 concedendum
1776 2240 1845 2308 est,
1871 2231 1983 2299 multa
1998 2234 2184 2335 utriusque

145 2334 1139 2357 ·--·--·“·““···“““”““···“““““““““·“
1193 2326 1277 2396 artis
1289 2341 1409 2396 veraet
1423 2327 1523 2395 firma
1537 2341 1718 2417 praecepta
1737 2351 1821 2409 esse,
1836 2341 1869 2398 et
1883 2332 1928 2400 ad
1938 2333 2048 2402 vitam
2065 2338 2181 2414 utilia.

154 2484 188 2559 N
247 2482 300 2559 35
1046 2484 1128 2547 1535
1194 2426 1246 2497 ita
1270 2442 1354 2499 sunt
1380 2424 1485 2498 buius
1502 2428 1724 2498 divinatricis
1740 2453 1842 2500 verae
1858 2436 2030 2525 quaedam
2049 2452 2083 2509 et
2100 2464 2184 2530 per-

154 2511 329 2613 sta:
960 2504 1138 2601 ἔην’
1170 2545 1316 2621 ¹petuae
1346 2531 1636 2618 significationes,
1672 2530 1855 2618 pauciores
1883 2534 2051 2623 sortasse,
2087 2536 2181 2612 nihil

1191 2633 1286 2702 enim
1302 2632 1506 2713 dissimulo,
1533 2656 1639 2726 quam
1656 2631 1900 2721 Medicorum,
1924 2661 2007 2707 nam
2025 2635 2111 2712 baec
2125 2668 2183 2716 ars

369 2684 608 2797 Dignum
627 2682 916 2798 αδίνοιθφαθ·
990 2802 997 2815 ,
1191 2747 1351 2804 versatur
1374 2735 1411 2802 in
1434 2735 1540 2804 rebus
1564 2735 1688 2825 procul
1712 2735 1835 2826 positis
1851 2761 1872 2807 a
1891 2753 2013 2811 nostro
2033 2766 2181 2838 conspe-

208 2869 295 2943 Apud
314 2864 390 2920 crat.
409 2862 480 2934 Myl.
505 2860 684 2983 ptttsqq,
715 2858 744 2911 in
762 2856 913 2912 Declamas.
935 2856 969 2913 T.
981 2857 1004 2913 ι.
1029 2877 1056 2930 p.
1070 2857 1139 2922 tto„
1190 2851 1266 2922 etu;
1299 2851 1333 2907 ct
1366 2860 1446 2906 cum
1473 2830 1661 2906 hominnm
1695 2849 1969 2928 temperamenta
1995 2868 2182 2941 moresque

243 2938 367 2993 &noo
383 2932 417 2991 T·
431 2932 453 2986 l·
471 2949 501 3002 1²·
512 2931 575 2986 ⁸²⁵·
593 2940 621 2985 ⁸²
664 2929 764 2983 ῑώιιδ·
783 2928 818 2980 Τ·
831 2927 854 2981 ¹·
873 2946 899 3000 t·
911 2926 972 2982 ⁴⁷⁸·
1190 2939 1360 3009 diiudicet
1382 2953 1416 3009 ιι
1435 2939 1647 3009 vaticinetur
1670 2940 1714 3008 de
1735 2941 1866 3011 futuris
1883 2944 2118 3019 maximarum
2142 2951 2181 3021 in

143 3102 276 3179 aaa
299 3096 349 3173 u
365 3094 559 3193 seraitae
578 3092 826 3187 amoenae,
853 3086 961 3162 uva
986 3094 1028 3162 ιι
1049 3112 1136 3183 ιιι·
1189 3043 2094 3232 ἒξἷιῖἑῖἶῗωρᾞὲὶέ’ἑῗιὲᾞζέἰοΐὶζῗῗιὶἓιῖἕῖἓῗι
2107 3076 2184 3226 ii?

141 3210 309 3283 *⁰¹5⁰ssss
331 3203 613 3373 Μαθῗᾞέᾜ
625 3218 674 3369 ὅ
684 3191 863 3368 11(ῗῖῗὲβρ
894 3191 1135 3282 Mimm'
1189 3245 1244 3313 ins
1259 3244 1345 3313 artis
1358 3244 1691 3329 demonstrationes,
1713 3269 1819 3338 ᾳιιιιιιι
1835 3261 2051 3320 caeterarum
2067 3254 2182 3326 levio-

1191 3343 1268 3416 rum
1285 3345 1437 3425 artium,
1461 3346 1547 3415 artis
1562 3340 1632 3415 hoc
1648 3348 1885 3435 magnitudini
1900 3351 2089 3424 tribuatur.
2131 3352 2181 3430 El

143 3446 296 3553 Optime
319 3455 525 3526 institutum
554 3464 623 3534 est,
657 3451 759 3518 utin
787 3442 843 3516 bis
866 3445 1072 3536 spectaculis
1094 3447 1137 3513 de
1189 3448 1333 3539 quidem
1356 3470 1397 3516 eo
1416 3447 1548 3515 maiore
1565 3471 1648 3516 cura
1666 3449 2020 3547 quantulumcunque
2042 3469 2094 3526 est
2110 3453 2179 3529 bn-

142 3560 317 3654 dignitate
349 3558 479 3627 artium
514 3569 549 3625 et
579 3556 622 3622 de
650 3552 820 3620 virtutum
853 3549 956 3617 laude
989 3546 1137 3631 dicatur,
1190 3551 1244 3625 ius
1274 3549 1379 3626 artis,
1416 3550 1513 3641 qnod
1540 3549 1658 3639 superi
1689 3565 1933 3623 monstrarunt
1960 3551 2179 3644 bominibus,

144 3666 241 3761 quod
257 3686 298 3734 ea
311 3659 426 3732 oratio
442 3683 522 3727 cum
539 3658 582 3725 ad
607 3655 792 3724 formanda
816 3651 946 3721 iudicia
971 3650 1135 3719 inventu·
1189 3650 1389 3721 conservari
1419 3652 1544 3741 debet,
1574 3676 1618 3720 eo
1647 3652 1781 3722 maiore
1811 3654 1929 3724 studio
1961 3656 2179 3736 intendenda

147 3766 207 3850 tis,
232 3779 310 3837 tum
334 3763 381 3833 ad
402 3762 646 3832 accendendos
668 3758 806 3826 animos
829 3755 873 3822 ad
895 3776 1051 3822 amorem
1073 3755 1136 3822 bo·
1189 3778 1293 3822 mens
1308 3767 1360 3824 est
1387 3754 1425 3820 in
1451 3747 1513 3823 has
1543 3753 1835 3841 significationes,
1867 3780 1959 3850 quae
1979 3778 2181 3855 compertae

151 3890 434 3949 rerumrerum,
470 3884 633 3952 magnam
656 3861 728 3927 vim
748 3853 866 3928 habet.
919 3852 996 3925 Etsi
1020 3870 1135 3923 atatem
1189 3871 1283 3938 sunt,
1308 3879 1390 3925 nam
1405 3849 1532 3925 barum
1548 3880 1692 3948 quoque
1706 3858 1857 3927 maxima
1874 3859 1928 3927 vis
1944 3875 2006 3942 est,
2030 3877 2064 3934 et
2081 3867 2176 3937 mul·
2274 3946 2278 3951 ,

156 3970 331 4063 praecipue
354 3968 444 4038 solet
464 3966 509 4034 ad
530 3963 723 4032 iuventutis
745 3959 935 4030 utilitatem
963 3953 1029 4026 boc
1058 3957 1135 4026 loco
1188 3959 1296 4051 tiplex
1314 3958 1351 4026 in
1367 3956 1437 4025 vita
1453 3958 1597 4026 utilitas.
1633 3956 1842 4028 Nonsolum
1857 3959 1981 4052 inepti,
1999 3966 2179 4038 sedetiam

159 4070 402 4141 accommodari
430 4066 564 4151 oratio,
597 4078 715 4134 tamen
746 4075 792 4130 ne
824 4060 969 4131 caeteris
990 4058 1134 4152 quidem
1189 4060 1344 4150 improbi
1356 4073 1457 4142 sunt,
1482 4059 1543 4153 qui
1560 4058 1657 4128 falsis
1672 4062 1961 4151 persuasionibus
1974 4088 2102 4140 ornare
2117 4085 2180 4143 aul

160 4172 254 4244 ollem
268 4196 430 4244 acroama
446 4182 500 4240 est
516 4166 720 4249 iucundius,
745 4188 851 4257 qnam
868 4163 996 4231 artium
1013 4175 1047 4230 et
1064 4162 1136 4229 vir·
1188 4162 1402 4250 amplificare
1419 4176 1509 4229 artes
1525 4176 1709 4230 conantur.
1741 4159 1815 4253 Ego
1832 4164 1984 4254 ingenue
1998 4170 2178 4258 profiteor,

162 4284 260 4345 tulum
275 4274 454 4359 encomia,
478 4293 567 4365 quas
581 4284 620 4337 ιιι
635 4269 786 4361 quisque
801 4264 986 4353 intelligit,
1010 4265 1058 4334 ita
1076 4288 1135 4330 ve·
1188 4289 1260 4332 ιιιιιι
1288 4263 1448 4331 οιιιιιίιιιιι
1472 4278 1663 4333 eventuum
1687 4263 1962 4352 significationes
1984 4291 2179 4362 compertas

123 4298 408 4449 ibeneutissime
429 4373 640 4445 admiratur.
692 4368 814 4457 Quare
835 4367 899 4438 etsi
928 4366 1042 4436 oratio
1068 4390 1131 4433 no·
1189 4390 1279 4448 esse,
1305 4368 1365 4433 sed
1386 4365 1478 4432 idern
1495 4365 1633 4434 affirmo
1650 4368 1778 4436 multas
1795 4390 1868 4438 esse
1884 4384 1996 4441 certas
2013 4375 2179 4445 minime-

162 4490 218 4548 sna
235 4481 350 4575 aptior
371 4479 491 4551 sutura
509 4488 582 4545 crat
604 4470 801 4555 iuventuti,
826 4483 945 4540 tamen
968 4492 1012 4537 ne
1035 4467 1134 4536 vobis
1188 4492 1255 4561 que
1276 4468 1418 4535 fallaces
1440 4466 1731 4556 significationes,
1758 4493 1844 4563 quas
1865 4472 1895 4540 si
1912 4472 1992 4565 quis
2015 4474 2179 4546 animad-

128 4602 131 4607 ·
163 4580 286 4671 quidem
305 4584 479 4673 ingratam
494 4577 570 4646 iore
586 4575 738 4655 confido,
765 4596 917 4666 quorum
935 4569 1135 4664 quomaior
1188 4570 1349 4646 verterit,
1385 4590 1553 4657 magnum
1576 4571 1619 4637 ad
1643 4572 1832 4657 regendam
1857 4586 2021 4642 naturam
2046 4589 2081 4645 et
2103 4576 2195 4667 ple·¹

163 4694 204 4751 ιιι
222 4686 372 4757 eruditio
392 4697 426 4754 et
449 4679 659 4774 prudentia,
690 4700 731 4745 eo
755 4675 865 4763 magis
888 4672 1053 4743 delectari
1073 4695 1135 4740 vos
1188 4695 1314 4763 rosque
1337 4671 1499 4740 fortunae
1520 4669 1672 4763 impetus
1688 4673 1957 4759 gubernandos,
1979 4677 2181 4751 adminicu.

161 4786 356 4875 spatione
369 4787 444 4878 ipsa
463 4783 593 4854 artium
612 4779 776 4850 arbitror.
815 4774 940 4845 Dicam
957 4775 1134 4843 antemdc
1188 4774 1260 4843 luni
1284 4768 1402 4844 habet.
1454 4774 1635 4843 Extenuat
1663 4766 1755 4843 hanc
1780 4787 1891 4842 artem
1922 4787 1957 4843 et
1980 4772 2179 4853 Favorinus

162 4904 194 4953 et
211 4906 303 4981 parte
321 4886 562 4976 Astrologiae,
589 4906 679 4976 quae
693 4882 738 4949 dc
763 4880 929 4973 syderum
952 4875 1134 4946 effectibus
1186 4878 1278 4963 apud
1294 4874 1473 4964 Gellium,
1501 4888 1535 4945 et
1559 4874 1646 4946 dicit
1661 4898 1770 4963 pauca
1790 4875 1962 4969 quaedam
1978 4880 2179 4967 praevideri

161 4979 329 5067 innatura
353 4988 522 5061 inferiore
536 4986 706 5076 disputat.
759 4979 869 5074 idque
887 4992 1133 5068 argumentum
1186 4973 1524 5071 παχυμερέστιρον,
1561 5001 1636 5045 ιιοιι
1662 4978 1777 5046 solum
1803 5000 1877 5045 non
1903 4999 2082 5069 repugno,
2115 4987 2178 5056 sed

162 5095 337 5191 resumpsi
359 5091 548 5174 libentius,
574 5086 656 5181 quia
684 5078 772 5152 mibi
788 5106 861 5152 non
882 5082 918 5151 in
939 5082 1041 5151 turba
1067 5080 1134 5147 im·
1186 5079 1291 5147 etiam
1307 5079 1469 5168 plausum
1484 5080 1544 5161 do,
1570 5081 1666 5173 quod
1680 5079 1730 5149 ait
1746 5073 2079 5176 nogvmpa'orepov,
2102 5109 2181 5156 am·

138 5196 359 5279 Ῥιῐίιοιιιιιι,
392 5196 452 5265 sed
475 5191 569 5282 apud
595 5183 756 5258 homines
780 5187 903 5254 doctos
919 5177 1134 5254 etPhiloso-
1188 5180 1345 5269 plissimo
1361 5180 1550 5271 praeconio
1567 5180 1706 5252 ornavit
1721 5196 1850 5260 artem,
1875 5180 2051 5275 siquidem
2068 5210 2180 5279 quae.

162 5284 248 5381 pilae
274 5300 434 5387 deditos,
463 5292 655 5366 dicendum
684 5312 757 5359 esse
784 5286 1034 5377 intelligebam.
1085 5281 1134 5354 Ut
1184 5285 1266 5351 dam
1282 5280 1319 5352 in
1338 5296 1463 5353 natura
1478 5295 1540 5353 aut
1561 5282 1720 5352 moribus
1736 5280 1922 5373 praecipua
1944 5286 2180 5360 animadverti

163 5410 259 5473 tutem
279 5400 409 5473 Graeci
434 5391 611 5471 Rhetores
633 5413 771 5462 summa
794 5388 984 5480 prudentia
1007 5386 1044 5454 in
1068 5386 1133 5453 de·
1187 5405 1288 5474 posse
1311 5384 1446 5476 inquit:
1472 5379 1522 5453 At
1537 5408 1579 5453 ex
1595 5378 1651 5454 bis
1674 5379 1837 5453 homines
1856 5406 1995 5474 sagaces
2021 5388 2177 5479 plurima

164 5488 304 5575 finitione
328 5503 414 5573 artis
428 5500 597 5571 dixerunt
619 5507 730 5566 artem
745 5515 821 5562 non
837 5491 953 5562 tolum
970 5500 1133 5580 oportere
1185 5498 1303 5577 postea
1327 5484 1541 5660 indicaui?
1551 5483 1689 5556 Videtis
1710 5484 1749 5555 in
1768 5486 1930 5558 moribus
1943 5510 2051 5581 quam
2063 5490 2177 5565 multa
