4664 6022
141 316 219 395 tot

142 483 267 564 Nubae
299 482 340 551 in
373 472 526 548 diluvio.
590 464 642 535 lta
676 460 802 532 servati
836 473 920 528 sunt
948 453 1141 541 Israelitae,

142 602 277 669 stantes
290 587 386 655 inter
400 577 580 650 undarum
595 579 734 637 montes
748 563 786 632 in
800 560 890 630 mari
908 560 1032 631 rubro.

246 689 346 763 llaec
376 677 529 753 illustria
561 668 719 761 exempla
751 664 930 759 proposita
966 674 1067 747 suut,
1102 673 1145 732 ut

142 819 247 887 saepe
266 790 336 864 boc
355 784 464 858 modo
486 774 683 851 Ecclesiam
704 771 782 841 siue
803 768 877 838 ulla
900 778 1142 835 creaturarum

142 927 212 998 ope
225 892 360 970 servari
374 886 537 957 sciamus.
587 874 636 950 Et
649 874 754 947 multi
772 868 984 963 inpropriis
1003 868 1144 961 pericu-

142 1007 190 1079 lis
210 1002 298 1074 tales
320 988 550 1064 liberationes
574 980 716 1051 divinas
735 973 904 1047 omnibus
924 971 1144 1063 temporibus

143 1103 392 1201 experiuntur,
417 1102 458 1162 ut
473 1085 592 1162 David
611 1082 747 1177 inquit:
774 1080 880 1149 Pater
898 1088 932 1145 et
951 1088 1064 1145 mater
1080 1076 1145 1143 dc-

141 1211 368 1303 reliquerunt
381 1218 457 1278 me,
482 1187 659 1263 Dominus
674 1199 791 1255 autem
808 1179 962 1272 suscepit
976 1202 1044 1251 me.
1096 1172 1144 1247 Et

141 1311 232 1388 alibi
262 1300 381 1400 inquit
409 1296 592 1368 Psalmus:
631 1287 814 1361 Liberavit
844 1305 1053 1375 pauperem,
1087 1278 1145 1349 eui

142 1441 219 1489 uon
235 1422 311 1482 erat
327 1405 483 1477 adiutor.

246 1511 298 1586 Ut
312 1520 431 1580 autem
448 1499 536 1572 baec
551 1508 648 1571 tanta
666 1495 761 1593 bona
778 1491 1020 1585 experiamur,
1045 1487 1145 1579 prius

140 1626 247 1695 fidem
269 1631 304 1687 et
328 1607 591 1683 invocationem
622 1600 661 1668 in
686 1596 792 1667 nobis
818 1593 964 1666 accendi
992 1602 1144 1685 oportet,

140 1728 233 1800 sient
247 1719 419 1810 seriptum
436 1723 503 1781 est:
531 1701 649 1777 Amen
665 1701 745 1771 dico
762 1699 877 1773 vobis.
920 1696 980 1768 Sic
999 1707 1034 1766 et
1046 1717 1146 1764 exer-

140 1830 253 1901 cenda
279 1824 385 1900 fides,
420 1828 460 1886 ut
483 1824 564 1882 ante
589 1804 839 1876 liberationem
864 1814 897 1871 et
923 1814 1018 1892 petat
1033 1810 1067 1867 et
1086 1820 1146 1866 ex.

140 1946 257 2027 pectet
282 1923 477 2002 auxilium,
507 1928 543 1986 et
569 1910 723 2006 quadam
749 1904 1008 2000 tranquillitate
1034 1900 1146 1971 animi

141 2034 344 2131 acquiescat
369 2019 527 2104 iubeo,
560 2038 627 2085 nec
651 2010 742 2082 tristi
764 2009 910 2079 fremitu
935 2002 1079 2078 haereat
1107 2003 1151 2073 in

141 2142 249 2212 corde
267 2144 436 2229 perpetua
450 2118 663 2197 diffidentia,
689 2139 729 2184 ac
746 2136 884 2204 semper
903 2111 942 2180 in
956 2120 1146 2200 conspectu

141 2245 189 2317 sit
204 2236 291 2312 baec
308 2228 526 2305 admonitio:
552 2222 626 2293 Pax
634 2215 701 2289 Dei
719 2240 891 2310 superans
906 2238 1048 2285 omnem
1064 2234 1147 2281 sen-

139 2326 233 2428 snm,
250 2337 428 2414 custodiat
442 2330 549 2403 corda
566 2339 696 2407 vestra,
710 2321 746 2390 id
764 2332 831 2390 est:
859 2319 919 2391 Sic
936 2314 1147 2434 acquiescite

140 2452 181 2523 in
196 2447 274 2522 Deo
290 2446 385 2515 iuter
407 2433 583 2531 pericula,
615 2441 657 2499 ut
673 2425 786 2495 animi
802 2422 1002 2493 confirmati
1018 2420 1146 2490 fiducia

140 2546 409 2627 misericordiae
425 2555 460 2612 et
475 2531 694 2631 praesentiae
707 2528 787 2614 Dei,
811 2525 949 2618 placide
965 2533 1148 2614 expectent

140 2657 317 2731 auxilium
335 2662 369 2720 et
386 2640 657 2721 liberationem,
683 2644 718 2702 et
741 2631 918 2705 retineant
941 2624 1148 2744 tranquilli-

140 2775 273 2840 tatem,
305 2776 397 2849 qnae
421 2745 567 2818 initium
596 2750 650 2809 est
674 2736 769 2805 vitae
794 2750 975 2816 aeternae,
1009 2744 1043 2799 et
1071 2750 1147 2795 sme

142 2888 213 2961 qna
230 2884 306 2933 non
328 2866 442 2949 potest
459 2846 535 2919 freri
551 2838 745 2912 invocatio.
768 2935 777 2953 .

247 2962 338 3033 Nam
367 2945 568 3025 diffidentia
594 2940 708 3011 adfert
732 2947 831 3006 triste
862 2944 897 3000 et
926 2924 1148 3000 horrendum

142 3070 268 3143 adium
286 3062 457 3131 adversus
474 3050 609 3124 Deum,
636 3041 732 3134 quod
751 3034 895 3107 initium
914 3047 966 3104 cst
983 3047 1148 3105 aeterno.

143 3196 225 3247 rum
242 3162 485 3239 cnscistuum,
522 3162 557 3220 et
574 3144 691 3217 rabies
708 3138 835 3209 similis
852 3136 1060 3209 diabolicae.

250 3266 326 3341 llos
342 3258 441 3359 qnasi
460 3255 591 3325 fluctus
608 3245 831 3322 arsimorum,
859 3254 892 3309 et
911 3234 974 3307 has
990 3252 1148 3308 conster-

145 3376 308 3453 ssatianes
324 3360 526 3463 prospicere
539 3374 601 3423 vos
614 3349 684 3466 iam
699 3356 906 3465 oportet,·et
922 3342 1149 3432 praemunire

144 3498 179 3555 at
204 3478 416 3551 confirmare
440 3472 579 3555 pectora
598 3461 811 3539 cogitatione
829 3447 1033 3514 divmarum
1061 3469 1149 3514 cou-

145 3580 384 3659 strlationum,
407 3580 442 3637 et
458 3560 599 3633 assidua
617 3550 854 3622 invocatione.
1121 3648 1130 3665 .

253 3678 417 3751 l’rasieeto
440 3662 527 3737 lsaec
548 3674 706 3748 tempora
733 3675 808 3720 non
829 3651 1030 3718 concedunt
1045 3650 1150 3720 nobis

147 3788 315 3861 usitatam
339 3769 565 3845 serenitatem
587 3771 624 3829 et
646 3754 906 3826 temulentiam:
941 3754 1001 3822 sed
1027 3768 1148 3844 postu·

149 3892 248 3971 tant,
276 3894 312 3951 stt
333 3874 426 3945 seris
445 3864 639 3959 gesnitibus
662 3858 834 3928 auxilium
855 3868 1033 3946 petamus,
1058 3855 1151 3924 sicut

147 3988 330 4067 lissmisnss
360 3973 496 4069 inquit:
534 3964 687 4054 Vigilate
720 3974 755 4032 et
779 3973 894 4044 orate,
927 3982 972 4026 ue
1006 3957 1151 4028 irruatis

150 4096 189 4167 in
211 4084 468 4161 renotationem,
494 4095 539 4141 ne
561 4067 665 4139 fracti
687 4062 950 4156 desperatione,
979 4061 1088 4131 ruatis
1111 4060 1150 4129 in

149 4212 334 4269 mersium
351 4178 511 4251 esitium.

252 4284 436 4377 §aristenis
459 4271 654 4347 necessaria
679 4282 751 4353 est,
777 4281 812 4339 et
835 4268 989 4360 pericula
1011 4268 1151 4337 animae

150 4416 188 4471 st
203 4387 378 4487 praesidia
397 4378 609 4469 intelligere.
662 4371 814 4442 Pereunt
834 4371 994 4455 animae,
1020 4386 1149 4444 etcum

152 4500 328 4593 lipisnrea
345 4483 532 4561 securitate
549 4480 638 4549 iram
651 4470 718 4547 Dei
736 4488 988 4560 contemnunt,
1014 4489 1049 4546 et
1070 4499 1149 4544 cum

150 4596 351 4677 titttaomta
366 4592 498 4661 fractae
510 4580 766 4675 opprimuntur
779 4579 970 4652 moesticia.
1003 4574 1050 4648 Et
1065 4573 1151 4647 haec

151 4706 283 4779 scelera
308 4691 493 4767 curssulant
517 4708 658 4781 paenas.
714 4678 848 4752 Contra
872 4705 956 4750 vero
983 4681 1053 4772 pii,
1089 4681 1148 4774 qui

151 4808 223 4881 ue
244 4816 281 4873 et
304 4792 531 4869 invocatione
555 4788 696 4859 animos
717 4785 877 4877 irrigarat,
912 4799 946 4854 et
969 4786 1012 4852 ad
1034 4785 1149 4855 Deum

152 4908 344 4989 wdosst,
369 4896 525 4971 retissent
549 4890 650 4962 initia
676 4889 767 4960 sitae
789 4902 970 4969 aeternae,
997 4903 1030 4959 et
1054 4886 1149 4957 miti-

151 5011 330 5106 gestionem
348 5000 571 5097 publicarum
587 4992 827 5063 calamitatum
847 4992 1049 5083 impetrant.

255 5108 311 5183 'l'e
327 5107 435 5199 igitur
451 5101 502 5173 fili
516 5096 596 5184 Dei,
623 5094 778 5167 Doctrina
796 5093 872 5165 lesu
887 5089 1043 5180 Christe,
1070 5119 1151 5164 crn-

875 278 1036 357 DECL.
1069 277 1145 354 DE
1179 279 1448 358 LEGIBUS.

1194 471 1230 529 et
1243 483 1324 542 oro,
1348 472 1390 530 ut
1403 459 1576 527 immensa
1591 456 1834 531 misericordia
1847 468 1909 532 tna
1925 458 2034 531 nobis
2047 473 2186 554 peccate

1194 561 1366 634 remittas.
1400 558 1488 633 Tibi
1503 574 1586 630 nota
1603 575 1687 633 suut
1701 561 2000 635 mmmmm
2035 561 2098 635 Tu
2112 563 2185 647 seis.

1194 688 1260 735 nos
1282 664 1322 734 iu
1344 659 1411 735 bac
1431 676 1529 735 tauta
1555 664 1760 737 infirmitate
1780 665 1913 736 molem
1936 688 2186 739 aerumnarum

1194 783 1395 839 nostrarum
1417 767 1593 838 sustinere
1614 791 1687 837 non
1705 790 1818 860 posse.
1868 766 1927 839 Tu
1954 768 2069 860 igitur
2089 768 2188 841 nobis

1195 895 1298 962 opem
1321 871 1413 941 feras
1436 869 1475 939 iu
1504 870 1654 964 privatis
1675 885 1710 942 et
1735 870 1890 963 publicis
1918 870 2186 945 calamitatibus

1196 973 1254 1043 'l‘n
1277 973 1325 1044 sis
1351 973 1455 1044 nobis
1479 973 1749 1059 unrbraculum,
1780 988 1815 1045 et
1840 974 1878 1044 in
1903 969 1962 1045 his
1984 972 2186 1067 ngiouibus

1195 1074 1371 1252 geclesias
1401 1090 1436 1147 et
1469 1100 1590 1146 earum
1623 1070 1775 1168 hospitia
1807 1091 1970 1169 protegas
2001 1094 2040 1151 et
2066 1100 2184 1154 serves.

1231 1205 1290 1251 ur.

1196 1558 1264 1633 No.
1285 1558 1368 1632 116.

1204 1656 1376 1685 Μ
2015 1660 2169 1690 Μ

1551 1748 1628 1839 De
1650 1750 1844 1866 legsltssa.

1267 1923 1299 1978 lu
1313 1922 1405 1982 select.
1418 1922 1540 1980 Deelsm.
1552 1923 1586 1979 Τ.
1600 1924 1645 1982 lv,
1661 1944 1689 1996 p.
1701 1925 1808 2000 bisqq.
1847 1923 1969 1984 Severi.
1987 1923 2022 1984 Τ.
2034 1924 2084 1983 lv.
2120 1927 2182 1996 At,

1299 1996 1327 2049 in
1340 1993 1371 2047 T.
1384 1991 1434 2050 ΙΙΙ.
1448 1993 1562 2051 Erford.
1575 1995 1615 2050 lit.
1630 1995 1694 2065 list.
1706 2004 1735 2052 et
1745 1965 1824 2069 spcsf
1833 1995 1962 2054 metus
1973 1995 2009 2052 Τ.
2016 1997 2052 2054 ΙΙ.
2064 1941 2152 2071 peti.

1199 2160 1329 2231 Oratio
1354 2154 1402 2228 de
1422 2154 1585 2254 lapibus,
1609 2162 1776 2232 recitmo
1798 2179 1824 2230 ο
1848 2159 1899 2231 tt.
1922 2160 2061 2233 boor.
2084 2162 2179 2234 bis·

1200 2261 1426 2348 domans,
1449 2266 1479 2334 Ι.
1507 2253 1550 2333 C.
1575 2265 1663 2346 (cum
1688 2267 1896 2331 merome
1920 2268 2033 2352 gradus
2052 2264 2178 2336 nossa

1261 2369 1301 2434 D.
1317 2370 1463 2434 Michaeli
1477 2367 1638 2450 Denbero,
1664 2368 1863 2456 Witebergse
1877 2393 1959 2434 surse
1974 2368 2140 2457 ML.)

1198 2503 1324 2592 Multa
1346 2530 1430 2587 sunt
1454 2513 1655 2586 testimonia
1671 2517 1717 2587 de
1730 2512 1808 2587 Deo
1822 2509 1908 2588 huic
1921 2515 1990 2588 toti
2010 2514 2177 2592 machinae

1200 2619 1359 2704 coelesti,
1384 2632 1418 2688 et
1441 2618 1611 2688 omnibus
1634 2618 1763 2691 mundi
1785 2619 1996 2712 corporibus
2014 2620 2174 2717 impressa,

1199 2747 1291 2818 quac
1311 2733 1486 2791 testantur
1511 2717 1607 2791 bunc
1629 2723 1805 2794 muudum
1828 2745 1903 2793 non
1923 2746 2010 2794 casu
2037 2725 2174 2811 extitisse,

1199 2827 1259 2894 sed
1283 2846 1303 2891 a
1332 2835 1450 2890 mente
1478 2817 1757 2897 architectatrice
1786 2825 1876 2896 mira
1904 2838 1982 2896 arte
2012 2830 2166 2899 eonditum

1200 2948 1274 2997 esse
1301 2940 1335 2996 et
1361 2925 1575 3000 conservari.
1628 2925 1700 2998 Sed
1719 2927 1964 3001 testimonium
1981 2931 2082 3002 valde
2099 2931 2164 3001 illu·

1200 3044 1270 3102 stre
1287 3041 1355 3110 est,
1382 3029 1479 3122 quod
1500 3042 1641 3100 aeterua
1661 3054 1763 3101 mens
1783 3032 2005 3106 transfundit
2027 3033 2066 3104 in
2081 3029 2174 3106 bonis-

1200 3157 1263 3203 nes
1279 3155 1362 3203 suae
1379 3131 1467 3201 lucis
1482 3145 1516 3202 et
1531 3133 1725 3224 sapientiae
1740 3135 1877 3221 radios,
1901 3135 1967 3231 qui
1984 3138 2114 3211 docent
2127 3161 2179 3211 nos

1201 3251 1235 3309 et
1247 3259 1320 3306 esse
1335 3233 1466 3320 Deum,
1492 3259 1626 3307 numen
1641 3236 1856 3328 intelligens,
1880 3262 2055 3313 numeros
2070 3256 2105 3315 et
2116 3266 2181 3335 gra·

1201 3344 1268 3410 dus
1283 3363 1401 3408 rerum
1418 3338 1608 3425 ordinans,
1634 3340 1808 3428 liberum,
1834 3343 1996 3413 sanciens
2016 3346 2181 3419 actionum

1201 3442 1426 3525 discrimina,
1459 3441 1664 3513 discernens
1684 3444 1779 3515 bona
1804 3444 1963 3532 amalis,
1987 3448 2184 3533 beneficum,

1202 3544 1365 3638 aequale,
1392 3566 1516 3627 verax,
1541 3534 1704 3616 saniiens
1718 3547 1880 3618 ordinem
1895 3549 2089 3639 castitatis,
2112 3547 2185 3626 hor·

1202 3647 1357 3719 tibiliter
1373 3647 1526 3734 irascens
1544 3648 1712 3721 omnibus
1733 3649 2006 3723 confusionibus
2027 3657 2086 3726 sui
2100 3657 2185 3729 ordi·

1202 3753 1269 3822 nis.
1323 3748 1476 3821 Moneut
1497 3763 1532 3820 et
1555 3751 1610 3820 illi
1633 3751 1702 3843 ipsi
1724 3753 1818 3823 radii
1838 3753 1981 3826 divinae
2003 3758 2187 3852 sapientiae

1201 3856 1241 3924 in
1261 3853 1366 3923 nobis
1389 3855 1469 3924 ideo
1493 3847 1585 3923 hauc
1609 3854 1725 3926 lucem
1747 3855 1786 3926 in
1802 3879 1868 3928 nos
1882 3858 2102 3933 transfusam
2116 3889 2188 3950 esre,

1202 3972 1242 4029 ut
1266 3956 1486 4027 conditorem
1511 3979 1763 4047 agnoscamus,
1787 3972 1824 4032 et
1841 3959 1970 4052 grstia
1992 3963 2025 4032 ei
2042 3988 2190 4059 agamus,

1203 4061 1267 4154 qui
1288 4059 1394 4130 uobis
1414 4061 1508 4130 bona
1539 4060 1578 4128 in
1602 4061 1681 4153 ipso
1703 4083 1843 4133 summa
1867 4062 2045 4156 impertit,
2079 4071 2191 4156 vitam,

1202 4163 1492 4254 intelligentiam,
1522 4162 1739 4250 libertatem,
1772 4165 1937 4238 noticiam
1965 4192 2190 4263 numerorum

1203 4281 1238 4339 et
1252 4266 1409 4352 ordinis,
1431 4265 1637 4337 discrimina
1653 4268 1828 4339 bonarum
1845 4283 1879 4340 et
1893 4271 2073 4345 malarum
2089 4276 2192 4350 aetio

1203 4396 1304 4443 uum.
1356 4367 1496 4442 Deinde
1522 4370 1662 4443 addidit
1690 4370 1796 4441 etiam
1824 4371 2000 4445 societatis
2029 4370 2192 4453 honorae

1202 4474 1366 4559 vincula,
1391 4486 1425 4543 et
1443 4475 1553 4543 multa
1575 4474 1668 4545 vitae
1691 4473 1877 4566 praesidia.
1928 4471 1996 4549 Est
2018 4494 2139 4555 sutem
2161 4498 2192 4556 et

1202 4579 1250 4648 ob
1265 4572 1358 4646 bane
1378 4598 1519 4645 causam
1542 4572 1628 4646 haec
1643 4576 1704 4647 lux
1726 4576 1764 4646 in
1782 4578 1889 4647 nobis
1905 4601 2073 4672 accensa,
2100 4601 2137 4659 ut
2151 4587 2192 4658 sit

1202 4704 1329 4750 norma
1352 4678 1462 4760 vitae,
1488 4693 1522 4751 et
1542 4693 1742 4769 congruant
1763 4679 2017 4755 nostrimores
2039 4711 2122 4758 com
2141 4712 2192 4760 sa-

1203 4783 1336 4878 pientia
1358 4796 1392 4853 et
1415 4782 1599 4852 voluntate
1614 4780 1693 4857 Dei.
1728 4779 1782 4853 Ac
1799 4795 1840 4853 ut
1852 4781 2005 4855 sciamus
2019 4791 2115 4862 serio
2131 4787 2192 4864 boc

1202 4911 1284 4958 eum
1307 4886 1417 4963 velle,
1452 4884 1607 4954 declarat
1634 4884 1725 4954 iram
1751 4885 1919 4954 adversus
1943 4895 2192 4969 conturbantes

1204 4986 1300 5060 hunc
1325 4989 1490 5060 ordinem
1515 4983 1750 5059 horribilibus
1776 4987 1911 5080 poenis.
1963 4989 2192 5072 Manifestum

1204 5107 1255 5165 est
1270 5094 1384 5178 enim,
1409 5092 1566 5183 pollutos
1582 5089 1760 5162 atrocibus
1775 5091 1968 5163 sceleribus
1980 5120 2108 5171 omues
2121 5115 2193 5174 tsn-

152 5220 254 5291 aifixe
277 5237 341 5306 pro
365 5206 471 5277 nobis
496 5218 531 5275 et
551 5200 774 5282 resuscitate,
799 5197 860 5291 qui
883 5212 952 5268 stas
970 5199 1151 5269 inarcano
1203 5199 1285 5267 dem
1300 5196 1480 5267 atrocibus
1496 5193 1664 5287 exemplis
1681 5215 1812 5286 poenas
1826 5193 1934 5269 luere.
1969 5194 2193 5277 Ethicordo

152 5319 304 5394 consilia
327 5306 546 5393 divinitatis,
578 5318 613 5375 et
638 5327 702 5397 pro
727 5302 832 5373 nobis
860 5299 1087 5394 interpellas,
1117 5314 1152 5371 et
1204 5315 1244 5372 ut
1260 5312 1440 5380 servetur,
1465 5297 1614 5389 imperia
1638 5294 1799 5368 instituta
1816 5310 1917 5389 sunt,
1941 5307 2192 5392 quaevnlteo.

152 5422 292 5499 sirint:
319 5414 450 5486 Venite
465 5408 509 5481 st
526 5428 731 5493 mentones,
750 5405 813 5499 qni
832 5404 1000 5474 laboratis
1015 5421 1049 5477 et
1064 5430 1151 5475 one·
1204 5427 1291 5475 nare
1303 5427 1403 5474 suam
1418 5401 1627 5494 sapientiam
1642 5402 1680 5470 iu
1693 5421 1820 5490 genere
1836 5395 2008 5489 humano,
2020 5419 2058 5478 et
2074 5412 2192 5499 punire

152 5523 333 5610 rstiestis,
354 5533 391 5593 et
404 5538 470 5609 ega
488 5512 643 5587 reiciam
657 5532 735 5599 ros,
761 5509 890 5581 invoco
907 5522 984 5582 toto
1001 5523 1153 5603 pectore,
1205 5522 1440 5580 contumaces.
1491 5505 1598 5577 Hanc
1621 5526 1740 5575 curam
1764 5502 1829 5574 etsi
1853 5505 2000 5579 mandat
2016 5504 2115 5583 Deus
2133 5536 2192 5605 gu-
