4664 6022
139 302 216 381 ass
802 312 966 391 unco.
1015 312 1091 391 oo
1132 311 1512 392 sarraceno,
2113 300 2195 402 sss

141 501 217 564 sus,
251 502 358 573 qnam
385 476 494 552 hodie
520 495 648 553 vocant
679 478 871 573 Algebram
899 479 1041 553 arabico
1068 504 1136 552 no-
1190 496 1261 554 tem
1282 504 1405 553 versus
1433 480 1576 552 mutari.
1624 480 1765 554 Deinde
1789 481 2015 559 Ptolemaeus
2044 487 2192 583 inventa

141 583 249 656 mine.
300 580 420 655 Huius
441 585 606 681 equidem
629 585 714 656 artis
736 579 997 677 pulcherrimae
1026 585 1138 655 multa
1190 585 1389 679 priscorum
1406 607 1606 670 resumens,
1631 598 1666 657 et
1681 586 2030 664 considerationibus
2043 593 2120 669 tuis
2134 616 2193 667 ac-

140 685 337 776 iragmenta
353 687 483 779 passim
499 686 618 758 Latini
641 702 879 771 contrectant,
907 688 1139 781 paucissimos
1191 690 1438 775 commodans,
1463 701 1601 758 motum
1626 684 1833 760 huiusmodi
1857 690 1895 761 iu
1920 708 2067 767 centum
2088 698 2192 769 annis

143 803 260 859 autern
287 792 423 881 egregie
445 786 579 861 Doctus
608 792 752 862 offendo
780 807 901 861 nostra
933 804 1139 883 tempestate
1191 814 1390 883 perunum
1420 792 1569 882 gradum
1590 792 1861 882 pronunciavit,
1886 800 2191 890 quemadmodum

142 905 222 982 post
257 889 426 962 loannem
459 895 503 961 de
529 888 759 981 Blanchinis,
799 894 916 965 virum
949 897 1137 986 optimum.

142 992 306 1066 Habetur
321 997 465 1066 demum
480 997 575 1088 apud
589 1011 729 1068 nostros
746 998 1045 1092 quadripartitum
1070 1019 1139 1066 nu-

142 1120 335 1183 merorum,
359 1122 449 1189 opus
464 1097 604 1190 insigne
621 1100 826 1181 admodum,
838 1102 937 1169 'item
954 1095 1140 1190 Algorith-

142 1224 222 1271 mus
244 1200 524 1286 demonstratus,
551 1216 585 1274 et
607 1203 841 1275 Arithmetica
859 1201 999 1284 Boiitii,
1025 1203 1140 1273 intro-

142 1301 263 1373 ductio
292 1326 333 1374 ex
356 1300 495 1374 Graeco
518 1300 736 1378 Nicomacho
765 1319 915 1400 sumpta.
974 1303 1140 1375 Barlaam

142 1418 321 1497 postremo
357 1403 516 1478 Graecus
556 1411 832 1504 computativarn
868 1433 967 1480 suam
1008 1410 1046 1477 in
1080 1432 1141 1478 sex

140 1509 245 1584 libris
268 1504 549 1582 Theorematum
586 1512 661 1605 lege
691 1512 946 1604 conscriptam,
976 1511 1139 1591 nondum

143 1620 187 1688 ad
221 1614 370 1687 Latinos
400 1616 595 1686 transmisit
626 1611 910 1688 Mathematicus.
968 1614 1141 1686 Stetimus

143 1717 215 1791 hue
228 1742 341 1813 usque
362 1718 454 1788 circa
469 1718 674 1812 disciplinas
696 1719 898 1811 primarias,
932 1741 1023 1812 quae
1040 1719 1141 1786 vi'de-

142 1825 225 1895 licet
240 1822 439 1892 absolutam
454 1822 740 1916 contemplantur
754 1822 999 1918 quantitatem.
1036 1818 1142 1890 Nunc

143 1928 188 2021 ad
212 1924 439 1996 secundariae
464 1928 655 2009 descendo,
681 1951 770 2022 quae
792 1926 884 1995 circa
907 1922 1141 2020 quantitatem

144 2041 324 2102 contracto
342 2029 496 2121 quodam
513 2031 620 2099 modo
638 2042 842 2115 versantur,
870 2050 993 2097 stravcs
1011 2027 1142 2095 mirum

143 2135 183 2204 in
209 2133 356 2202 modum
383 2145 418 2202 et
440 2132 528 2203 scitu
551 2132 836 2204 iucundissimae.
899 2130 1141 2221 Quemadmo-

144 2238 231 2308 dum
253 2232 348 2304 enim
373 2234 592 2307 diversarum
615 2260 733 2307 rerum
757 2234 972 2325 simplicium
998 2255 1142 2324 compa-

144 2340 226 2433 gine
250 2349 347 2429 grata
372 2340 543 2431 quaedam
571 2340 689 2431 surgit¹
705 2337 907 2428 temperies:
942 2336 989 2406 ita
1012 2358 1141 2405 unam-

144 2464 311 2537 quanque
326 2434 454 2511 harum
471 2443 668 2533 promiscua
683 2440 884 2531 obiectisui
904 2438 1141 2509 consideratio

146 2542 342 2616 intellectui
368 2543 701 2616 desideratissimam
735 2544 859 2629 efficit,
893 2543 1015 2637 quales
1041 2554 1140 2612 sunt:

145 2644 396 2733 Astronomia,
430 2672 520 2741 quae
549 2646 832 2738 magnitudinem
864 2646 1034 2715 mobilem
1061 2668 1142 2735 per-

144 2763 288 2838 tractat3
322 2748 480 2836 Musica,
506 2774 597 2845 quae
619 2773 788 2821 numeros
813 2772 962 2819 sonoros
983 2762 1142 2818 contem-

144 2856 281 2949 platur3
316 2852 560 2945 Perspectiva,
594 2852 688 2947 quae
711 2854 841 2922 lineam
864 2850 1031 2921 radialem
1055 2874 1142 2918 con-

1192 895 1230 962 iu
1255 893 1403 986 septima
1418 894 1575 964 dictione
1594 918 1644 967 ca.
1661 899 1698 969 8.
1721 896 1857 966 intueri
1878 899 1972 976 licet.
2024 900 2194 977 Succedit

1192 990 1612 1076 TheouAlexandrinus,
1636 1011 1895 1072 commentator
1908 1000 2108 1077 Ptolemaei
2121 1007 2193 1078 cta-¹

1192 1098 1373 1184 rissimus,
1414 1100 1514 1170 cuius
1544 1092 1663 1169 adhuc
1687 1101 1815 1194 scripta
1847 1108 2086 1179 uerno-docte
2110 1108 2189 1181 satis

1193 1201 1390 1272 traduxisse
1412 1202 1581 1273 creditur.
1632 1200 1770 1273 Multos
1791 1206 1947 1303 denique
1975 1204 2088 1281 huius
2109 1210 2189 1285 artis

1193 1326 1335 1395 graecos
1352 1302 1573 1375 Professores
1592 1304 1736 1376 silentio
1758 1314 2189 1401 praetereundusceuses,

1193 1431 1240 1477 ne
1255 1407 1398 1478 fastidio
1417 1408 1633 1477 afficiamini.
1667 1404 1802 1480 Arabes
1818 1426 2000 1502 praeterea
2016 1430 2188 1513 quantum

1193 1511 1232 1579 in
1253 1505 1322 1581 hoc
1342 1532 1471 1600 genere
1488 1511 1618 1580 artium
1640 1512 1837 1600 valuerint,
1872 1530 1976 1589 testes
1997 1520 2188 1597 ostendunt

1194 1613 1393 1704 dignissimi
1408 1610 1657 1705 Albategnius,
1683 1638 1790 1708 quem
1813 1619 1965 1692 latinum
1988 1622 2078 1694 fecit
2091 1621 2188 1697 Plato

1194 1719 1339 1812 quidam
1368 1716 1595 1807 Tiburtinus.
1658 1714 1749 1788 item
1774 1716 1898 1792 Gebar
1924 1721 2188 1818 Hispalensitr

1195 1818 1357 1891 Gerardo
1391 1822 1547 1913 quodam
1577 1817 1812 1892 Cremonensi
1847 1827 2057 1914 traductus,
2089 1840 2189 1925 quent
2218 1878 2220 1901 .

1194 1923 1364 1993 Albertus
1381 1921 1535 2014 Magnus
1551 1923 1590 1991 in
1606 1924 1749 2016 speculo
1763 1929 2004 2000 astronomiae
2016 1938 2187 2005 comedo-
2217 1974 2220 2007 ÷

1195 2050 1268 2094 rem
1281 2024 1474 2097 Ptolemaei
1490 2051 1615 2096 vocare
1631 2051 1705 2096 uon
1721 2027 1900 2111 formidat,
1918 2034 2020 2125 quud
2035 2034 2083 2104 ln·
2093 2054 2184 2129 pm-

1193 2128 1327 2199 fatione
1354 2152 1416 2198 sua
1438 2131 1605 2198 tredecim
1628 2129 1821 2201 Ptolemaei
1843 2140 2186 2227 erroresemendsra
2218 2188 2220 2231 ;

1194 2232 1423 2323 polliceatur:
1461 2231 1563 2301 cuius
1605 2234 1774 2327 volumen
1811 2258 1939 2329 uorem
1977 2248 2183 2313 tractatuum

1194 2358 1300 2429 quam
1325 2331 1514 2426 pulchrum
1539 2348 1645 2428 atque
1668 2337 1757 2407 utile
1779 2338 1922 2420 existat,
1947 2341 2104 2415 dicendi
2121 2364 2181 2415 um

1195 2451 1247 2509 est
1264 2460 1360 2507 nunc
1375 2438 1482 2507 locus.
1518 2438 1714 2529 Attragano
1730 2438 1896 2534 deinceps
1910 2446 2054 2516 nudam
2070 2444 2176 2521 Asu
2217 2426 2220 2453 ¹

1194 2540 1337 2609 nomiae
1368 2540 1536 2611 scribenti
1569 2535 1755 2611 historiam
1784 2542 1947 2634 ingentes
1982 2542 2180 2621 habebimus

1194 2644 1341 2734 gratiae,
1366 2645 1396 2713 si
1411 2644 1610 2714 doctrinam
1628 2645 1704 2715 eius
1726 2647 1952 2721 senserimus.
2008 2649 2180 2723 ludoids·

1194 2770 1292 2815 mum
1317 2760 1424 2839 atque
1445 2744 1569 2815 Persas
1594 2743 1678 2817 huic
1700 2748 1825 2817 divino
1847 2752 1970 2823 studio
1997 2753 2179 2846 plurimam

1195 2849 1399 2919 incubuisse
1421 2860 1577 2933 constat,
1604 2871 1685 2918 nam
1708 2848 1762 2919 illi
1785 2851 1930 2945 quidem
1950 2854 2180 2943 vetustissimi,

144 2950 282 3030 fiectat.
334 2950 520 3025 Accedunt
542 2952 689 3049 insuper
720 2955 809 3024 aliae
834 2955 954 3024 minus
984 2952 1142 3038 usitatae,
1195 2952 1471 3022 declinationem
1486 2950 1581 3022 Solis
1595 2952 1784 3023 maximam
1798 2952 1851 3027 24
1872 2958 2060 3047 graduum
2075 2962 2178 3057 depes

143 3074 186 3131 ut
198 3071 252 3129 est
272 3057 418 3145 scientia
438 3058 482 3127 de
508 3058 744 3147 ponderibus,
770 3058 813 3126 de
833 3079 945 3151 aquae
966 3054 1142 3141 ductibus,
1194 3051 1414 3140 henderunt,
1456 3055 1514 3125 isti
1535 3078 1620 3123 vero
1644 3056 1783 3125 tabulas
1807 3082 1888 3129 suas
1910 3064 2075 3153 posteris
2095 3060 2171 3137 ΜΒ

146 3163 190 3233 de
212 3159 447 3252 proportione
469 3160 695 3230 velocitatum
715 3162 753 3229 in
776 3162 952 3243 motibus,
980 3172 1141 3231 etcaete-
1194 3158 1428 3251 reliquerunt.
1481 3155 1539 3227 Aa
1558 3157 1705 3228 Latinos
1720 3173 1901 3250 postremo
1927 3158 2174 3259 senisenni

145 3289 219 3336 rae.
272 3262 372 3334 luter
392 3287 515 3332 omues
539 3278 654 3334 autem
671 3259 775 3335 hasce
792 3264 998 3361 disciplinas
1014 3258 1141 3333 Astro-
1195 3284 1342 3330 munera
1368 3256 1475 3330 huius
1497 3261 1707 3351 disciplinae
1728 3263 1942 3335 creberrima
1974 3291 1996 3338 a
2030 3266 2178 3363 praelatis

146 3366 269 3438 nomia
293 3368 407 3436 instar
422 3364 635 3457 Margaritae
655 3391 730 3437 non
755 3364 863 3436 modo
887 3390 1026 3436 sorores
1047 3388 1141 3459 suas,
1193 3364 1401 3434 nationibus
1432 3386 1626 3454 suscepere.
1677 3362 1769 3434 Nam
1791 3378 1833 3438 ut
1856 3368 1992 3441 multus
2021 3372 2179 3449 onutuu,

145 3470 301 3564 reliquas
328 3468 474 3563 inquam
505 3469 668 3539 scientias
699 3470 853 3550 medius,
885 3495 1006 3540 verum
1034 3468 1140 3537 etiarn
1193 3464 1387 3537 Patavinus
1411 3478 1524 3536 vester
1541 3468 1666 3536 Petrus
1689 3471 1734 3537 de
1755 3464 1884 3540 albano
1905 3494 2178 3547 commemorau-

144 3572 307 3644 omnium
346 3571 616 3663 disciplinarum
659 3587 788 3644 matres
824 3568 1065 3644 Geometriam
1107 3584 1142 3642 et
1194 3570 1345 3655 dusest,
1370 3570 1470 3639 cuins
1489 3569 1672 3659 ingenium
1688 3568 1807 3640 Gallia
1829 3567 2179 3651 vehementeradmi·

145 3670 417 3747 Arithmeticarn
441 3674 546 3765 louge
567 3676 766 3757 antecellit,
792 3676 892 3746 cuius
915 3689 1033 3745 ortum
1057 3698 1141 3766 prae
1194 3689 1269 3745 rata
1285 3687 1348 3758 est,
1372 3697 1414 3743 eo
1430 3671 1525 3741 enim
1542 3673 1715 3744 concessit
1730 3669 1987 3768 Philosophiae
2006 3680 2178 3753 discendae

145 3788 317 3847 vetustate
343 3777 455 3845 nimia
485 3774 580 3847 haud
612 3779 696 3848 satis
727 3778 984 3871 comperimus,
1022 3779 1069 3848 ita
1100 3787 1142 3847 ut
1193 3776 1317 3868 gratia.
1356 3774 1543 3846 Praetereo
1559 3798 1708 3845 acumen
1724 3777 1800 3847 eius
1815 3777 1853 3847 in
1869 3780 2076 3871 medicina,
2100 3780 2178 3881 quud

145 3892 323 3949 aeternam
342 3893 403 3951 aut
415 3874 553 3950 mundo
570 3894 767 3951 concretam
792 3906 864 3950 nou
890 3882 1012 3975 inique
1035 3894 1139 3972 puta·
1192 3880 1295 3949 iacile
1329 3902 1372 3948 ex
1408 3878 1636 3948 conciliatore
1669 3901 1734 3949 suo
1772 3881 1993 3971 dinoscitur,
2036 3885 2179 3979 lingunt

144 3980 250 4050 veris.
292 3975 476 4052 Abraham
492 3983 587 4053 enim
601 3981 847 4054 Hebraeorum
864 3996 998 4076 patrem
1016 3983 1141 4053 Astro-
1195 3980 1368 4052 Graecam
1382 3984 1483 4050 docte
1499 3981 1625 4065 tenuit,
1645 3983 1824 4073 egregium
1837 3984 2102 4076 disputatorem
2114 4006 2177 4061 eun

145 4084 304 4155 numiam
320 4085 475 4156 tenuisse
489 4088 654 4176 clamant,
679 4101 783 4181 atque
799 4085 939 4158 Mosen.
992 4083 1141 4156 Prome·
1192 4085 1320 4170 fuisse,
1343 4083 1539 4154 Lucidator
1553 4080 1806 4155 Astronurniae
1819 4087 1920 4159 testis
1937 4103 2012 4176 est,
2038 4090 2179 4185 singut-

144 4182 228 4260 theo
243 4184 335 4277 iguis
351 4185 466 4256 divini
481 4189 615 4260 furtum
632 4190 827 4282 imputant,
854 4192 948 4281 quod
964 4182 1141 4260 Astrono-
1193 4212 1269 4258 rem
1291 4190 1336 4257 de
1355 4199 1456 4257 motu
1483 4198 1627 4257 octavae
1650 4181 1799 4279 spherae
1830 4188 2129 4281 imaginationem
2148 4190 2178 4261 iu

144 4289 238 4359 miae
252 4289 375 4358 lumen
390 4291 600 4363 mortalibus
615 4291 814 4365 tradiderit.
865 4288 1056 4362 Herculem
1074 4316 1140 4384 pro
1193 4290 1317 4362 libello
1341 4292 1495 4384 quodam
1520 4314 1585 4360 suo
1608 4290 1786 4381 expressit.
1838 4289 1939 4381 Quid
1963 4296 2094 4369 multis
2115 4318 2179 4369 mu·

145 4387 292 4464 Atlante
320 4391 457 4462 coelum
486 4388 646 4465 humeris
674 4395 746 4464 suis
779 4394 986 4464 sustinuisse
1020 4394 1141 4466 aiunt:
1193 4393 1280 4464 ror?
1321 4393 1499 4463 recentior
1531 4392 1666 4463 occurit
1699 4406 1927 4465 astronomus
1959 4394 2118 4471 loannes
2144 4396 2179 4469 da

145 4494 219 4567 sive
235 4495 332 4591 quod
347 4496 414 4566 sub
425 4491 568 4566 Atlante
578 4490 845 4568 Astronomiam
863 4496 1045 4585 didicerit,
1066 4498 1142 4569 sive
1192 4493 1353 4582 Doudis,
1382 4494 1470 4566 civis
1487 4512 1601 4566 vester
1624 4495 1857 4567 clarissimus:
1885 4499 1949 4592 qui
1965 4508 2178 4595 quantumst

145 4598 242 4691 quod
260 4598 297 4667 iu
321 4621 430 4688 regno
446 4598 522 4670 eius
539 4601 694 4671 absentis
710 4600 904 4692 praelectus
930 4600 1140 4696 aliquandiu
1194 4624 1299 4695 quam
1324 4622 1407 4668 vere
1432 4597 1597 4667 divinum
1625 4592 1695 4668 hoc
1718 4601 1876 4670 studium
1905 4600 2063 4677 coluerit
2089 4616 2180 4699 atqu

144 4700 253 4770 inerit
275 4696 523 4793 Hipparchus,
549 4717 667 4774 tamen
685 4697 874 4793 Rhodius,
907 4699 1014 4773 huius
1034 4704 1141 4774 disci·
1194 4715 1404 4773 consecutus
1426 4701 1490 4784 sit,
1517 4700 1691 4796 reliquiae
1714 4725 1797 4771 suae
1818 4701 2045 4778 immortales
2067 4708 2188 4779 ducat·

145 4801 264 4892 pliuae
279 4803 415 4894 primus
428 4828 572 4898 pareus:
599 4802 771 4877 Claudius
786 4820 902 4877 autem
918 4806 1142 4876 Ptolemaeus
1194 4818 1375 4898 poterunt.
1426 4802 1600 4899 Nunquid
1617 4828 1690 4873 non
1713 4819 1911 4877 memoratu
1926 4804 2179 4899 dignumarhi·

145 4904 408 4978 Alexandrinus
431 4923 555 4993 autor,
586 4922 693 5002 atque
720 4908 884 5000 princeps
910 4934 982 4979 non
1009 4908 1140 4979 iniuria
1194 4904 1344 4979 traheris
1366 4907 1555 4977 astrarium
1578 4907 1671 4988 eius,
1710 4910 1805 4998 quod
1832 4930 1911 4977 arce
1931 4912 2099 5004 papiensi
2121 4912 2179 4984 dm

145 5006 420 5098 praedicabitur.
470 5008 561 5081 Nam
585 5027 667 5083 ante
682 5006 928 5102 Hipparchum
951 5013 1053 5105 pauci
1077 5015 1140 5081 ad·
1164 5008 1168 5123 Ι
1195 5010 1392 5082 Mediolani
1415 5009 1616 5102 depositum
1643 5003 1751 5079 hodie
1773 5022 1885 5093 tenet,
1918 5010 2024 5086 cuius
2045 5008 2179 5088 videndi

145 5108 293 5177 modum
309 5125 482 5181 astrorum
496 5127 614 5184 motus
628 5115 789 5207 expedite
800 5116 1027 5205 contemplati
1040 5129 1140 5185 sunt:
1163 5130 1167 5195 Ι
1193 5114 1303 5205 gratia
1321 5112 1476 5184 Praelati
1489 5137 1530 5182 ac
1543 5110 1727 5203 Principes
1740 5112 1921 5182 innumeri
1937 5116 1985 5187 ad
2005 5142 2089 5189 eum
2105 5138 2179 5190 euu-

145 5234 253 5280 nemo
269 5224 385 5281 autern
405 5236 549 5302 prorsus
562 5218 679 5287 stellas
695 5220 782 5288 fixas
796 5217 866 5287 alio
884 5244 990 5312 quam
1006 5217 1141 5287 diurno
1193 5239 1324 5287 cessere
1345 5215 1464 5287 locum
1489 5215 1590 5310 quasi
1610 5215 1824 5284 miraculum
1846 5217 2033 5310 quoddam
2057 5230 2179 5315 specla-

144 5326 248 5383 motu
267 5312 484 5385 circumferri
516 5333 718 5410 putaverat,
747 5320 805 5389 cui
835 5320 887 5390 rei
911 5316 1139 5413 Hipparchus
1193 5319 1290 5390 turi?
1315 5319 1508 5414 etquidem
1531 5342 1606 5387 non
1623 5317 1773 5403 iniuria,
1798 5330 1894 5388 tanta
1919 5343 2052 5416 nempe
2069 5336 2177 5397 ettam

145 5415 268 5486 oculos
282 5415 409 5487 adiecit
427 5420 639 5504 crebriores,
663 5422 907 5516 conclusitque
929 5437 1140 5493 memoratas
1192 5422 1230 5490 in
1247 5421 1375 5492 usitata
1391 5416 1636 5492 huiuscemodi
1646 5421 1764 5513 operis
1778 5414 2013 5511 pulchritudo
2025 5438 2179 5521 aratque

144 5517 263 5589 stellas
284 5533 385 5593 motu
399 5524 552 5616 quodam
569 5526 715 5618 proprio
737 5548 778 5595 ac
799 5525 1001 5598 tardissimo
1017 5528 1141 5596 orien·
1191 5525 1347 5612 utilitas,
1371 5538 1413 5596 ut
1433 5547 1539 5595 nemo
1554 5547 1629 5594 non
1645 5523 1756 5616 possit
1771 5521 1955 5599 admirari.
2005 5524 2177 5603 Eoeemu
