4664 6022
146 306 225 389 811
727 303 887 384 DECIs
920 303 997 384 DE
1030 297 1307 385 uuuouto
1340 300 1654 381 FRANClAE.
2132 312 2211 385 390

146 500 237 553 meu
251 476 387 551 Franci
405 477 511 551 etiam
529 480 633 566 victl,
660 480 783 572 iugum
802 489 988 578 nunquam
1012 504 1154 577 accepe-
1206 477 1314 548 laude
1332 478 1509 561 contenti,
1532 492 1565 552 et
1581 481 1626 551 de
1638 478 1777 571 generis
1789 480 1927 573 origine
1941 482 2122 577 disputare
2136 486 2205 557 ali·

146 595 258 668 sunt,
295 606 483 678 utinquam
517 608 614 654 arms
642 585 869 666 abiecerunt,
908 600 1028 658 tantus
1054 610 1155 656 amor
1206 583 1351 675 quando
1367 581 1580 655 desinamus.

147 683 289 780 patriae
319 684 407 771 suit,
442 699 578 758 tantum
609 687 789 759 servitutis
811 689 947 763 odium.
1008 688 1152 778 Quanta
1307 679 1490 775 Occupata
1514 682 1633 757 Gallia
1668 686 1794 755 foedus
1825 710 1906 756 cum
1934 685 2111 761 Romanis
2136 691 2204 764 sub

148 789 263 880 igitur
276 787 393 858 virtus
414 787 453 857 in
476 790 673 861 maioribus
688 790 820 861 nostris
843 792 970 874 luerit,
997 791 1082 861 inde
1101 793 1154 861 la·
1206 782 1404 857 lustiniaoo
1429 790 1607 873 fecerunt,
1640 811 1749 883 quare
1768 812 1842 858 non
1865 790 1971 860 modo
1998 792 2084 861 belli
2114 794 2203 877 iure,

147 892 219 962 cile
232 889 413 961 aestimari
426 904 553 981 potest,
578 896 674 987 quod
693 907 733 963 ut
747 892 904 965 Romani
922 896 1056 963 bellum
1071 918 1152 964 cum
1202 892 1263 957 sed
1288 890 1393 959 etiam
1417 914 1458 960 ex
1481 893 1623 960 foedere
1641 889 1797 961 Galliam
1820 905 1954 963 tenent.
2005 889 2054 966 Et
2071 896 2202 967 virtute

147 988 494 1083 Carthaginensibus
511 997 556 1064 de
571 996 721 1086 imperio
739 997 834 1066 varia
847 997 1011 1081 fortuna,
1038 1020 1151 1065 annos
1202 1014 1243 1059 ac
1256 992 1325 1060 fide
1345 993 1586 1084 perfecerunt,
1611 1017 1656 1062 ne
1672 991 1855 1065 Romanos
1873 995 2068 1086 poeniteret
2089 999 2203 1069 socie-

148 1095 295 1168 circiter
324 1096 579 1189 quadraginta,
614 1100 673 1167 sed
706 1104 769 1190 pe'r
799 1099 1006 1184 intervalla,
1035 1121 1150 1190 gesse·
1204 1095 1287 1164 tatis
1309 1092 1512 1167 Francicae.
1563 1093 1654 1165 Nam
1681 1094 1794 1165 Attila
1814 1094 2035 1168 Francorum
2060 1101 2222 1172 auxiliis'

147 1212 258 1285 runt,
283 1198 332 1268 ita
359 1195 488 1268 Franci
511 1197 714 1286 Romanos,
746 1202 811 1272 toti
835 1202 906 1271 iam
931 1203 1011 1271 orbi
1037 1214 1150 1271 terra.
1203 1196 1339 1284 ingenti
1368 1197 1505 1289 praelio
1533 1199 1665 1283 victus,
1700 1211 1734 1268 ct
1759 1222 1801 1267 ex
1825 1197 2049 1271 Narbonensi
2079 1201 2201 1275 Gallia

146 1324 232 1373 rum
248 1299 488 1393 dominantes,
505 1302 613 1372 armis
629 1317 863 1375 exercuerunt
877 1305 982 1375 annis
997 1306 1149 1395 amplius
1201 1299 1366 1389 expulsus
1384 1312 1456 1384 est,
1483 1325 1590 1393 quam
1608 1296 1726 1401 adhuc
1739 1300 1987 1391 imperatorius
2002 1307 2200 1397 praefectus

147 1416 310 1488 centum,
331 1401 417 1472 inde
428 1428 542 1497 usque
557 1406 602 1473 ab
617 1401 814 1476 Aureliano
828 1409 873 1476 ad
889 1402 1149 1487 Theodosium,
1200 1397 1328 1471 Ae'tius
1346 1403 1496 1473 tenebat.
1541 1403 1735 1474 Testantur
1751 1403 1860 1493 igitur
1875 1399 2055 1490 historiae,
2082 1407 2199 1478 Fran·

146 1509 265 1577 donec
297 1529 372 1575 non
405 1509 513 1576 modo
548 1508 746 1578 libertatem
782 1525 1054 1602 recuperarunt,
1087 1511 1148 1578 sed
1200 1527 1259 1572 cos
1282 1518 1368 1574 tunc
1390 1503 1505 1574 socios
1527 1502 1686 1578 Romani
1717 1506 1878 1597 imperii,
1912 1533 1987 1579 non
2009 1512 2198 1603 vectigales

147 1608 257 1679 etiam
271 1607 375 1699 potiti
388 1605 528 1694 Galliis,
554 1608 697 1701 Belgica
712 1624 747 1682 et
762 1610 905 1697 Celtica,
929 1626 1007 1704 post
1027 1607 1147 1682 Theo·
1201 1607 1310 1674 factos
1332 1629 1415 1677 esse.

147 1709 294 1781 dosium
310 1732 459 1799 regnare
475 1711 527 1780 ibi
540 1728 744 1803 coeperunt.
789 1713 863 1785 Nec
879 1715 997 1784 minus
1010 1715 1147 1805 negocii
1304 1705 1452 1781 Accedit
1472 1710 1517 1778 ad
1541 1721 1700 1779 veterum
1720 1709 1941 1782 Francorum
1968 1715 2091 1783 laudes
2113 1710 2199 1786 haec

147 1812 216 1884 luit
232 1812 327 1883 tueri
351 1814 605 1902 possessionem
624 1812 845 1902 Galliarum,
870 1841 949 1887 crim
973 1817 1147 1887 ferocissi-
1200 1834 1360 1903 q¹¹0q¹¹02
1386 1818 1483 1904 q¹¹⁰d
1506 1835 1586 1880 ⁶⁰¹⁰
1608 1812 1792 1885 audissent
1808 1817 2006 1886 doctrinam
2022 1813 2198 1888 Christia-

146 1939 227 1985 mae
243 1915 407 1986 nationes
421 1939 478 1985 eas
494 1932 710 2008 appeterent,
729 1919 929 2009 Burgundi,
945 1916 1148 2005 Alemanni,
1201 1937 1281 1982 uam
1302 1914 1346 1983 de
1367 1938 1452 1982 vero
1475 1914 1573 1984 cultu
1595 1912 1684 1999 Dei,
1710 1930 1744 1985 et
1768 1919 1944 1989 admoniti
1969 1933 2199 2010 agnoscerent

145 2014 298 2102 Hunni,
323 2042 429 2110 quam
453 2032 555 2088 antea
575 2021 707 2104 tuerat,
732 2022 868 2113 eripere
888 2045 946 2091 eas
960 2020 1146 2096 Romania,
1199 2016 1402 2087 barbaricos
1415 2019 1506 2087 ritus
1521 2031 1554 2086 et
1571 2011 1847 2122 stdotaaavtop
1869 2022 2009 2112 plenam
2025 2045 2099 2092 esse
2120 2036 2198 2093 tur·

147 2118 273 2210 Quare
289 2118 360 2189 uisi
375 2120 597 2207 fortitudine,
623 2122 769 2192 scientia
788 2125 840 2193 rei
856 2125 1031 2210 militaris,
1057 2126 1147 2195 tole-
1200 2117 1372 2209 pitudinis
1388 2132 1422 2188 et
1436 2120 1589 2204 sceleris,
1615 2123 1743 2211 cupide
1759 2124 1911 2213 atriplesi
1926 2140 2009 2195 sunt
2019 2119 2197 2197 Christia-

148 2222 267 2293 rantis
287 2222 470 2307 laborum,
503 2224 657 2318 denique
679 2224 784 2295 etiam
817 2226 955 2297 iusticia
981 2240 1016 2296 et
1038 2228 1144 2297 disci.
1200 2245 1280 2290 nam
1298 2222 1523 2312 religionem,
1548 2247 1697 2316 eamque
1712 2247 1836 2314 magna
1853 2225 1982 2316 pietate
1997 2228 2198 2303 coluerunt.

151 2324 533 2417 plinaexcelluissent,
559 2342 655 2397 tanta
678 2330 871 2399 certamina
894 2343 945 2400 tot
968 2353 1145 2399 annorum
1200 2322 1273 2393 Nec
1308 2324 1386 2392 sine
1414 2325 1625 2396 coelestibus
1657 2326 1768 2416 signis
1799 2328 1843 2394 ad
1880 2327 2045 2419 pietatem
2079 2331 2195 2401 vocati

146 2425 325 2498 sustinere
341 2451 414 2497 non
433 2429 641 2519 potuissent.

250 2527 430 2601 Recensui
447 2531 653 2622 opinionem
670 2533 946 2602 deFrancorum
960 2548 1055 2619 ortu,
1081 2558 1146 2603 au-

144 2631 270 2725 spiciis
282 2632 384 2721 regni
400 2630 580 2719 Francici,
605 2659 695 2728 quae
711 2636 859 2705 maxime
876 2636 1048 2726 probatur
1063 2660 1146 2706 eru-

143 2734 245 2807 ditis.
298 2730 390 2805 Cum
412 2749 531 2806 autem
555 2761 630 2806 non
654 2741 762 2808 modo
784 2736 968 2827 Belgicum
995 2740 1144 2810 invasio·

142 2852 246 2924 sent,
280 2838 471 2907 sedetiam
502 2863 521 2907 a
547 2837 734 2928 Moguntia
756 2843 948 2933 progressi,
979 2865 1147 2934 occupas-

141 2955 227 3012 sent
252 2938 388 3010 vicinas
415 2938 542 3009 Moeni
566 2943 680 3034 ripas,
717 2944 851 3013 suites
878 2944 976 3033 regio
1002 2945 1145 3036 propria

141 3042 370 3117 Francorum
393 3045 493 3112 sedes
521 3045 560 3112 in
583 3045 766 3136 superiore
790 3042 1004 3124 Germania,
1039 3070 1145 3140 quam

139 3148 318 3218 adversus
339 3142 581 3232 Alamannos,
619 3147 681 3240 qui
707 3146 875 3219 Sueviam
907 3163 940 3218 et
962 3146 1146 3218 Helvetios

140 3249 337 3333 tenebant,
361 3270 435 3316 non
452 3248 529 3317 sine
545 3250 726 3318 acerrimis
740 3250 883 3342 praeliis
897 3252 1145 3321 defenderunt.

144 3351 275 3443 ltaque
288 3348 349 3419 illa
363 3347 582 3420 Francorum
599 3376 661 3420 arx
679 3352 839 3445 opposita
849 3349 1071 3432 Alemannis,
1088 3377 1145 3422 re-

149 3451 264 3522 tinuit
277 3448 449 3523 franciae
465 3478 608 3526 nomen.
647 3452 744 3523 llaec
759 3469 809 3525 est
824 3477 944 3538 carisa,
966 3480 1030 3523 cur
1047 3456 1142 3541 regio

146 3555 196 3625 ad
220 3550 391 3625 Moenum
415 3552 565 3624 Francia
591 3559 785 3628 etiamnum
807 3559 1016 3648 aclpelletur.
1074 3558 1143 3629 sed

143 3655 354 3728 Aventinus
383 3661 531 3747 negabat
560 3657 716 3728 Francos
747 3661 790 3728 ad
829 3659 1001 3729 Moenum
1033 3685 1145 3730 novos

142 3782 223 3830 esse
237 3759 401 3838 colonos,
428 3771 462 3830 et
477 3760 649 3833 sentiebat
665 3756 730 3830 hos
750 3786 822 3830 esse
848 3763 981 3854 primos
1003 3779 1144 3832 autores

141 3861 284 3954 gentis.
318 3855 410 3931 hanc
431 3885 505 3931 esse
527 3888 609 3933 vera
633 3864 785 3954 patriam
807 3866 921 3954 gentis
943 3864 1145 3949 Francicae,

143 3978 334 4058 propterea
350 3966 444 4058 quod
464 3964 593 4035 Strabo
609 3962 794 4064 βρίγχους
809 3968 911 4058 ponit
925 3967 1020 4037 inter
1036 3967 1143 4036 Nori-

142 4090 208 4139 cos
229 4080 265 4136 et
279 4064 502 4152 Vindelicos,
528 4094 599 4161 quo
618 4070 656 4137 in
676 4071 755 4138 loco
772 4088 807 4139 et
820 4069 1013 4140 Suetonius
1028 4067 1141 4141 Bren-

142 4168 332 4242 coaluisse
347 4182 505 4252 testatur,
529 4170 612 4240 inde.
627 4172 811 4262 paululum
828 4195 1031 4262 progressos
1047 4173 1143 4242 arbi-

143 4272 313 4345 trabatur
327 4274 372 4341 acl
390 4270 513 4341 Maeni
531 4272 643 4363 ripas,
666 4288 699 4343 et
721 4274 850 4342 deinde
866 4272 1042 4346 Romanis
1067 4276 1143 4343 bel-

142 4375 192 4445 lis
213 4374 252 4442 in
277 4370 460 4465 Belgicam
486 4390 697 4466 pertractos,
723 4400 743 4445 a
767 4400 836 4469 qua
861 4377 1035 4447 sententia
1060 4403 1144 4469 pro-

141 4478 240 4547 iecto
257 4499 331 4544 non
348 4480 500 4546 multum
518 4472 706 4562 abhorreo,
732 4502 797 4546 nec
813 4478 947 4548 invitus
966 4475 1061 4549 lissnc
1078 4473 1145 4548 ho-

1200 2440 1300 2495 sunt:
1335 2449 1418 2495 narn
1440 2425 1664 2512 Ludovicus,
1699 2428 1761 2522 qui
1794 2429 1931 2519 primus
1963 2432 2057 2501 inter
2079 2429 2196 2522 Reges

1198 2529 1378 2621 amplexus
1401 2541 1452 2597 est
1474 2525 1610 2601 Christi
1634 2531 1853 2616 doctrinam,
1888 2528 1955 2601 lroc
1980 2535 2081 2623 signo
2107 2558 2195 2605 con·

1197 2631 1356 2701 firmatus
1378 2653 1451 2700 esse
1471 2632 1602 2719 sertur3
1630 2626 1782 2705 habebat
1803 2634 1990 2723 coniugem
2017 2632 2196 2708 Christia-

1198 2755 1300 2819 nam,
1326 2758 1416 2827 quae
1432 2758 1512 2804 cum
1525 2759 1607 2805 eum
1622 2735 1746 2805 sedulo
1762 2730 1964 2807 hortaretur
1976 2741 2019 2808 ad
2037 2740 2111 2810 veri
2125 2736 2194 2811 Dei

1197 2835 1432 2926 agnitionem,
1457 2848 1492 2906 et
1505 2853 1808 2923 commemoraret,
1834 2839 1971 2910 nullam
1988 2865 2063 2912 esse
2079 2842 2196 2912 virtu·

1199 2951 1270 3007 tem
1287 2938 1488 3028 digniorem
1505 2938 1684 3030 Regibus,
1710 2966 1818 3035 quam
1834 2966 1916 3012 vera
1932 2942 2061 3034 pietate
2077 2942 2195 3017 Deum

1198 3041 1334 3128 colere,
1359 3041 1424 3112 etsi
1440 3042 1579 3113 inllexit
1598 3043 1675 3113 eius
1691 3045 1871 3130 animum,
1897 3056 2015 3118 tamen
2032 3071 2105 3117 non
2121 3060 2194 3118 sta-

1197 3143 1262 3212 tim
1287 3144 1475 3233 persuasit,
1507 3159 1547 3214 ut
1572 3145 1748 3237 baptismo
1773 3147 1985 3223 initiaretur.
2037 3148 2194 3222 Gerebat

1196 3260 1314 3314 autem
1328 3244 1535 3316 Ludovicus
1551 3244 1613 3314 ille
1630 3248 1764 3316 bellum
1780 3274 1861 3318 cum
1878 3248 2090 3321 Alemannis
2113 3276 2194 3342 per·

1196 3346 1361 3431 difficile,
1385 3371 1537 3439 cumque
1560 3348 1599 3416 in
1620 3363 1793 3439 postrema
1816 3375 1954 3441 pugna,
1979 3378 2068 3446 quae
2085 3376 2192 3444 supra

1195 3445 1384 3519 Coloniam
1407 3445 1642 3541 Agrippinam
1673 3452 1858 3521 commissa
1889 3467 1959 3537 est,
1994 3456 2133 3526 turbata
2158 3469 2193 3528 et

1196 3551 1366 3622 inclinata
1383 3549 1601 3622 Francorum
1617 3553 1703 3635 acie,
1721 3555 1870 3623 victoria
1887 3557 2070 3627 videretur
2083 3581 2192 3649 penes

1196 3651 1415 3723 Alemannos
1426 3655 1545 3726 lutura
1564 3678 1655 3741 esse,
1682 3656 1733 3724 ibi
1749 3656 1953 3727 Ludovicus
1968 3660 2129 3755 clypeum
2146 3663 2192 3731 ad

1196 3757 1334 3827 coelum
1367 3757 1518 3843 tollens,
1549 3758 1768 3851 inspectante
1798 3761 1973 3842 exercitu,
2006 3757 2191 3834 Christum

1196 3859 1393 3942 invocavit,
1418 3874 1453 3930 et
1469 3858 1584 3930 Deum
1601 3863 1780 3932 confessus
1798 3862 1939 3954 petivit,
1971 3879 2008 3935 ut
2025 3868 2191 3935 ostende·

1196 3975 1248 4032 ret
1271 3985 1307 4031 se
1333 3964 1498 4032 exaudire
1522 3963 1747 4049 invocantes,
1781 3978 1813 4034 et
1834 3965 2038 4057 profligaret
2060 3962 2191 4053 hostes,

1197 4079 1389 4158 votumque
1406 4067 1498 4149 fecit,
1524 4089 1562 4135 se
1576 4067 1693 4136 statim
1711 4081 1808 4158 parta
1826 4069 1985 4158 victoria,
2013 4070 2189 4160 baptismo

1197 4166 1422 4237 irritisturum
1448 4181 1539 4239 etse
1565 4181 1598 4238 et
1623 4170 1829 4252 exercitum,
1863 4170 1993 4240 deinde
2018 4172 2190 4262 fugientes

1195 4270 1382 4340 revocavit.
1435 4269 1601 4341 Testatus
1618 4271 1730 4362 igitur
1745 4267 1910 4341 Christus
1930 4297 1967 4342 se
1992 4274 2190 4366 imploran-

1196 4384 1246 4441 tes
1270 4395 1375 4463 opem
1398 4372 1543 4463 abipso
1568 4372 1709 4459 iuvare,
1730 4373 1887 4444 reddidit
1907 4375 2046 4444 animos
2063 4375 2189 4446 militi·
2231 4450 2234 4455 ⁴

1195 4474 1280 4557 bus,
1312 4498 1352 4543 ac
1372 4474 1535 4545 restituto
1558 4476 1711 4567 praelio,
1745 4490 1841 4546 tanta
1865 4492 1978 4567 strage
1996 4474 2189 4546 Alemanni

142 4602 274 4649 norem
289 4579 409 4650 tribuo
426 4579 556 4650 nostris
571 4581 726 4662 civibus,
752 4594 790 4649 ut
815 4574 1054 4674 αὐτόχθονας
1070 4606 1142 4652 non
1195 4575 1278 4645 victi
1296 4590 1395 4659 sunt,
1419 4592 1456 4647 ut
1476 4578 1658 4647 deditione
1680 4580 1768 4648 lacta
1791 4578 1937 4647 Francis
1965 4602 2086 4667 parere
2108 4602 2189 4647 coe·

141 4682 296 4754 colonos
328 4706 369 4751 es
401 4683 481 4751 aliis
515 4699 612 4751 ortos
646 4683 812 4769 gentibus
838 4707 911 4752 esse
936 4683 1145 4757 existimem.
1197 4680 1325 4769 perint.
1359 4677 1437 4748 lloc
1454 4680 1595 4750 initium
1610 4682 1674 4749 luit
1695 4680 1855 4766 Regibus
1870 4680 2052 4750 Francicis
2068 4681 2190 4750 colen·

141 4783 398 4857 Contendebat
420 4785 525 4855 etiam
552 4784 751 4854 Aventinus
781 4787 876 4877 apud
901 4784 1142 4854 Ptolemaeum
1196 4785 1261 4849 dae
1292 4782 1431 4874 pietatis
1454 4778 1697 4867 Christianae,
1727 4782 1867 4852 circiter
1892 4804 2026 4850 annum
2050 4778 2186 4854 Christi

143 4910 216 4978 pro
235 4884 391 4956 Brennis
411 4910 501 4980 quos
530 4887 624 4956 inter
650 4886 821 4956 Noricum
845 4901 879 4957 ct
903 4884 1143 4957 l'indelicium
1196 4883 1283 4956 470.
1306 4909 1413 4977 quam
1438 4885 1582 4977 quidem
1608 4899 1726 4975 postea
1755 4907 1868 4953 annos
1894 4884 2052 4973 amplius
2075 4885 2188 4964 mille,

142 4988 300 5060 collocat
315 4989 505 5079 legendum
523 5013 597 5058 esse
610 4986 805 5087 βρέγχους.
851 4986 898 5059 Et
914 4991 1043 5060 citatur
1057 4989 1144 5059 Par·
1196 5002 1293 5056 tanta
1320 4987 1517 5056 constantia
1542 4989 1787 5071 retinuerunt,
1818 5001 1859 5057 ut
1881 4981 2060 5056 Ecclesiae
2080 4982 2188 5056 Chri·

142 5088 293 5165 thenius
309 5105 410 5163 vetus
423 5091 595 5183 scriptor,
621 5093 684 5186 qui
700 5090 856 5164 Francos
877 5092 928 5163 ait
945 5116 1018 5162 csse
1033 5091 1146 5173 ἔθνος
1196 5090 1329 5159 stianae
1352 5110 1454 5179 saepe
1473 5088 1593 5159 dubiis
1616 5088 1835 5178 temporibus
1858 5110 1986 5176 magno
2009 5088 2186 5181 praesidio

142 5191 310 5267 cilitium.
1196 5191 1347 5270 luerint,
1372 5215 1520 5284 eamque
1535 5192 1582 5260 ob
1596 5214 1736 5261 causam
1751 5186 2046 5262 Christianissimi
2065 5190 2188 5282 appel-

252 5295 324 5368 Sed
344 5298 425 5389 plus
446 5296 561 5367 laudis
578 5296 683 5366 estin
702 5296 852 5375 virtute,
879 5322 986 5389 quarm
1007 5296 1045 5366 in
1071 5295 1145 5366 ori·
1167 5348 1173 5397 Ι
1197 5296 1256 5362 lati
1274 5291 1358 5369 sint.
1411 5292 1481 5362 Nec
1502 5293 1610 5363 armis
1632 5305 1769 5363 tantum
1785 5292 2022 5363 defenderunt
2044 5292 2187 5381 religio-

141 5400 242 5492 ginc.
293 5396 385 5469 Cum
403 5400 512 5489 igitur
528 5424 581 5469 res
597 5415 713 5489 gestae
728 5402 915 5469 ostendant
938 5401 1044 5467 luisse
1058 5422 1145 5487 gen-
1167 5402 1172 5415 '
1198 5418 1296 5479 rsern,
1329 5397 1390 5464 scal
1413 5398 1526 5466 multo
1555 5396 1665 5486 magis
1691 5409 1867 5465 ornarunt
1896 5419 1974 5464 eam
1997 5389 2128 5466 scholis
2152 5406 2188 5464 et

146 5507 195 5575 tis
222 5499 252 5572 F
254 5502 413 5572 tauricae
447 5503 675 5573 excellentem
710 5502 896 5582 virtutem,
935 5502 1048 5571 simus
1080 5496 1146 5570 bac
1167 5548 1173 5586 a
1198 5499 1396 5590 propagatis
1411 5499 1594 5570 studiis-in
1610 5496 1728 5569 Gallia
1746 5494 2001 5571 etGermsnia.

1472 5594 1557 5676 25*
