4664 6022
142 294 220 381 did
824 289 983 378 DECIa
1016 289 1092 368 DE
1127 286 1528 369 antsrornnu
2091 292 2198 371 dli

144 490 252 564 quam
283 469 393 541 multa
424 469 466 539 in
497 492 554 540 me
583 467 662 538 inre
684 465 951 554 desiderentur,
983 491 1075 562 quae
1098 467 1144 536 ad
1196 464 1406 551 suetudine,
1441 463 1577 556 optima
1608 478 1644 537 et
1666 464 1856 558 purissima
1876 465 2111 561 Hippocratis
2131 468 2200 541 do

146 571 372 665 eloquentiae
394 572 535 643 laudem
560 570 761 663 pertinent,
787 583 908 640 tanun
929 594 1011 641 cum
1038 583 1075 640 et
1087 593 1144 638 me
1196 569 1310 639 ctrina
1324 569 1482 639 imbutus
1497 581 1560 653 est,
1581 594 1689 663 quam
1705 570 1850 662 quidem
1866 572 2088 665 einsscripta
2102 573 2200 645 ntul-

147 689 184 759 et
205 687 363 745 caeteros
384 669 482 746 hunc
504 697 639 744 morem
654 695 863 744 conservare
878 674 1016 759 deceat,
1042 671 1145 743 nolui
1197 671 1244 741 tis
1266 671 1305 739 in
1328 672 1415 741 locis
1435 671 1610 743 redolent.
1665 671 1851 743 Interdum
1868 675 1974 747 etism
1988 676 2200 747 nouaclum

146 799 262 847 meam
286 801 431 870 operam
453 778 572 847 deesse
592 773 836 868 Reipublicae.
888 774 1055 847 Vicissim
1079 775 1146 845 erit
1197 775 1407 859 sententias,
1432 775 1494 843 sed
1517 774 1627 844 verba
1647 799 1790 868 qnoque
1811 777 1856 845 ab
1876 774 2098 869 Hippocrate
2118 802 2200 851 mu·

149 893 285 952 vestrae
306 875 555 961 humanitatis,
587 879 785 950 orationem
811 901 925 948 meam
949 879 1038 950 boni
1060 902 1146 948 con·
1199 890 1330 947 tuatur.
1382 872 1530 969 ligoque
1550 876 1599 945 ita
1615 889 1750 962 statuo,
1774 879 1979 950 universam
1993 875 2201 953 Aristotelis

149 983 281 1055 snlere:
314 984 412 1077 quod
440 997 481 1053 nt
510 980 666 1063 faciatis,
699 1004 764 1051 vos
783 981 889 1054 etiam
912 996 1016 1076 atque
1039 981 1146 1051 etiam
1198 980 1399 1049 doctrinam
1420 1002 1462 1049 eo
1479 1001 1553 1050 esse
1569 979 1823 1070 simpliciorem
1842 979 2200 1072 etmagismethodi-

150 1108 229 1157 oro.
264 1083 440 1180 Cumque
461 1085 500 1154 in
520 1080 590 1155 hoc
611 1085 689 1154 loco
709 1086 753 1155 de
769 1084 901 1175 artium
916 1110 956 1155 ac
972 1101 1145 1157 certarum
1198 1104 1297 1166 cam,
1323 1081 1407 1174 quia
1432 1105 1520 1173 puer
1542 1082 1587 1151 ad
1605 1080 1833 1173 Hippocratis
1847 1080 2123 1179 Philosophiam
2144 1110 2200 1159 as·

99 1208 102 1215 ·
150 1186 323 1259 virtutum
337 1188 511 1278 dignitate
525 1210 628 1281 saepe
643 1188 778 1258 dictum
793 1187 858 1273 sit,
879 1211 943 1278 ego
962 1184 1146 1257 historiam

149 1292 497 1361 commemorandam
521 1313 594 1361 esse
617 1290 760 1383 putavi,
789 1291 882 1360 vitae
904 1291 1038 1361 scilicet
1061 1286 1146 1359 Ari·

149 1393 298 1469 stotelis.
347 1391 442 1464 -Non
462 1394 579 1465 solum
603 1393 686 1488 quia
708 1393 789 1485 plus
809 1392 1003 1485 voluptatis
1025 1417 1065 1462 er
1089 1387 1148 1461 hi-

150 1496 261 1568 storia
289 1495 503 1589 percipitur,
543 1495 693 1567 delectat
718 1495 812 1563 enim
835 1495 974 1567 animos
997 1496 1148 1593 varietas

149 1598 382 1690 negociorum
409 1612 444 1669 et
464 1611 673 1684 eventuum,
705 1598 766 1668 sed
789 1597 894 1669 etiam
917 1599 1001 1692 quia
1025 1597 1148 1668 multis

89 1714 92 1718 “
149 1702 197 1770 de
219 1701 332 1772 causis
357 1703 501 1794 prodest
523 1725 626 1772 nosse
647 1724 859 1792 magnorum
881 1701 1040 1771 virorum
1061 1723 1148 1770 con·

152 1802 250 1886 silla,
277 1805 388 1890 dicta,
411 1805 513 1877 facta·

255 1901 475 1978 Accenditur
503 1905 600 1976 enim
629 1905 770 1978 animus
794 1909 840 1978 ad
864 1907 1053 1993 virtutem,
1092 1905 1148 1976 in-

152 2021 256 2079 tuens
277 2009 316 2078 in
340 2009 485 2081 illorum
508 2009 678 2100 exempla.
727 2007 867 2081 Deinde
888 2014 933 2081 de
953 2010 1076 2082 multis
1093 2035 1148 2081 re-

152 2111 220 2181 bus
250 2112 498 2185 admonemur.
572 2110 688 2182 Multa
715 2111 848 2183 imitari
880 2113 1060 2205 Scipionis
1089 2130 1149 2183 aut

153 2209 313 2285 Caesaris
335 2214 484 2285 consilia
500 2210 700 2304 Imperator
720 2229 853 2306 potest,
879 2217 927 2286 ita
952 2240 1018 2285 nos
1036 2216 1073 2285 in
1092 2212 1149 2286 his

151 2317 281 2387 studiis
301 2318 452 2401 nostris,
476 2341 557 2387 cum
578 2318 845 2388 consideramus
862 2318 1148 2389 doctissimorum

154 2413 343 2491 hominum
361 2420 399 2488 in
419 2419 645 2513 inquirendis
659 2432 694 2488 et
707 2421 891 2491 tradendis
908 2421 1045 2492 artibus
1062 2445 1149 2512 pru-

152 2523 312 2595 dentiam
333 2546 372 2592 ac
394 2523 589 2607 rationem,
612 2521 724 2591 multa
744 2524 874 2594 rectius
892 2523 1050 2594 iudicare
1068 2548 1149 2616 pos-

153 2647 286 2697 sumus.
345 2622 506 2695 Multum
526 2623 670 2694 collatio
695 2627 951 2717 praestantium
973 2627 1149 2697 artificum

151 2729 199 2799 ad
220 2729 380 2799 acuenda
401 2726 660 2819 formandaque
682 2726 815 2799 iudicia
837 2729 1016 2801 conducit.
1082 2726 1148 2813 Di-

153 2854 229 2903 cam
252 2830 361 2919 igitur
382 2832 427 2900 de
443 2823 656 2917 Aristotele,
681 2854 757 2900 non
780 2844 821 2902 ut
839 2832 879 2902 lit
900 2833 938 2901 in
955 2831 1149 2926 Panegyri-

1199 1183 1374 1255 suefactus
1389 1197 1452 1256 est.
1504 1180 1619 1255 Erant
1634 1187 1729 1256 enirn
1742 1210 1784 1257 eo
1800 1199 1961 1279 tempore
1975 1201 2010 1260 et
2025 1189 2090 1260 alii
2101 1183 2199 1286 Phy-

1200 1287 1283 1372 sici,
1308 1284 1552 1358 Democritum
1565 1300 1724 1359 autorem
1740 1304 1935 1383 sequentes,
1960 1316 2119 1393 quorum
2134 1294 2199 1363 do·

1200 1389 1312 1460 ctrina
1331 1390 1434 1482 plena
1453 1389 1521 1461 luit
1538 1391 1822 1482 prodigiosarum
1838 1393 2052 1484 opinionum
2066 1409 2105 1467 et
2119 1418 2198 1487 per·

1201 1494 1383 1585 plexarnm
1400 1492 1697 1584 disputationum.
1747 1490 1823 1565 Hos
1840 1497 1869 1564 si
1886 1491 2102 1570 Aristoteles
2118 1496 2197 1568 imi-

1201 1608 1294 1665 tatus
1314 1608 1423 1676 esset,
1457 1620 1680 1690 nequaquam
1704 1590 1774 1667 hoc
1795 1598 2102 1689 elegantissimum
2123 1624 2195 1671 ms·

1201 1693 1412 1768 thodifilum
1424 1712 1458 1771 et
1467 1694 1558 1770 hanc
1571 1699 1820 1791 proprietatem
1831 1703 2015 1774 tenuisset.
2054 1700 2194 1793 Quanta

1202 1813 1321 1870 autem
1352 1824 1437 1870 cura
1462 1825 1503 1871 ac
1527 1801 1668 1874 solertia
1689 1802 1729 1874 in
1753 1804 1814 1874 illa
1836 1805 2029 1877 domestica
2054 1806 2193 1879 iustitu-

1201 1902 1298 1974 tione
1316 1902 1372 1974 usi
1390 1903 1463 1974 siut
1475 1901 1704 1996 Hippocratis
1722 1906 1871 1997 posteri,
1897 1931 1939 1979 ex
1955 1931 1998 1980 eo
2014 1909 2103 1981 licet
2114 1932 2193 1980 eoa·

1202 2007 1325 2092 iicere,
1349 2006 1446 2100 quod
1465 2003 1626 2078 Galenus
1647 2007 1714 2080 ait:
1745 2006 1828 2080 ldeo
1852 2010 2010 2102 primum
2032 2034 2113 2083 non
2127 2034 2192 2083 esse

1202 2110 1348 2200 scriptas
1376 2109 1593 2193 anatomias‚
1636 2110 1719 2204 quia
1750 2112 1940 2185 domestica
1969 2113 2192 2187 institutione

1202 2227 1307 2282 notae
1330 2211 1483 2298 fuerint,
1515 2213 1639 2283 solitos
1660 2213 1757 2282 euim
1781 2211 2012 2307 Hippocratis
2037 2232 2191 2310 posteros

1201 2314 1301 2385 domi
1321 2337 1438 2384 secare
1459 2339 1607 2407 corpora
1622 2315 1859 2386 animantium
1875 2331 1982 2412 atque
1996 2313 2191 2407 hominnm,

1201 2431 1237 2488 et
1263 2415 1402 2507 singula
1430 2418 1590 2488 membra
1622 2418 1745 2491 liberis
1773 2419 1858 2489 iude
1882 2444 1998 2515 usque
2021 2446 2044 2493 a
2070 2423 2189 2495 teneris

1200 2522 1391 2613 spectanda
1413 2544 1623 2612 proponere.
1674 2520 1798 2615 Itaque
1817 2546 1899 2593 cum
1914 2538 2005 2598 esset
2021 2520 2192 2599 Aristote-

1201 2623 1252 2692 les
1274 2624 1320 2693 ab
1336 2622 1422 2715 ipsis
1439 2624 1626 2694 cunabulis
1642 2626 1856 2697 assuefactus
1872 2651 1949 2697 non
1963 2629 2010 2699 ad
2027 2628 2154 2701 inanes
2164 2641 2193 2700 et

1203 2725 1385 2818 perplexas
1407 2721 1654 2824 λογομαχίας,
1680 2730 1741 2798 sed
1763 2729 1808 2797 ad
1833 2728 1954 2800 rernm
1977 2731 2193 2823 agnitiones
2234 2730 2236 2775 ²

1201 2842 1236 2900 et
1258 2829 1303 2900 ad
1318 2832 1545 2921 ¹quaerendas
1561 2855 1700 2916 causas,
1725 2855 1766 2901 er
1783 2824 1848 2900 hac
1862 2832 1994 2924 puerili
2009 2846 2194 2908 connatu-
2232 2840 2236 2953 p'

152 2932 222 3014 cis,
253 2934 316 3003 sed
341 2932 576 3017 brevitates,
602 2957 693 3026 quae
716 2935 760 3003 de
783 2924 953 3007 vita‘eius
972 2936 1149 3026 comperi·
1202 2932 1286 3001 dine
1299 2927 1557 3023 dnas‘egregias
1571 2934 1730 3020 virtutes,
1748 2910 1835 3004 etin
1850 2935 2192 3029 primisdignasvuo

153 3059 254 3117 mus,
286 3036 488 3109 recensebo.
520 3031 661 3105 Deinde
683 3038 727 3105 de
749 3060 875 3126 genere
897 3033 1148 3130 Philosophiae
1201 3037 1305 3105 docto
1332 3051 1541 3105 consecutus
1573 3051 1643 3123 est,
1682 3037 1866 3122 videlicet,
1902 3039 2127 3131 diligentiam
2151 3040 2187 3109 in
2234 3070 2236 3075 ·

152 3153 190 3210 et
209 3139 254 3209 de
271 3137 411 3229 scriptis
428 3137 504 3209 eius
518 3137 656 3232 aliquid
674 3139 859 3224 adiiciam,
883 3157 923 3211 nt
937 3144 1148 3211 admoneam
1200 3140 1402 3231 quaerenda
1427 3134 1597 3209 methodo
1620 3153 1655 3211 et
1682 3164 1839 3210 arnorem
1861 3143 2044 3231 veritatis;
2071 3144 2188 3217 absunt

153 3241 413 3325 adolescentes,
447 3241 543 3334 quod
574 3235 828 3333 Philosophiae
858 3266 969 3333 genus
996 3244 1148 3313 maxime
1200 3241 1295 3308 enim
1311 3241 1427 3310 studia
1443 3240 1483 3308 in
1496 3266 1623 3317 mores.
1671 3240 1993 3332 Quarediligentia
2006 3244 2192 3319 evolvendi
2233 3246 2236 3327 ξ

153 3345 380 3438 probandum
403 3355 509 3436 atque
532 3346 768 3433 expetendum
792 3345 856 3430 sit,
895 3358 926 3415 et
952 3349 1148 3428 ostendam,
1200 3366 1256 3413 res
1271 3344 1438 3413 obscuras
1452 3344 1580 3414 ordine
1596 3368 1636 3414 ac
1651 3347 1815 3438 proprie,
1841 3348 2000 3418 studium
2016 3348 2192 3444 quoddam

153 3461 326 3541 quantum
350 3446 463 3538 prosit
480 3448 525 3516 ad
542 3440 807 3519 Aristotelicam
826 3448 1001 3521 rationem
1018 3474 1058 3519 ac
1072 3474 1146 3518 me·
1200 3459 1236 3516 et
1258 3468 1415 3515 amorem
1439 3446 1596 3518 veritatis
1621 3446 1658 3515 in
1684 3449 1783 3518 omui
1809 3448 1880 3517 vita
1902 3450 2006 3540 parit.
2073 3450 2193 3525 Postea

151 3547 304 3621 thodum
328 3549 561 3620 assuefactum
584 3573 668 3620 esse.
735 3547 787 3619 lta
810 3549 907 3620 enim
931 3567 1047 3625 statuo
1071 3551 1147 3621 sine
1202 3561 1307 3617 nattis
1328 3570 1443 3619 anuos
1461 3550 1517 3623 1⁷.
1544 3549 1673 3620 missus
1696 3563 1749 3620 est
1763 3545 1922 3620 Athenas
1946 3554 1991 3624 ad
2009 3551 2191 3626 Platonem

151 3647 222 3722 hoc
245 3651 424 3721 neminem
444 3675 604 3744 unquam
619 3651 696 3722 lore
710 3651 880 3722 artificem
894 3649 1054 3724 methodi
1070 3654 1148 3724 ullo
1199 3650 1438 3736 audiendum,
1463 3650 1527 3744 qni
1552 3665 1638 3722 tnnc
1655 3676 1792 3723 summa
1807 3653 1943 3744 ingenii
1960 3671 1996 3726 et
2011 3657 2191 3729 doctrinae

152 3756 345 3844 ingenere.
396 3749 469 3822 Nec
485 3777 570 3823 vero
584 3753 661 3823 lieri
676 3767 808 3846 potest,
833 3755 924 3847 quin
937 3757 1048 3827 multa
1062 3757 1148 3826 salsa
1202 3754 1306 3822 lande
1325 3753 1486 3827 florebat.
1537 3751 1628 3825 Cum
1645 3768 1772 3826 natura
1788 3757 1993 3846 contigisset
2011 3756 2191 3832 Aristoteli

152 3852 344 3949 sophistice
367 3853 538 3926 misceant
559 3849 619 3941 hi,
643 3856 772 3951 quibus
794 3856 914 3947 ignota
938 3873 991 3929 est
1011 3858 1068 3928 via
1086 3859 1147 3928 illa
1200 3854 1361 3925 omnium
1384 3855 1654 3948 disciplinarum
1676 3882 1804 3951 capax,
1829 3881 1956 3947 magna
1983 3855 2073 3933 haec
2096 3860 2192 3933 foeli-

152 3957 325 4038 docendi,
349 3980 456 4051 quam
472 3971 645 4029 monstrat
659 3958 881 4037 Aristoteles.
932 3960 1046 4032 Porro
1062 3957 1149 4031 haec
1200 3960 1287 4030 citas
1314 3959 1402 4045 fuit,
1434 3961 1530 4053 quod
1564 3961 1720 4051 primum
1752 3961 1944 4032 domestica
1970 3962 2192 4038 institutione

152 4057 355 4153 Sophistica
377 4072 551 4153 quantum
574 4060 666 4152 parit
685 4086 849 4133 errorum
871 4088 912 4134 ac
929 4065 1147 4136 tumultuum
1202 4061 1386 4152 ingenium
1414 4063 1602 4133 excitatum
1626 4076 1661 4134 et
1683 4079 1930 4154 praeparatum
1952 4080 2025 4149 est,
2066 4068 2191 4139 deinde

153 4163 193 4235 in
207 4160 365 4236 Ecclesia
387 4176 424 4233 et
442 4162 481 4232 in
497 4159 664 4256 Repub.?
715 4163 759 4235 ln
779 4166 910 4237 fabulis
932 4181 1004 4254 est,
1030 4165 1146 4237 lxioni
1199 4166 1297 4259 quod
1315 4165 1460 4237 accessit
1481 4166 1543 4235 ille
1564 4167 1886 4257 praestantissimus
1908 4165 2101 4258 Magister,
2135 4168 2192 4265 qtn'

151 4290 233 4338 cum
264 4264 454 4357 appetisset
474 4263 668 4353 lunonem,
702 4269 878 4340 obiectam
907 4273 1148 4355 maenubam,
1200 4281 1362 4339 naturam
1387 4267 1649 4338 foelicissimam
1673 4270 1877 4360 perpoliret.
1928 4268 2046 4360 Haec,
2068 4286 2114 4347 ut
2133 4294 2190 4363 ega

153 4368 303 4441 lunonis
330 4368 465 4459 specie,
499 4392 540 4437 ex
567 4393 637 4462 qua
668 4371 743 4441 nati
774 4371 945 4443 dicuntur
966 4369 1147 4446 Centauri.
1199 4369 1344 4465 quidem
1365 4369 1539 4451 arbitror,
1573 4369 1620 4441 ita
1641 4373 1856 4462 gubernavit
1878 4368 1994 4460 Deus,
2021 4388 2062 4447 ut
2082 4376 2192 4469 perle-

151 4468 206 4543 Ita
234 4471 369 4543 indocti
401 4495 442 4540 ex
473 4471 570 4540 falsis
600 4473 834 4562 opinionibus
861 4499 901 4545 ac
925 4472 1148 4566 sophisticis,
1199 4488 1294 4544 ctum
1310 4471 1478 4542 artificem
1494 4469 1705 4544 haberemus
1719 4476 1794 4545 eius
1809 4475 1915 4566 partis
1928 4472 2191 4571 Philosophiae,

150 4576 303 4669 gignunt
331 4574 500 4644 factiones
524 4570 700 4647 Ecclesiae
727 4576 900 4652 exitiosas.
965 4578 1037 4650 Sed
1062 4574 1147 4649 haec
1199 4576 1237 4644 in
1252 4598 1322 4668 qua
1337 4574 1534 4645 elaboravit
1547 4572 1766 4649 Aristoteles.
1818 4576 2192 4653 AudivitautemPla·

152 4693 272 4770 postea
296 4691 402 4749 erunt
424 4676 595 4764 dicenda3
621 4679 721 4771 prius
736 4679 833 4749 enim
849 4680 920 4753 vita
935 4704 1146 4773 percurren-
1199 4693 1319 4749 tonem
1334 4700 1448 4747 annos
1464 4676 1609 4768 viginti,
1636 4675 1706 4750 hoc
1721 4694 1788 4765 est,
1813 4683 1888 4752 fere
1899 4682 1945 4751 ad
1963 4682 2191 4775 quadragesi·

151 4783 197 4853 da
217 4793 278 4851 est.
574 4789 576 4795 '
1200 4804 1298 4851 mum
1328 4802 1441 4872 nsque
1471 4781 1593 4851 aetatis
1621 4805 1705 4852 suae
1734 4808 1881 4854 annum.
1944 4781 2020 4855 Nec
2049 4786 2191 4860 interi·

252 4881 366 4953 Natus
396 4895 450 4954 est
474 4877 682 4956 Aristoteles
711 4883 749 4954 in
774 4882 1006 4972 Macedonia,
1048 4900 1147 4978 patre
1198 4877 1337 4953 scholas
1359 4876 1503 4968 habuit,
1528 4885 1588 4953 sed
1609 4883 1683 4974 ipse
1707 4907 1781 4956 sese
1799 4886 1954 4957 exercuit
1969 4886 2009 4957 in
2024 4890 2192 4961 omnibu

150 4982 298 5055 Medico
309 4983 622 5080 RegisAmyntae.
672 4984 821 5059 Constat
836 4990 1032 5061 multorum
1047 4988 1146 5059 tcsti-
1198 4983 1409 5076 disciplinis.
1458 4979 1667 5079 Inquisivit,
1693 4988 1794 5076 legit,
1819 4988 1969 5060 errauit
1989 4980 2192 5064 omnesau-

150 5086 283 5158 moniis
303 5109 414 5177 genus
427 5087 562 5159 eiusab
579 5086 796 5180 Hippocrate
809 5106 928 5163 ortum
944 5116 1036 5178 esse3
1063 5115 1145 5160 nam
1197 5104 1310 5173 tores,
1334 5088 1442 5174 adeo,
1466 5102 1506 5157 ut
1521 5104 1665 5179 propter
1679 5091 1883 5162 varietatem
1896 5090 2061 5163 lectionis
2075 5118 2119 5166 ac
2130 5096 2192 5166 du·

150 5189 337 5281 posteritas
358 5186 585 5280 Hippocratis
606 5193 703 5280 degit
725 5192 764 5259 in
788 5188 992 5279 Thessalia,
1017 5217 1058 5263 ac
1083 5194 1146 5263 diu
1198 5191 1332 5262 ctrinae
1357 5190 1597 5281 appellaretur
1628 5191 1823 5265 aPlatone
1840 5192 1998 5268 Lecton·
2045 5193 2129 5271 Hoc
2154 5196 2190 5267 in

150 5292 408 5382 possessionem
432 5290 594 5362 Medicae
614 5295 701 5364 artis
721 5294 890 5380 retinuit,
915 5319 995 5365 cram
1018 5318 1146 5386 paren·
1197 5294 1277 5364 loco
1304 5293 1403 5363 subit
1428 5294 1600 5363 admirari
1623 5298 1847 5384 prudentiam
1870 5296 2099 5385 Aristoteles,
2131 5296 2191 5395 qui

151 5405 203 5463 tes
232 5411 343 5467 artem
374 5393 497 5464 liberis
519 5396 647 5466 ordine
670 5394 772 5488 quasi
793 5418 858 5487 per
880 5420 1007 5468 manns
1028 5399 1145 5468 trade-
1198 5412 1270 5467 tam
1304 5395 1367 5464 diu
1399 5389 1552 5467 haeserit
1584 5400 1677 5487 apud
1704 5397 1937 5488 Magistrum,
1974 5423 2040 5470 nec
2059 5401 2190 5493 putarit

151 5508 244 5572 rent.
294 5496 348 5571 lta
367 5509 404 5568 et
417 5492 628 5569 Aristoteles
650 5521 671 5567 a
697 5497 1042 5575 tenerisdomestica
1057 5522 1144 5571 cau-
1195 5497 1315 5571 subito
1347 5497 1424 5570 eius
1454 5499 1654 5570 doctrinam
1684 5496 1865 5573 exhauriri
1894 5524 2009 5594 posse.
2058 5499 2130 5579 Est
2154 5514 2188 5577 et
