4664 6022
152 323 229 403 aas
626 313 788 399 naen
819 315 896 395 on
926 309 1263 407 ratramno
1293 309 1447 400 nucu
1478 310 1602 396 sax.
1632 311 1720 399 nu
2118 325 2195 411 aaa

146 493 453 590 generosissimis,
486 517 575 589 quas
594 508 635 566 ut
656 505 731 567 erat
749 507 850 587 pater
875 490 1027 565 maxime
1043 483 1150 588 pclo'-
1200 473 1294 562 Vult
1315 502 1434 563 autem
1459 486 1557 563 Deus
1578 513 1682 584 opem
1714 493 1808 567 ferre
1836 494 2192 589 ,conlugientibuead

148 623 325 699 uropyoc,
350 599 453 669 valde
464 598 649 688 diligebat:
673 596 760 667 alias
775 589 1042 671 cumLuthero:
1071 617 1148 668 cre·
1198 591 1313 664 tilium
1337 616 1420 665 vera
1442 592 1680 667 invocatione.
1732 595 1870 670 Deinde
1892 593 2070 673 ethorum
2086 601 2191 695 prin·

146 704 305 776 berrima
320 723 405 771 vero
421 723 502 771 cum
516 697 696 771 Pontano:
723 699 836 772 multa
851 697 958 770 etiam
972 721 1052 768 cum
1067 720 1147 768 meo
1198 694 1337 789 cipum,
1362 697 1407 767 de
1430 696 1562 792 quibus
1581 695 1673 784 dixi,
1695 700 1866 774 memoria
1889 701 1994 773 nobis
2009 718 2107 796 grata
2125 705 2189 779 sit:

146 820 270 901 patre,
300 805 345 875 de
374 803 534 874 lontibus
561 801 766 892 religionis,
798 803 846 873 de
869 799 1146 882 immortalitate,
1197 810 1232 869 et
1248 822 1328 870 cum
1342 791 1593 871 honestissima
1610 803 1769 895 exempla
1793 803 1965 877 vinutum
1983 804 2022 875 in
2038 802 2095 879 his
2110 807 2189 879 lau-

148 909 195 979 de
208 905 395 998 fugacitate
411 928 531 976 rerum
547 900 802 991 humanarum,
827 905 872 974 de
887 902 1147 994 gubernatione
1196 898 1289 972 datis
1304 901 1392 971 viris
1407 901 1616 995 aspicimus,
1638 926 1729 995 quae
1744 905 1888 999 quidem
1895 903 1994 979 Deus
2008 909 2089 981 ideo
2103 934 2190 1004 pro·

146 1010 288 1102 reipub.
305 1010 349 1079 de
372 1007 549 1079 maiorum
570 1007 758 1099 exemplis,
783 1029 826 1077 ae
846 1005 1012 1098 inprimis
1024 1007 1068 1075 de
1082 1027 1147 1098 pa·
1196 1003 1316 1095 ponit,
1352 1016 1393 1077 ut
1417 1004 1490 1077 siut
1514 1007 1889 1096 commonefactiones,
1925 1021 1961 1080 et
1993 1013 2188 1087 accendant

146 1127 202 1184 tre
219 1134 286 1183 suo
307 1110 437 1182 multa:
463 1132 565 1204 saepe
581 1122 616 1180 et
631 1107 829 1202 posteritati
845 1103 931 1179 haec
948 1109 1038 1196 sata,
1063 1106 1146 1202 qui·
1194 1105 1335 1199 aliquos
1357 1108 1402 1177 ad
1416 1106 1574 1180 studium
1589 1107 1751 1196 virtutis,
1775 1111 1954 1183 discamus
1973 1112 2059 1184 inde
2073 1115 2188 1189 virtu·

145 1215 216 1286 bus
236 1212 308 1283 iarn
330 1235 551 1294 exercemur,
586 1211 823 1305 praedicebat.
878 1207 970 1283 Cum
997 1222 1147 1303 poterat,
1195 1207 1241 1278 tis
1260 1209 1481 1297 doctrinam,
1514 1223 1550 1284 et
1568 1232 1609 1281 ea
1629 1235 1718 1304 quae
1738 1237 1802 1284 suo
1820 1212 1969 1308 quisque
1983 1215 2063 1288 loco
2081 1217 2187 1295 debet

145 1317 286 1407 legebat
308 1314 383 1409 ipse
408 1310 558 1408 aliquid.
618 1307 710 1385 Cum
740 1311 858 1385 morbi
890 1312 1146 1405 impediebant,
1195 1323 1230 1381 et
1244 1324 1358 1403 potest
1380 1312 1532 1398 imitari,
1566 1314 1723 1386 studiose
1746 1332 1924 1410 sequatur.
1986 1312 2066 1389 Etsi
2088 1318 2185 1391 enim
2286 1398 2289 1405 g

146 1418 317 1492 audiebat
337 1415 571 1488 libentissime
592 1415 701 1486 liliam
721 1415 913 1508 legentem,
935 1439 1026 1510 qnae
1046 1438 1144 1487 nunc
1194 1414 1367 1508 quaedam
1389 1429 1474 1487 sunt
1495 1415 1695 1508 principum
1719 1417 1868 1490 virtutes
1893 1420 2078 1512 propriae,
2109 1445 2185 1495 non

145 1519 371 1593 nobilissimo
396 1517 549 1612 principi
571 1513 666 1589 Duci
688 1515 920 1589 Pomeraniae
945 1531 1058 1611 nupta
1075 1530 1144 1589 est:
1194 1539 1408 1588 communes
1423 1517 1587 1611 privatis,
1622 1532 1740 1591 tamen
1771 1521 2008 1593 consideratio
2040 1526 2186 1615 prodest

145 1637 208 1696 aut
232 1622 489 1706 adolescentes,
512 1621 576 1715 qui
592 1613 742 1692 honesto
758 1644 857 1691 more
874 1620 983 1691 veteri
998 1634 1145 1714 propter
1192 1618 1372 1691 omnibus.
1430 1620 1569 1692 Deinde
1590 1644 1673 1692 vera
1689 1617 1757 1693 Dei
1778 1622 1976 1710 invocatio,
1998 1625 2184 1717 diligentia

146 1723 372 1816 disciplinam
388 1723 427 1792 in
440 1723 539 1793 aulas
552 1722 763 1806 mittuntur,
784 1722 962 1794 audiebat.
1003 1721 1144 1796 Lectio-
1192 1722 1456 1809 cognoscendae
1478 1721 1660 1794 doctrinae
1685 1725 1863 1806 coelestis,
1895 1727 2001 1812 tides,
2025 1728 2186 1802 veritatis

145 1828 185 1898 ni
201 1827 369 1899 miscebat
386 1824 462 1918 ipse
476 1825 627 1917 gemitus
647 1839 681 1897 et
698 1836 799 1907 vota,
826 1838 860 1897 et
877 1848 950 1894 sese
972 1838 1005 1895 et
1019 1821 1144 1896 Eccle-
1192 1846 1312 1904 amor,
1337 1823 1497 1910 iusticia,
1522 1825 1714 1912 modestia,
1738 1829 1898 1916 castitas,
1922 1829 2070 1902 virtutes
2087 1855 2184 1903 com-

145 1931 216 2001 sias
240 1941 275 2000 et
292 1926 463 2023 patriam,
487 1940 523 1999 et
545 1949 645 1999 suam
665 1928 925 2021 posteritatem,
951 1923 1028 1997 Deo
1044 1952 1144 1999 com·
1191 1947 1318 1996 munes
1333 1949 1405 1996 esse
1420 1928 1562 2002 debent.
1613 1925 1751 2001 Harum
1768 1931 1925 2023 exempla
1939 1932 2092 2004 illustria
2106 1955 2184 2007 sae-

146 2031 360 2116 mendabat,
393 2029 565 2101 invocans
595 2054 676 2101 eum
709 2027 1044 2100 commemoratione
1065 2029 1143 2116 filii,
1192 2051 1236 2118 pe
1248 2026 1449 2121 aspicienda
1466 2045 1566 2114 sunt,
1591 2044 1630 2102 ut
1652 2033 1979 2105 commonefactide
1999 2035 2183 2109 voluntate

146 2159 253 2231 quem
267 2133 451 2205 constituit
466 2132 697 2203 mediatorem
714 2147 749 2204 et
763 2132 988 2224 placatorem.
1040 2129 1142 2203 Tan·
1191 2124 1279 2217 Dei,
1304 2144 1339 2203 et
1362 2133 1407 2203 de
1429 2134 1553 2205 multis
1574 2132 1688 2202 causis
1708 2147 1802 2206 recte
1820 2135 1993 2221 faciendi,
2018 2137 2129 2208 simus
2143 2139 2183 2209 in

144 2253 252 2333 taque
267 2234 377 2306 animi
395 2234 590 2327 praesentia
606 2246 640 2304 et
655 2234 888 2329 aequabilitas
901 2232 981 2321 suit,
1001 2249 1042 2308 ut
1056 2247 1141 2304 tunc
1189 2245 1264 2304 tota
1279 2232 1351 2306 vita
1368 2237 1521 2324 regenda
1534 2234 1796 2327 diligentiores,
1822 2252 1862 2309 ut
1878 2239 1974 2309 scitis
1987 2239 2033 2307 ad
2048 2240 2184 2311 doctri·

146 2362 290 2436 quoque
305 2337 428 2407 reserri
445 2336 489 2405 ad
505 2359 542 2406 se
560 2336 769 2429 quotidiana
785 2334 929 2427 negocia
946 2336 1070 2424 vellet,
1096 2336 1141 2407 de
1192 2358 1275 2402 nam
1290 2334 1462 2407 virtutum
1487 2337 1645 2426 exempla
1662 2338 1859 2430 pertinere,
1882 2341 1973 2412 sicut
1995 2350 2030 2411 et
2045 2365 2112 2413 vox
2125 2341 2184 2414 di·

145 2442 277 2536 quibus
291 2438 372 2510 aula
388 2436 598 2511 consulitur.
649 2433 704 2507 De
720 2438 851 2532 quibus
865 2437 974 2508 simili
989 2438 1142 2510 circum·
1191 2436 1275 2507 vina
1291 2449 1448 2512 testatur.
1500 2435 1579 2510 Oro
1594 2452 1712 2511 autem
1728 2436 1842 2511 Deum
1859 2455 1932 2514 toto
1950 2456 2111 2535 pectore,
2137 2468 2182 2515 ne

144 2542 325 2634 spectione
341 2551 375 2609 et
390 2537 562 2628 gravitate
577 2540 832 2632 respondebat,
857 2553 898 2612 ut
913 2550 1028 2617 antea.
1068 2539 1140 2613 Sed
1191 2539 1411 2610 barbaricam
1430 2542 1628 2615 vastitatem
1642 2542 1680 2610 in
1698 2536 1753 2612 his
1768 2542 1974 2633 regionibus
1988 2545 2064 2615 lieri
2072 2544 2182 2620 sinat:

146 2640 348 2737 petentibus
372 2640 591 2711 trumentum
622 2654 685 2712 aut
711 2641 828 2734 ligna,
857 2642 1048 2735 benignius
1069 2643 1141 2714 lar·
1189 2643 1252 2712 sed
1268 2636 1443 2713 Ecclesias
1458 2644 1574 2737 ipsum
1589 2644 1683 2714 veris
1698 2645 1888 2734 gemitibus
1901 2647 2126 2736 invocantes,
2148 2661 2184 2722 et

145 2744 325 2834 giebatnr,
347 2741 501 2812 subinde
516 2754 678 2833 repetens
693 2738 785 2814 hanc
799 2768 936 2816 vocem:
963 2743 1011 2817 Se
1023 2758 1141 2839 pater·
1190 2767 1313 2815 earum
1334 2739 1508 2838 hospitia,
1541 2760 1575 2820 et
1595 2741 1781 2817 honestam
1801 2748 2044 2842 disciplinam,
2068 2765 2104 2823 et
2116 2750 2185 2823 ‹lo-

146 2869 194 2913 no
222 2844 342 2913 animo
364 2865 502 2934 semper
520 2865 601 2934 erga
626 2867 708 2915 suos
732 2846 860 2927 luisse,
894 2869 1001 2938 seque
1018 2861 1141 2939 optare
1190 2846 1326 2918 ctrinae
1340 2848 1458 2919 studia
1474 2862 1625 2923 tueatur.
1676 2845 1771 2925 Dixi.

144 2956 188 3016 nt
206 2946 250 3013 ad
274 2944 514 3037 posteritatem
539 2946 644 3016 etiam
668 2947 782 3039 patria
804 2947 998 3042 tranquilla
1015 2950 1079 3036 sit,
1105 2962 1141 3021 et

145 3046 303 3139 paternis
329 3044 488 3138 imperiis
515 3059 667 3137 regatur.
729 3045 822 3118 Cum
851 3073 933 3119 vera
968 3048 1076 3141 igitur
1105 3064 1142 3121 et

146 3160 241 3219 certa
266 3146 492 3219 invocatione
505 3156 550 3218 ‘se
570 3144 648 3219 Deo
663 3148 810 3221 adsidue
827 3151 1141 3235 commendaverit,

145 3261 181 3320 et
203 3249 367 3320 voluntas
392 3249 499 3321 fuerit
518 3270 599 3340 erga
615 3246 810 3324 Ecclesiam
828 3264 864 3323 et
881 3253 1140 3347 rempublicam
1199 3231 1377 3359 Q
2007 3271 2056 3313 ω·
2079 3250 2175 3319 1651·

145 3352 298 3444 optima,
320 3365 353 3423 et
370 3374 487 3422 mores
508 3350 594 3424 casti
611 3363 646 3423 et
661 3348 825 3440 honesti,
843 3377 919 3425 non
937 3354 1140 3429 dubitemus
1596 3440 1606 3461 ⁸

144 3479 227 3525 eum
244 3457 289 3525 ad
307 3451 548 3526 dulcissimam
566 3454 727 3526 coelestis
746 3451 924 3527 Ecclesiae
937 3457 1138 3530 societatem
1315 3439 1391 3526 De
1414 3438 1654 3528 Frt'derwo
1682 3440 1815 3528 Duce
1843 3443 1962 3531 δατ.
1987 3441 2064 3535 ΕΙ.

144 3559 348 3628 traductum
364 3577 449 3629 esse.
500 3553 670 3648 Prodigia
685 3556 762 3628 eius
776 3572 928 3630 mortem
944 3573 1140 3632 antecesse-
1259 3592 1758 3670 1„,g„,1)„gq‚ugggg
1798 3597 1920 3656 ,mg
1948 3601 1985 3661 t'.
2010 3601 2059 3658 m·
2087 3619 2116 3674 p.
2135 3604 2181 3664 ω.

143 3672 248 3746 runt,
268 3683 359 3754 quae
375 3669 408 3728 et
424 3657 623 3749 posteritati
639 3659 854 3732 calamitates
870 3662 1139 3738 denuntiarunt.
1292 3664 1425 3722 tttctma.
1443 3666 1526 3721 nn.
1538 3667 1647 3791 pata.
1682 3667 1811 3742 Abtytto
1830 3667 1860 3724 ia
1878 3670 2039 3744 ώιοιοιςῐι
2055 3673 2183 3748 scriptor.

143 3760 228 3832 Non
242 3762 366 3855 procul
379 3760 425 3831 ab
441 3757 610 3832 [sennaco
627 3760 702 3833 visa
716 3776 769 3834 est
786 3761 825 3832 iu
840 3766 921 3834 aire
934 3765 1068 3858 species
1081 3788 1139 3836 ar·
1292 3734 1364 3791 Md·
1383 3735 1503 3793 ‘m'
1522 3756 1537 3791 ⁸
1576 3755 1623 3793 '¹¹‘
1642 3739 1719 3794 ¹⁵⁵¹·

143 3864 245 3934 boris
260 3875 417 3935 vetustae
430 3864 587 3948 ruentis,
611 3862 762 3957 perinde
776 3887 817 3935 ac
835 3865 865 3934 si
881 3865 952 3936 iam
969 3867 1139 3940 evellere-

144 3980 206 4040 tur
223 3990 264 4035 ex
281 3979 392 4036 terra:
418 3965 549 4036 deinde
573 3966 734 4060 sequitur
753 3991 860 4063 eques
876 3982 1016 4058 gestans
1032 3971 1139 4042 arbo-

142 4092 219 4140 rem
235 4090 358 4140 rursus
367 4068 571 4152 florentem,
597 4080 718 4159 postea
733 4070 831 4141 canis
840 4072 1039 4159 venaticus,
1063 4086 1139 4145 atra

141 4185 181 4245 et
213 4192 338 4259 magns
372 4191 480 4254 crux,
523 4184 677 4242 extrema
710 4171 842 4263 species
867 4188 942 4245 erat
966 4174 1140 4262 fulminis,
1189 4158 1277 4247 Una
1300 4180 1352 4240 est
1374 4167 1413 4237 in
1434 4169 1582 4238 summis
1603 4169 1789 4244 doloribus
1810 4170 2024 4253 consolatio,
2055 4172 2182 4244 unicus

141 4274 243 4344 neltrt
269 4270 524 4342 inflammantis
548 4272 750 4365 proximum
775 4296 917 4367 pagum.
975 4274 1138 4349 ibicum
1189 4283 1330 4364 portus,
1355 4281 1474 4341 mente
1486 4269 1618 4343 intueri
1636 4270 1836 4344 testimonia
1850 4277 1895 4343 de
1908 4270 2008 4359 Deo,
2032 4287 2067 4345 et
2082 4275 2182 4346 lirtna

141 4375 249 4448 multi
274 4374 313 4444 iu
337 4370 430 4464 agris
447 4368 532 4443 haec
543 4388 748 4455 cernerent,
774 4376 893 4467 puella
912 4377 952 4447 in
968 4402 1011 4450 eo
1026 4377 1139 4470 agmi-
1188 4372 1391 4445 aaaensione
1407 4383 1587 4464 statuere,
1617 4397 1691 4444 esse
1713 4375 1869 4471 aliquam
1883 4371 1953 4446 Ilei
1974 4373 2182 4463 Ecclesiam,

143 4503 191 4550 ne
205 4476 375 4561 attonita,
401 4475 587 4547 exclamat:
620 4474 695 4548 Vae
708 4501 805 4548 mese
822 4474 1048 4551 charissimae
1062 4504 1139 4552 ma-
1187 4489 1224 4547 et
1238 4495 1304 4548 uos
1314 4475 1358 4545 iu
1367 4496 1410 4547 aa
1421 4473 1500 4548 Deo
1514 4497 1617 4547 ettrae
1631 4498 1723 4561 esse,
1747 4492 1783 4548 et
1797 4487 1942 4568 propter
1954 4499 2032 4547 eam
2047 4478 2181 4551 servmi

141 4581 213 4671 tri,
238 4603 345 4674 qnam
366 4600 487 4649 vocem
504 4579 549 4648 de
567 4579 681 4670 patria
695 4591 781 4651 tunc
798 4604 943 4675 quoque
959 4583 1065 4655 multi
1080 4584 1137 4654 in.
1186 4572 1359 4669 hospitia,
1383 4575 1521 4660 literas,
1542 4575 1788 4670 disciplinam,
1809 4579 1920 4667 leges,
1942 4592 1977 4648 et
1990 4578 2080 4650 alios
2097 4602 2179 4652 uer·

140 4681 441 4775 terpretabantur.
500 4679 571 4752 Sed
602 4674 689 4753 haec
716 4682 855 4754 omitto.
912 4682 1029 4776 lpsam
1050 4709 1136 4767 vero
1185 4702 1250 4752 vos
1265 4674 1443 4750 humanae
1455 4677 1642 4754 societatis.
1691 4677 1769 4750 Hac
1784 4703 1850 4751 uos
1863 4678 2104 4753 consolatione
2121 4681 2179 4752 in·

142 4782 329 4861 historiam
354 4794 472 4854 mente
495 4793 710 4874 repetentes,
740 4781 818 4856 Deo
835 4808 980 4876 agamus
994 4788 1137 4878 gratias,
1185 4796 1240 4858 tet
1255 4793 1372 4853 tantas
1385 4780 1617 4874 imperiorum
1637 4780 1762 4852 ruinas
1781 4793 2036 4867 sustentemus,
2059 4793 2096 4854 et
2112 4777 2178 4856 hac

141 4888 240 4981 quod
264 4887 373 4974 longo
395 4885 523 4955 ordine
549 4884 744 4976 sapientes,
773 4887 903 4974 iustos,
933 4892 1136 4965 moderatos
1184 4907 1247 4976 spe
1266 4883 1468 4955 doctrinam
1482 4881 1577 4955 vitae
1590 4882 1715 4955 utilem
1730 4904 1982 4976 propagemus,
2005 4906 2072 4954 nee
2085 4883 2178 4972 ideo,

141 4987 327 5080 Principes
352 4980 410 5056 his
433 4985 639 5077 regionibus
663 4986 780 5073 dedit,
810 5013 964 5082 quornm
989 5007 1025 5064 et
1054 5014 1136 5082 erga
1184 4985 1269 5082 quia
1283 4985 1322 5055 in
1336 4979 1402 5056 bac
1417 4984 1512 5056 vitae
1526 4984 1733 5056 eonmdom
1747 4985 1860 5057 multa
1875 4995 1999 5056 contm
2012 4985 2175 5058 ordinem

141 5091 317 5185 populum
339 5089 505 5159 voluntas
524 5087 593 5162 fuit
611 5102 778 5181 paterna,
804 5103 837 5161 et
862 5114 985 5170 eunus
1002 5095 1137 5166 saluta-
1183 5089 1292 5172 bunt,
1332 5086 1448 5158 excuti
1471 5085 1576 5158 uobis
1605 5085 1843 5159 musionem
1876 5086 1922 5157 de
1952 5086 2175 5178 pmvidentia

140 5196 209 5267 ris:
240 5215 282 5264 ac
303 5188 421 5262 Deum
444 5190 652 5262 ardentibus
672 5191 764 5264 votis
785 5215 947 5280 oremus,
969 5209 1010 5268 ut
1030 5197 1137 5270 dein-
1184 5189 1308 5260 diviua
1321 5189 1499 5274 sinamus,
1520 5189 1584 5261 aed
1601 5202 1751 5282 utraque
1774 5211 1906 5274 manu,
1929 5200 1970 5260 ut
1985 5189 2036 5259 sic
2049 5188 2176 5274 dicam,

140 5317 225 5390 ceps
246 5315 389 5389 quoque
412 5305 510 5384 regat
527 5290 731 5385 principum
752 5308 960 5367 nostrorum
979 5310 1135 5391 pectora.
1183 5306 1364 5365 teneamus
1382 5289 1537 5363 illustria
1565 5303 1603 5362 st
1619 5289 1766 5361 immota
1791 5292 1837 5362 de
1862 5284 1942 5361 Deo
1963 5288 2176 5371 testimonia,

140 5396 378 5470 Verissimum
397 5407 451 5466 est
472 5394 588 5476 enim,
617 5419 682 5466 nec
704 5394 885 5485 foelicem,
916 5421 983 5471 nec
1001 5401 1136 5472 saluta-
1184 5391 1281 5467 boue
1296 5391 1413 5484 ipsum
1427 5392 1590 5463 ordinem
1605 5404 1752 5464 naturae
1764 5385 2061 5484 pulcherrimum,
2086 5392 2177 5482 ligu-

140 5521 218 5574 rem
238 5495 533 5589 gubernationem
549 5519 627 5568 esse
646 5496 718 5570 nisi
739 5498 914 5576 divinitus
934 5502 1135 5578 adiuvetur.
1183 5519 1260 5569 ram
1272 5507 1308 5568 et
1320 5492 1476 5589 {totilum
1492 5492 1735 5669 ωῑῑῐιέῗῐῦι
1757 5515 1890 5588 “Ima
1914 5505 2046 5582 “We
2069 5496 2180 5590 ⁸744

190 5605 372 5674 lisaasra.
397 5601 500 5672 Ocra.
526 5601 688 5670 Vonxi.

1190 3917 1319 3988 Oratio
1343 3912 1391 3989 de
1409 3914 1598 3989 Friderico
1620 3918 1728 3990 Duce
1748 3923 1846 3992 Sua.
1869 3922 2058 4015 Elector03
2092 3944 2118 3994 u
2133 3923 2182 3999 D.

1215 4024 1357 4090 Ioanne
1380 4017 1643 4094 Trutenbal
1662 4024 1764 4094 luris
1782 4023 1955 4096 Consulto
1978 4029 2157 4136 recitato.
