4664 6022
65 278 137 357 aas
381 236 425 257 ⁹
555 277 715 356 onon
744 277 820 353 nn
853 278 1085 354 srunns
1117 274 1618 355 anounscuururu.
2029 271 2104 345 190

58 450 204 520 nullum
221 449 268 521 sit
283 449 524 544 tyrocinium?
547 449 629 522 Non
646 452 755 541 igitur
771 454 877 523 debet
898 467 1061 542 praeter·
1109 453 1226 523 omnis
1250 451 1460 522 aedificandi
1481 451 1587 520 labor
1608 473 1649 520 ac
1668 461 1849 540 sumptus,
1875 461 2042 520 ettamen
2060 466 2102 518 ea

57 552 154 624 mitti
174 551 251 621 ulla
269 553 425 638 occasio,
451 576 520 645 qua
539 567 720 647 utcunque
739 580 858 625 rerum
878 568 1056 625 tantarum
1109 581 1223 650 neque
1238 556 1426 645 conspicua
1440 567 1523 623 sunt
1538 576 1602 621 nec
1616 551 1896 641 magnificentiae
1904 564 1965 622 aut
1979 551 2100 643 splen-

59 655 165 726 ruina
183 653 305 724 fulciri
329 679 368 725 ac
395 650 579 746 prohiberi
598 658 718 749 possit.
772 654 948 727 Examina
973 682 1057 727 vero
1108 659 1189 728 dori
1213 658 1455 727 aedificiorum
1476 656 1672 748 quidquam
1701 656 1857 738 addunt,
1895 654 1944 724 ita
1971 649 2102 723 harum

59 772 255 851 utrumque
280 771 476 847 praestant,
508 758 631 829 fovent
659 760 817 830 studium
849 760 1059 829 ecclesiasti·
1108 762 1305 852 primarum
1329 762 1458 831 artium
1481 757 1677 847 cognitioni
1701 779 1765 826 ceu
1786 756 2020 826 fundamento
2042 755 2103 823 in-

58 884 118 931 cae
133 859 341 945 doctrinae,
368 874 402 930 et
418 862 461 929 ad
479 861 651 931 elementa
667 864 806 952 pietatis
826 863 1056 954 perdiscenda
1109 865 1275 933 nituntur
1289 887 1412 931 omnes
1431 876 1587 931 caeterae
1604 860 1822 950 disciplinae,
1838 859 1910 929 etsi
1926 859 2023 950 ipsae
2039 879 2102 947 per

58 962 211 1051 adigunt
230 962 489 1046 adolescentes,
515 988 636 1033 necea
655 989 819 1056 prorsum
842 965 971 1055 negligi
996 980 1057 1035 aut
1107 966 1278 1034 seminus
1295 960 1429 1035 habent
1450 964 1649 1054 splendoris
1665 974 1726 1031 aut
1742 961 2007 1045 ostentationis,
2032 954 2101 1029 hoc

59 1064 276 1135 intercidere
294 1065 489 1155 patiuntur,
515 1079 549 1136 et
568 1060 695 1137 harum
715 1067 910 1155 primarum
926 1067 1055 1136 artium
1108 1082 1236 1138 tamen.
1251 1067 1340 1136 iuris
1368 1092 1407 1137 ac
1432 1067 1616 1155 dignitatis
1637 1065 1822 1147 obtinent,
1854 1078 1894 1134 ut
1916 1064 1993 1133 sine
2016 1061 2102 1154 ipsit

63 1166 327 1239 Grammaticae
360 1191 400 1236 ac
429 1164 642 1238 Dialecticae
675 1171 877 1240 rudimenta
914 1192 1056 1239 conser—
1108 1171 1248 1239 nullum
1283 1192 1392 1258 genus
1426 1169 1609 1238 doctrinae
1640 1168 1728 1237 disci
1755 1181 1847 1237 recte
1874 1167 2005 1258 possit,
2044 1161 2103 1233 vel

68 1281 154 1340 rant.
213 1267 354 1339 Scimus
378 1282 496 1338 autern
524 1295 629 1362 quam
656 1272 845 1341 difficulter
866 1274 909 1341 ad
935 1297 973 1341 ea
1000 1273 1057 1339 di·
1108 1272 1263 1342 tractari.
1316 1271 1406 1340 Nam
1424 1295 1513 1363 quae
1529 1285 1686 1339 monstra
1702 1270 1847 1358 gignent
1862 1270 1901 1336 in
1919 1268 1999 1337 aliis
2014 1265 2104 1335 arti·

66 1371 190 1442 aenda
207 1371 469 1461 compellantur
483 1372 732 1453 adolescentes,
749 1388 932 1466 propterea
950 1375 1057 1467 quod,
1108 1377 1191 1458 bus,
1234 1375 1297 1466 qui
1331 1374 1522 1456 sermonis,
1567 1397 1672 1465 quem
1709 1369 1949 1440 Grammatico
1978 1369 2104 1451 tradit,

63 1489 206 1547 utvere
232 1470 365 1542 Fabius
390 1474 497 1558 dixit,
527 1475 608 1565 plus
641 1470 773 1546 habent
802 1478 919 1568 operis
949 1499 1056 1570 quam
1109 1477 1224 1567 ignari
1245 1476 1374 1545 errant?
1416 1474 1635 1563 Quamvero
1656 1473 1859 1564 prodigiose
1880 1471 2104 1555 iudicabunt,

62 1575 323 1647 ostentationis.
365 1573 489 1669 Neque
503 1578 693 1646 obscurum
712 1593 780 1663 est,
807 1605 912 1672 quam
929 1574 1057 1648 hairum
1109 1594 1142 1650 et
1165 1602 1252 1672 quas
1279 1576 1482 1662 Chimeras,
1509 1602 1597 1670 quos
1623 1575 1933 1669 Hippocentaurus
1957 1574 2104 1662 fingent,
2140 1600 2143 1605 ·

62 1678 196 1749 artium
232 1677 387 1768 cognitio
438 1680 632 1750 necessaria
665 1682 713 1750 sit
745 1683 787 1750 ad
819 1683 1058 1775 quodcunque
1109 1685 1152 1751 ad
1178 1705 1425 1775 quamcunque
1457 1681 1684 1771 disciplinam
1713 1692 1883 1771 proruent
1912 1700 2004 1761 sese,
2040 1672 2102 1768 qui

62 1779 213 1852 omnino
237 1802 347 1869 genus
373 1782 556 1849 doctrinae
579 1784 861 1873 adspirantibus;
894 1798 929 1853 et
950 1808 1057 1876 quam
1108 1782 1322 1854 Dialecticae
1342 1783 1501 1853 subsidio
1524 1782 1704 1861 destituti,
1738 1805 1852 1873 neque
1873 1804 1948 1848 rem
1975 1779 2104 1847 obscu-

61 1906 134 1954 non
159 1881 376 1951 infoeliciter
399 1885 523 1968 modo,
549 1888 608 1953 sed
633 1901 667 1957 et
688 1886 840 1977 turpiter
859 1887 1058 1979 superiores
1109 1911 1184 1956 ram
1207 1886 1409 1955 definiendo
1434 1887 1626 1976 explicare,
1665 1909 1730 1953 nec
1756 1883 1958 1972 ambiguam
1982 1880 2104 1949 videre

10 2038 12 2043 -
61 1985 272 2077 disciplinas
295 1999 464 2065 tractent,
492 1988 553 2078 qui
577 1982 662 2057 haec
683 1988 913 2058 fundamenta
937 1988 1057 2075 negle-
1109 2004 1171 2059 aut
1192 1988 1429 2078 distinguere,
1463 2012 1527 2058 nec
1549 2002 1657 2059 totam
1677 1987 1716 2054 in
1739 2000 1853 2078 partes
1878 2007 1959 2055 suas
1980 1978 2105 2051 distri·

61 2101 204 2162 rerunt.
257 2085 356 2176 Quid
373 2089 467 2157 enim
493 2089 531 2156 in
549 2114 760 2182 quacunque
786 2091 853 2159 alia
869 2091 1057 2182 disciplina
1110 2095 1219 2161 buere
1236 2093 1366 2173 scient,
1394 2115 1457 2160 nec
1472 2092 1633 2160 ordinem
1648 2090 1781 2173 ullum,
1808 2103 1869 2158 aut
1881 2107 2105 2177 consequen·

61 2189 201 2273 efficiet,
228 2191 290 2282 qui
307 2192 481 2258 sermonis
500 2192 572 2258 vim
590 2216 629 2261 ac
648 2193 897 2282 proprietatem
913 2194 1057 2283 ignora·
1110 2195 1195 2263 tiam
1219 2218 1338 2262 rerum
1358 2194 1568 2283 intelligent.
1621 2187 1722 2261 Nihil
1748 2191 1841 2259 firmi
1866 2214 1932 2258 nec
1956 2188 2025 2280 ipsi
2048 2185 2105 2255 di-

62 2293 139 2363 bit?
166 2291 360 2381 Quomodo
379 2293 441 2361 ille
462 2294 584 2384 scripti
600 2295 750 2365 alicuius
770 2297 980 2365 sententiam
997 2319 1058 2362 ve·
1111 2320 1224 2379 scere,
1250 2319 1366 2387 neque
1387 2296 1475 2364 alios
1489 2297 1614 2364 docere
1636 2306 1822 2386 poterunt,
1848 2314 1977 2384 susque
1991 2290 2105 2380 deque

61 2395 232 2478 nabitur,
258 2419 337 2463 cum
355 2396 462 2465 verba
483 2411 516 2465 et
539 2420 661 2466 eorum
684 2411 894 2467 structuram
912 2423 985 2466 non
1000 2399 1057 2465 in·
1110 2398 1254 2469 incertis
1282 2411 1395 2482 certa,
1437 2422 1518 2467 vera
1548 2396 1646 2465 falsis
1672 2397 1844 2464 misceant
1876 2415 2015 2461 necesse
2042 2401 2105 2461 est.

59 2496 224 2589 telliget?
271 2495 388 2586 Quam
420 2500 622 2589 prodigiosa
652 2501 789 2569 somnia
818 2501 942 2589 finget,
977 2524 1058 2568 cum
1109 2501 1432 2572 Commemorarem
1450 2523 1556 2592 quam
1575 2498 1673 2566 noxii
1689 2500 1776 2569 tales
1792 2497 1923 2566 deinde
1939 2489 2105 2563 homines

62 2601 110 2671 ita
124 2624 192 2671 ceu
209 2599 267 2667 via
284 2599 415 2690 lapsus,
441 2602 613 2669 orationis
628 2626 734 2671 sensu
751 2603 950 2686 destitutus,
976 2626 1058 2671 sen·
1109 2603 1318 2694 Rebuspub.
1336 2601 1551 2672 acEcclesiis
1568 2601 1705 2670 soleant
1720 2623 1804 2683 csse,
1831 2612 1864 2667 et
1879 2620 1986 2690 quam
2001 2617 2104 2686 saepe

61 2702 212 2775 tentiam
240 2701 338 2772 velut
368 2702 407 2770 in
439 2704 597 2773 tenebris
626 2706 774 2796 palpans
807 2701 1059 2796 prehensabit?
1111 2707 1308 2796 ingentium
1332 2706 1551 2777 tumultuum
1575 2717 1681 2796 atque
1704 2703 1862 2773 cladium
1880 2713 2021 2768 autores
2044 2720 2104 2765 ex-

59 2802 187 2880 Rebus
214 2828 358 2896 quoque
392 2829 472 2874 eum
506 2808 650 2876 destitui
678 2828 817 2876 necesse
844 2823 913 2891 est,
949 2831 1055 2902 quem
1112 2809 1267 2892 titerint,
1293 2808 1362 2876 nisi
1389 2809 1426 2875 id
1449 2832 1517 2876 usu
1535 2820 1640 2899 atque
1665 2819 1868 2876 nostrorum
1889 2802 1994 2872 etiam
2013 2814 2104 2870 tem·-

61 2908 180 2980 ontio
194 2920 231 2976 et
247 2907 372 2993 verba,
398 2908 529 3000 quibus
546 2933 601 2977 res
616 2922 699 2979 sunt
716 2910 895 2979 involutae
917 2934 956 2979 ac
973 2935 1058 3002 pro-
1112 2936 1238 3004 porum
1254 2910 1467 3001 experientia
1483 2910 1593 2977 nimis
1609 2924 1736 2978 notum
1750 2931 1822 2976 esse
1837 2905 2043 2985 arbitrarer,
2069 2912 2105 2969 et

65 3010 180 3095 ditae,
206 3009 416 3081 destituunt.
468 3008 577 3081 Recte
599 3013 707 3101 igitur
726 3009 966 3082 Grammatica
988 3038 1058 3082 nu·
1110 3013 1271 3105 angustia
1293 3013 1463 3102 temporis
1484 3036 1541 3082 me
1566 3012 1603 3081 id
1625 3011 1739 3081 facere
1762 3003 1943 3103 prohibet.
2004 3004 2105 3095 Qua-

61 3112 192 3184 nicola
214 3112 347 3181 dicitur
370 3113 531 3181 omnium
561 3116 690 3182 artium
715 3138 754 3182 ac
778 3115 1059 3205 disciplinarum,
1111 3130 1255 3209 propter
1277 3115 1346 3184 iam
1370 3116 1475 3183 finem
1498 3115 1645 3200 faciam,
1669 3114 1907 3183 adolescentes
1924 3103 2106 3191 adhortor,

59 3215 168 3287 etilli
183 3227 341 3300 caeterae
364 3215 523 3299 laudem,
550 3212 646 3285 hunc
662 3212 835 3284 honorem
854 3233 887 3288 et
911 3219 1057 3306 gratiam
1108 3235 1149 3289 nt
1165 3221 1271 3287 istum
1290 3218 1449 3287 discendi
1466 3217 1650 3301 ordinem,
1676 3239 1781 3310 quem
1799 3238 1864 3307 per
1885 3209 1951 3282 hos
1974 3211 2104 3300 gradm

57 3316 314 3388 nutricationis
335 3317 490 3387 libenter
513 3319 691 3387 tribuunt:
722 3332 868 3387 sumunt
897 3321 1059 3389 animab
1111 3335 1243 3390 veteres
1267 3321 1482 3410 descriptum
1505 3320 1715 3402 voluerunt,
1749 3332 1784 3387 et
1806 3315 1986 3392 examina,
2013 3335 2105 3403 quo-

64 3418 352 3512 eaunaqualibet
373 3433 506 3488 certum
531 3445 569 3488 ac
594 3421 780 3512 proprium
803 3421 975 3490 orationis
1000 3443 1060 3509 ge·
1111 3447 1189 3491 rum
1212 3437 1283 3491 tam
1305 3421 1540 3513 multiplicem
1562 3421 1750 3490 utilitatem
1773 3441 1846 3487 esse
1864 3417 2006 3501 vident,
2029 3435 2104 3481 non

63 3546 147 3607 nus,
171 3535 207 3592 et
220 3535 340 3591 arcent
353 3546 392 3590 ac
408 3523 586 3612 repellunt
602 3548 620 3592 a
636 3546 672 3591 se
688 3546 748 3591 eos
763 3522 967 3613 discipulos,
996 3524 1059 3614 qui
1111 3536 1353 3606 contemnant,
1379 3525 1439 3592 sed
1456 3535 1612 3594 statuant
1628 3521 1766 3614 eosqui
1782 3520 1848 3589 ista
1863 3517 2105 3597 instituerunt,

64 3622 330 3695 Grammaticae
351 3625 461 3693 ubera
488 3626 586 3715 prius
610 3650 683 3694 non
706 3638 888 3699 suxerunt.
940 3624 1059 3713 Quin·
1110 3651 1176 3697 usu
1190 3640 1295 3719 atque
1310 3640 1421 3696 aetate
1435 3627 1514 3716 plus
1530 3627 1673 3714 vidisse,
1701 3637 1735 3694 et
1748 3621 1953 3691 fidelissime
1970 3615 2105 3686 doctri·

62 3726 208 3797 tilianus
226 3726 376 3820 requirit
395 3727 451 3795 vel
473 3728 658 3819 praecipue
681 3728 832 3798 nutricis
851 3752 993 3819 operam
1021 3730 1059 3796 in
1110 3753 1178 3798 nae
1220 3728 1345 3798 studiis
1385 3753 1425 3799 ac
1458 3727 1668 3820 Rebuspub.
1702 3726 1904 3797 consultum
1943 3720 2105 3810 cupiisse.

64 3830 253 3900 formando
269 3830 369 3919 pueri
387 3853 448 3897 ore
463 3853 503 3898 ac
521 3831 660 3920 lingua,
687 3832 834 3922 vultque
852 3831 958 3921 deligi
982 3855 1057 3900 non
1109 3832 1283 3903 Dissoluti
1304 3832 1439 3921 ingenii
1466 3846 1536 3917 est,
1571 3855 1651 3901 cum
1675 3825 1905 3900 sanctissimis
1928 3823 2105 3892 maiorum

67 3932 289 4015 indisertam,
342 3944 375 4001 et
407 3932 610 4003 fabularum
643 3958 683 4003 ac
718 3930 949 4004 historiarum
982 3956 1057 4002 non
1110 3935 1282 4005 institutis
1296 3957 1336 4001 ac
1350 3935 1509 4004 moribus
1524 3956 1693 4027 pugnare,
1716 3946 1750 4002 et
1765 3930 1883 3999 nullas
1896 3929 2000 4016 leges,
2021 3921 2105 3992 nul·

71 4033 246 4123 gnaram,
272 4056 433 4127 quaeque
449 4060 529 4103 cum
555 4036 670 4126 primo
689 4035 777 4104 lacte
797 4035 903 4105 simul
928 4060 1058 4126 purum
1110 4039 1185 4106 lum
1207 4037 1370 4106 ordinem
1388 4060 1510 4121 nosse,
1536 4050 1667 4106 temere
1682 4034 1802 4104 omnia
1820 4033 1978 4122 citraque
1993 4022 2125 4097 ratio-¹

10 4150 13 4159 '
73 4136 238 4207 orationis
270 4157 380 4224 genus
406 4151 441 4206 et
455 4139 626 4229 quaedam
646 4137 860 4208 liberalioris
876 4139 1059 4208 doctrinae
1110 4164 1192 4209 nem
1217 4138 1483 4224 administrare,
1517 4136 1746 4232 Cyelopicum
1771 4147 1837 4205 est.
1893 4130 1995 4218 Quae
2024 4127 2104 4219 plus

74 4239 238 4308 elementa
267 4239 441 4307 instillare
465 4241 585 4329 possit.
646 4239 749 4329 Quae
772 4264 857 4309 vero
880 4241 1058 4310 nutricula
1110 4267 1215 4335 quam
1249 4241 1434 4310 barbarica
1461 4241 1552 4325 vita,
1589 4241 1672 4335 quia
1698 4253 1821 4309 nostro
1850 4235 1968 4305 seculo
1995 4229 2104 4300 nimie

75 4355 178 4429 potest
193 4343 237 4411 ad
258 4337 343 4411 haec
359 4342 541 4412 efficienda
559 4343 669 4431 magis
687 4343 816 4413 idonea
835 4366 925 4427 esse,
951 4367 1057 4436 quam
1112 4346 1225 4436 placet
1248 4338 1475 4428 hominibus,
1500 4345 1663 4412 videmus
1682 4366 1788 4435 quam
1805 4338 1928 4408 multis
1951 4329 2105 4421 ingenti·

79 4437 330 4513 Grammatico?
382 4441 527 4514 Format
558 4440 644 4513 haec
678 4446 851 4538 fingitque
883 4468 923 4513 os
957 4446 1058 4537 pueri
1109 4450 1177 4517 bus
1199 4446 1302 4514 malis
1327 4446 1490 4516 laborent
1512 4441 1570 4515 his
1597 4444 1820 4537 temporibus
1840 4463 1896 4510 res
1917 4435 2104 4514 humanae,

10 4582 32 4623 .:
81 4555 245 4631 tenerum,
271 4547 463 4616 adsuefecit
484 4548 528 4615 ad
546 4549 720 4616 sermonis
745 4571 855 4637 genus
872 4549 1057 4640 proprium
1110 4561 1311 4643 quantaque
1326 4549 1371 4619 sit
1386 4550 1547 4617 omnium
1562 4572 1674 4640 prope
1693 4570 1812 4616 rerum
1828 4538 2048 4636 perturbatio
2062 4558 2104 4606 ac

10 4624 39 4831 q
82 4663 278 4733 etcertum,
302 4653 504 4739 poematum
522 4662 627 4742 atque
643 4645 873 4722 historiarum
891 4652 1058 4720 noticiam
1110 4650 1350 4735 labefactatio,
1388 4665 1421 4720 et
1446 4675 1551 4743 quam
1576 4674 1650 4720 non
1681 4649 1788 4740 paulo
1818 4646 2000 4736 graviora.
2032 4638 2104 4708 nisi

83 4752 194 4835 tradit,
220 4766 255 4821 ct
272 4752 335 4820 illo
353 4751 470 4841 primo
485 4751 574 4821 lacte
592 4753 813 4846 eloquentiae
830 4775 869 4821 ac
886 4753 1059 4842 gravioris
1109 4753 1207 4824 Deus
1237 4754 1409 4843 singulari
1439 4753 1625 4823 clementia
1655 4748 1864 4845 prohibeat,
1898 4745 2104 4836 impendere

10 4908 33 4947 ς
84 4848 253 4924 doctrinae
280 4866 421 4944 pectora
447 4854 527 4938 alit,
560 4856 709 4945 subigit,
734 4868 991 4947 praeparatque
1014 4857 1057 4924 ad
1110 4856 1310 4927 videantur.
1361 4853 1413 4926 Ut
1438 4856 1532 4924 enim
1558 4856 1597 4923 in
1624 4866 1816 4933 concentu,
1840 4849 1870 4916 si
1887 4874 1956 4918 vox
1972 4872 2044 4917 una
2058 4845 2105 4914 ab

10 4994 40 5051 5
83 4956 275 5044 rapiendum
311 4956 512 5026 uberiorem
547 4971 762 5027 caeterarum
790 4957 1059 5049 disciplinarum
1110 4955 1296 5028 harmonia
1321 4958 1505 5042 dissideat,
1530 4971 1686 5026 caeterae
1705 4975 1828 5024 omues
1843 4951 2026 5023 dissonare
2046 4949 2104 5018 in·

15 5054 39 5147 ‚p
84 5056 212 5128 tultum.
264 5056 348 5127 Nou
377 5058 485 5147 igitur
518 5061 636 5129 tenuis
669 5074 730 5130 aut
756 5060 874 5128 ieiuna
907 5073 958 5129 est
984 5060 1059 5128 eius
1109 5062 1266 5152 cipiunt,
1301 5074 1443 5153 totaque
1472 5055 1683 5154 symphonia
1714 5062 1964 5151 perturbatur,
1999 5063 2047 5129 ita
2074 5061 2105 5130 si

10 5202 37 5251 μ
83 5177 190 5246 opera,
221 5162 281 5230 sed
308 5162 364 5230 vel
388 5161 574 5252 praecipua
596 5177 629 5232 et
654 5187 695 5231 ex
720 5163 887 5231 omnibus
908 5164 1059 5231 maxime
1109 5163 1845 5254 unaaliquainrealegibusdisceditur,
1876 5164 2105 5259 consequitur

10 5278 39 5569 Ξ
82 5265 270 5348 mazaria,
291 5264 355 5335 etsi
372 5262 406 5331 id
422 5264 460 5331 in
476 5265 627 5355 speciem
644 5267 764 5333 minus
777 5267 931 5356 adparet.
966 5262 1056 5333 Nam
1109 5266 1189 5333 aliis
1215 5288 1358 5358 quoque
1384 5264 1423 5332 in
1449 5265 1555 5334 rebus
1581 5266 1720 5335 infinita
1753 5269 1973 5360 perturbatio
1999 5281 2105 5359 atque

82 5367 364 5452 quemadmodum
383 5367 625 5436 fundamentis
641 5368 723 5436 nixa
740 5382 823 5436 sunt
842 5380 875 5435 et
900 5367 1057 5436 fulciun-
1109 5367 1294 5458 dissipatio
1316 5366 1455 5435 ordinis
1479 5390 1519 5436 ac
1542 5367 1760 5458 disciplinae.
1812 5370 2041 5462 Quapropter
2057 5394 2104 5441 ne

81 5470 129 5535 tur
149 5469 325 5554 aedificia,
366 5492 455 5562 quae
489 5469 519 5538 si
547 5494 673 5561 parum
701 5471 802 5539 firma
828 5483 930 5555 sunt,
964 5471 1056 5562 perit
1108 5470 1258 5541 minima
1287 5469 1432 5563 quidem
1466 5474 1724 5541 contemnenda
1760 5488 1861 5558 sunt,
1900 5473 2106 5563 praesertim
