4664 6022
135 307 217 380 set

139 481 247 572 cipit,
280 492 316 549 et
340 475 535 548 Ecclesiam
556 489 736 545 aeternam
759 471 829 541 sibi
855 468 1002 559 colligit.
1062 463 1136 556 Ipsi

139 584 248 655 etiam
273 581 463 652 mediatori
489 578 621 669 gratiae
653 577 808 666 agendae
829 586 931 654 serrat,
974 570 1069 664 quod
1098 568 1136 635 in

142 710 216 758 sese
232 685 408 755 derivavit
424 685 532 761 iram,
558 705 598 751 ac
614 671 733 775 felepa
747 677 936 770 persolvit,
961 675 1058 768 quod
1071 672 1138 740 ad-

142 804 195 860 est
209 788 331 871 nobis,
358 802 392 856 et
407 810 472 856 nos
486 809 552 856 suo
570 784 720 855 flumine
737 797 772 853 et
787 783 884 851 lavat
895 791 930 849 et
947 790 1054 870 potat.

246 907 318 980 Sed
357 903 595 975 consternatio
636 902 722 996 quid
760 897 958 990 significat?
1023 894 1140 967 Sentit

23 1056 27 1064 -
145 1009 288 1106 Moyses
317 1034 446 1078 arcano
472 1020 573 1075 motu
602 1001 694 1074 hanc
728 1019 846 1096 petrae
877 999 1139 1093 percussionem

147 1114 335 1203 imaginem
359 1136 433 1182 esse
455 1123 626 1179 venturae
649 1108 832 1191 victimae,
857 1118 891 1174 et
911 1099 1141 1174 cohorrescitt

145 1217 369 1308 praesagiens
395 1212 486 1283 hanc
510 1213 622 1305 ipsam
645 1212 826 1303 politiam,
866 1230 956 1301 quae
982 1228 1067 1274 voce
1085 1203 1142 1272 di-

147 1320 229 1388 vina
249 1319 440 1388 constituta
456 1330 547 1400 erat,
573 1330 613 1385 ut
628 1313 849 1384 domicilium
867 1306 1143 1379 essetEcclesiae

146 1419 235 1506 Dei,
263 1444 508 1513 percussuram
524 1413 678 1488 essehoc
694 1440 837 1500 saxum,
870 1414 906 1482 id
928 1425 999 1490 est,
1031 1409 1141 1479 truci-

144 1527 309 1594 daturam
335 1521 553 1602 Dominum,
587 1519 649 1614 qui
674 1519 815 1589 victima
840 1540 904 1608 pro
925 1536 1052 1604 genere
1075 1506 1144 1580 hu-

146 1650 254 1696 mano
269 1627 511 1695 futuruserat.
565 1621 751 1693 luteritum
776 1621 895 1712 itaque
921 1640 1003 1688 suae
1029 1612 1143 1704 gentis

148 1729 386 1822 prospiciens,
412 1751 517 1821 quem
539 1740 626 1796 tunc
649 1748 791 1819 quoque
811 1721 1055 1812 significabant
1079 1741 1144 1809 po-

148 1833 224 1923 puli
258 1824 463 1901 circumfusi
496 1829 674 1913 convicia,
724 1825 861 1916 ingenti
900 1823 1025 1893 dolore
1057 1845 1145 1891 con-

148 1937 292 2005 cutitur.

254 2051 377 2146 ltaque
410 2046 503 2120 hanc
535 2075 655 2120 vocem
684 2050 795 2118 edunt
820 2063 939 2141 postea
963 2041 1146 2116 Pharisaei

150 2155 370 2226 interfecturi
394 2151 610 2223 Dominum:
651 2150 781 2243 Legem
804 2146 996 2232 habemus,
1032 2163 1066 2218 et
1091 2171 1141 2216 se·

151 2262 307 2329 cundum
327 2259 437 2346 legem
451 2271 607 2328 nostram
624 2253 716 2324 mori
738 2279 818 2325 eum
840 2265 990 2347 oportet.
1042 2249 1146 2339 Legis

150 2363 268 2432 studio
289 2373 323 2429 et
338 2373 519 2450 praetextu
535 2359 573 2427 in
590 2382 671 2427 eum
685 2358 867 2443 saeviunt,
896 2357 978 2450 quia
1001 2353 1145 2445 opinio-

149 2488 233 2533 nem
264 2463 422 2554 ipsorum
455 2463 500 2531 de
528 2461 604 2551 lege
631 2462 787 2530 taxabat:
829 2483 898 2554 qua
923 2457 1145 2539 labefactata,

150 2567 312 2660 politiam
330 2565 504 2634 ruituram
523 2588 596 2635 esse
613 2562 931 2634 ratiocinabantur.
985 2559 1035 2630 lta
1055 2584 1146 2628 sem-

152 2694 215 2763 per
229 2669 397 2739 omnibus
413 2669 588 2739 aetatibus
608 2666 796 2759 opiniones
818 2665 984 2760 politicae
1005 2665 1048 2731 de
1070 2662 1147 2751 lege

149 2775 271 2844 ferunt
285 2785 441 2865 petram,
469 2787 503 2844 et
518 2783 657 2841 armant
670 2770 924 2859 gubernatores
940 2781 1063 2836 contra
1087 2788 1146 2832 ve-

148 2901 227 2946 ram
243 2871 449 2944 Ecclesiam.

255 2995 361 3066 Nunc
377 2997 522 3077 videtis,
550 3020 640 3090 quae
663 3009 868 3087 argumenta
887 2993 1074 3086 praecipue
1092 3017 1146 3062 sa-

152 3099 288 3193 pientes
305 3100 469 3184 incitent,
496 3099 558 3193 qui
574 3097 705 3169 nostris
720 3093 886 3167 Ecclesiis
902 3097 1039 3167 inimici
1055 3109 1149 3181 sunt,

152 3202 255 3273 aiunt
268 3203 432 3272 ordinem
446 3214 480 3272 et
493 3196 718 3271 harmoniam
733 3200 876 3292 politiae
897 3198 1148 3270 ecclesiasticae

151 3304 302 3390 turbari,
326 3305 428 3376 aiunt
442 3303 522 3394 iuge
537 3305 746 3375 sacrificium
762 3303 909 3389 aboleri,
928 3303 1028 3374 aiunt
1042 3301 1150 3371 disci·

154 3408 272 3500 plinae
297 3432 426 3478 nervos
449 3407 552 3476 solvi.
603 3404 680 3477 Hae
699 3420 782 3476 sunt
801 3430 905 3476 voces
921 3405 1147 3498 politicorum

151 3510 325 3588 virorum,
353 3511 414 3604 qui
431 3508 518 3601 legis
532 3512 694 3581 custodes
710 3504 892 3600 perhiberi
907 3509 1043 3580 volunt.
1076 3505 1149 3575 Nee

154 3611 230 3683 leve
247 3627 298 3682 est
312 3609 379 3682 hoc
394 3625 582 3693 certamen,
600 3637 665 3682 nec
678 3611 887 3682 diiudicatio
903 3611 953 3697 fit,
975 3626 1013 3681 ut
1029 3611 1069 3678 in
1086 3635 1151 3677 ne-

153 3715 259 3804 gotiis
274 3716 487 3815 forensibus.

255 3832 326 3904 Sed
345 3829 431 3904 haec
452 3833 527 3922 ipsa
544 3846 661 3925 petra,
691 3833 796 3904 etiam
818 3857 901 3902 cum
925 3831 993 3902 icta
1018 3843 1087 3914 est,
1116 3843 1151 3901 et

153 3936 280 4009 effudit
293 3936 443 4033 flumina
452 3930 659 4026 Evangelii,
685 3949 804 4007 tamen
821 3959 895 4007 non
912 3933 1063 4013 corruit,
1088 3935 1150 4002 sed

154 4055 221 4110 stat
237 4040 348 4108 ardua
367 4039 505 4109 coelum
524 4037 654 4109 vertice
678 4038 874 4130 attingens,
899 4036 936 4108 id
962 4050 1031 4121 est,
1060 4034 1151 4106 vivit

153 4140 248 4210 filius
264 4137 333 4209 Dei
350 4141 522 4224 invictus,
548 4165 614 4211 nec
632 4165 754 4211 vocem
776 4165 862 4212 suae
882 4139 1066 4210 doctrinae
1091 4163 1150 4208 ex·

153 4241 268 4333 tingrri
283 4243 380 4312 sinit.
431 4241 581 4334 Semper
595 4241 701 4313 etiam
718 4230 838 4315 coetus
853 4242 991 4337 aliquos
1007 4264 1089 4312 suos
1110 4241 1150 4310 iu

151 4358 281 4436 genere
297 4339 456 4416 humano
473 4361 607 4431 servat,
633 4359 669 4417 et
682 4346 782 4417 illam
799 4346 1005 4437 sapientiam
1023 4345 1150 4415 adver-

153 4463 287 4518 santem
312 4447 359 4519 ita
386 4449 515 4519 refutat
538 4448 630 4540 ipse,
658 4464 699 4521 ut
722 4448 890 4540 imperia,
914 4471 1005 4543 quae
1028 4446 1151 4515 defeu-

153 4550 241 4620 duut
260 4550 376 4637 idola,
399 4565 434 4623 et
446 4551 550 4621 falsas
565 4553 609 4620 de
633 4551 708 4640 lege
728 4552 937 4642 opiniones,
967 4564 1002 4621 et
1024 4547 1151 4623 sitiunt

152 4654 358 4744 sauguinem
379 4669 472 4725 recte
487 4653 731 4724 invocantium
745 4651 882 4740 Deum,
904 4666 1049 4727 evertat.

257 4770 313 4843 Ad
334 4768 427 4843 hanc
449 4797 593 4865 rupem,
621 4772 748 4856 idest,
769 4776 812 4844 ad
831 4774 945 4843 lilium
961 4770 1048 4857 Dei,
1072 4768 1149 4842 Do-

152 4875 290 4943 minum
305 4889 467 4946 nostrum
485 4874 600 4947 lesum
617 4871 819 4961 Christum,
842 4898 1048 4969 percussum
1063 4875 1151 4963 lege,

153 4975 191 5047 id
209 4988 278 5062 est,
304 4978 561 5068 persolventem
581 4969 699 5073 λύτρα
716 5003 781 5069 pro
802 4980 929 5060 nobis,
963 4978 1148 5068 confugia·

151 5103 242 5164 mus,
269 5094 303 5150 et
318 5095 488 5171 petamus,
513 5094 552 5151 ur
565 5097 703 5150 mentes
718 5094 856 5152 nostras
870 5076 1148 5154 flumineEvan·

150 5182 234 5272 gelii
248 5183 304 5253 sui
322 5196 431 5275 potet.
484 5181 557 5253 Nos
574 5183 680 5254 etiam
697 5183 813 5268 avidi,
839 5178 905 5256 hos
919 5182 1042 5254 latices
1058 5178 1148 5252 hau·

152 5283 306 5364 riamus,
332 5298 426 5355 recte
447 5286 622 5357 discamus
644 5285 863 5371 doctrinam,
893 5285 1148 5378 amplectamur

149 5410 243 5469 eam,
278 5390 382 5459 etad
409 5412 511 5460 usum
537 5389 746 5482 quotidiana
775 5388 1002 5461 invocatione
1027 5403 1145 5461 trans·

145 5488 312 5565 feramus.

610 294 769 373 usco
805 291 878 368 DE
911 288 1076 367 MOSE
1108 279 1419 359 FERIENTE
1448 280 1709 359 PETRAM.

1290 455 1339 531 Et
1363 457 1446 550 quia
1471 456 1567 526 Deus
1588 455 1627 523 in
1649 455 1710 525 illa
1736 470 1854 549 petrae
1880 457 2127 550 percussione,
2152 459 2188 529 id

1191 576 1259 646 est,
1292 574 1405 630 morte
1428 559 1490 628 filii
1514 559 1670 630 ostendit
1694 561 1977 651 magnitudinem
2007 561 2082 630 irae
2108 584 2190 632 suae

1191 668 1359 735 adversus
1377 677 1533 754 peccata,
1560 685 1625 730 nos
1648 687 1790 757 quoque
1808 688 1889 733 vere
1906 687 2191 756 expavescamus,

1192 785 1225 840 et
1239 765 1440 837 errantibus
1457 765 1710 854 cupiditatibus
1724 768 1846 835 frenos
1861 767 2077 840 iniicismus.

1293 868 1402 938 Punit
1418 883 1585 960 utrosque
1601 864 1717 952 Deus,
1744 884 1777 939 et
1792 864 1910 941 hostes
1925 866 2133 960 Evangelii,
2158 885 2192 941 et

1193 974 1300 1056 alios,
1336 971 1399 1064 qui
1430 971 1638 1040 simulantes
1671 972 1830 1043 studium
1863 970 2075 1061 Evangelii,
2117 972 2191 1043 siue

1195 1089 1290 1145 metu
1314 1072 1383 1143 Dei
1416 1071 1672 1164 cupiditatibus
1703 1075 1775 1145 suis
1805 1076 2004 1166 indulgent.
2072 1075 2192 1170 ltaque

1194 1201 1297 1268 saepe
1335 1189 1415 1267 post
1446 1189 1650 1245 renovatam
1683 1178 1866 1249 doctrinae
1899 1203 2022 1249 vocem
2058 1178 2192 1250 duriter

1195 1293 1408 1375 quassantur
1425 1291 1518 1348 totae
1533 1290 1664 1367 gentes.

1296 1380 1440 1471 Magnis
1452 1380 1710 1452 calamitatibus
1726 1382 1786 1451 illa
1802 1382 1877 1474 ipsa
1893 1384 2091 1455 multitudo
2108 1408 2189 1476 pau·

1196 1486 1296 1557 latim
1319 1486 1433 1556 deleta
1456 1497 1527 1569 est,
1552 1507 1642 1576 quae
1665 1509 1786 1555 vocem
1804 1484 1923 1581 Moysi
1948 1487 2131 1573 audierat,
2161 1502 2190 1558 et

1197 1589 1381 1659 manifesta
1396 1585 1462 1658 Dei
1481 1585 1682 1659 testimonia
1699 1588 1854 1661 viderat:
1889 1592 1972 1684 quia
1998 1591 2078 1660 sine
2100 1604 2185 1662 mdo

1196 1690 1263 1762 Dei
1280 1692 1424 1776 ruebat,
1449 1714 1521 1783 quo
1537 1713 1658 1762 caecae
1674 1691 1885 1782 cupiditates
1898 1686 2108 1764 trahebant:
2130 1717 2184 1765 oec

1197 1796 1323 1878 fidem,
1349 1816 1414 1862 uec
1430 1817 1549 1861 veram
1566 1792 1826 1865 invocationem
1843 1795 1935 1867 tueri
1949 1797 2128 1866 studebat.

1299 1893 1497 1985 Dissipatae
1519 1908 1603 1964 sunt
1624 1910 1658 1964 et
1679 1898 1799 1968 decem
1824 1899 1939 1969 tribus
1955 1912 2036 1990 post
2052 1896 2185 1969 Heliam

1198 2013 1234 2070 et
1250 1997 1449 2069 Heliseum:
1476 2022 1515 2066 ac
1531 1997 1652 2068 utalia
1669 2000 1852 2087 omittam,
1877 1984 2055 2072 Lhodicea
2078 2015 2113 2073 et
2126 1999 2186 2072 Co·

1198 2104 1330 2180 lossae,
1357 2125 1453 2169 anno
1470 2101 1632 2192 proximo
1648 2115 1727 2193 post
1739 2101 1842 2172 Pauli
1859 2119 2032 2189 mortem,
2056 2117 2098 2174 ut
2110 2128 2184 2174 nar·

1198 2219 1252 2275 rat
1265 2203 1481 2294 Eutropius,
1508 2199 1710 2274 dehiscente
1728 2218 1842 2288 terra,
1869 2208 2060 2298 absorptae
2076 2223 2162 2278 sunt.

1304 2305 1433 2376 Fuerat
1456 2319 1591 2388 autem,
1619 2321 1659 2376 ut
1680 2307 1797 2393 scitis,
1820 2304 2064 2379 Ecclesiarum
2092 2311 2182 2380 iniis

1200 2409 1341 2503 oppidis
1357 2402 1528 2502 οὶκηστὴς
1543 2405 1676 2478 Paulus
1693 2409 1785 2500 ipse,
1817 2404 1935 2504 quiet
1956 2426 2120 2484 amanter
2136 2438 2181 2484 ea·

1199 2539 1279 2583 rum
1297 2512 1460 2604 pietatem
1477 2511 1666 2603 praedicat.
1720 2511 1792 2583 Sed
1817 2514 1949 2609 reliqui
1971 2528 2077 2585 erant
2095 2516 2179 2589 multi

1199 2611 1334 2686 hostes:
1383 2614 1489 2684 multi
1516 2615 1684 2704 exemplis
1716 2616 1920 2708 depravati,
1959 2617 2177 2692 redibantsd

1200 2718 1357 2813 priorem
1374 2717 1567 2789 licentiam.
1690 2734 1693 2743 '

1301 2816 1531 2889 Germaniam
1551 2817 1753 2887 universam
1771 2835 1851 2910 post
1866 2824 2061 2894 reverendi
2076 2820 2172 2900 Ebo-

1201 2917 1294 2993 theri
1314 2937 1484 3002 mortem,
1513 2934 1666 3014 quantae
1686 2922 1902 2994 calamitates
1925 2923 2168 3020 oppresserunt?

1202 3028 1287 3095 dum
1308 3024 1455 3118 plurimi
1478 3024 1555 3093 siue
1577 3037 1673 3093 nictu
1697 3024 1768 3095 Dei
1791 3044 1969 3120 quaeruut
1990 3033 2176 3125 voluptates,

1202 3142 1336 3199 certant
1348 3126 1565 3211 ambitione,
1591 3125 1775 3220 negligunt
1791 3129 2069 3224 inquisitionem
2083 3155 2180 3206 remu

1202 3232 1496 3301 necessariarum:
1524 3241 1558 3298 et
1572 3254 1593 3298 o
1609 3254 1685 3298 rem
1699 3230 1882 3319 miseram,
1905 3238 2122 3311 confirmant
2133 3260 2185 3308 au·

1202 3334 1339 3404 daciam
1358 3347 1393 3402 et
1411 3332 1604 3423 potentiam
1621 3328 1776 3402 hostium
1793 3333 1996 3427 Evangelii.

1304 3434 1457 3505 Pericles
1478 3448 1577 3504 moto
1600 3435 1695 3503 hello
1722 3436 1875 3525 difficili,
1918 3442 2061 3536 inquit,
2092 3439 2189 3533 magis

1202 3563 1239 3607 se
1253 3553 1411 3609 metuere
1428 3537 1620 3607 domestica
1638 3537 1735 3623 vitia,
1761 3563 1866 3632 quam
1882 3538 2045 3617 hostium
2060 3544 2151 3614 vires
2164 3555 2191 3613 et

1203 3640 1372 3725 consilia,
1395 3643 1539 3733 paciflua
1555 3632 1596 3711 δὲ
1609 3634 1827 3736 πεφόβημαι
1842 3640 1910 3727 τὰς
1933 3644 2075 3729 οῑκεῒας
2093 3641 2190 3743 ἡμῶν

1204 3737 1391 3840 ἁμαρτίας
1397 3795 1409 3828 ,
1450 3736 1562 3835 ἢτᾶς
1582 3746 1661 3813 τῶν
1681 3739 1865 3819 ἐναντίων
1895 3742 2078 3832 διανόιας.
2146 3744 2191 3820 Ac

1204 3850 1403 3942 plerunque
1424 3845 1473 3915 ita
1497 3845 1644 3927 accidit,
1677 3846 1776 3939 prius
1797 3849 1990 3924 domestica
2009 3854 2105 3924 male
2121 3863 2192 3923 suot

1203 3949 1310 4021 exitio
1333 3947 1513 4041 imperiis,
1548 3971 1654 4041 quam
1676 3964 1820 4022 externa
1844 3953 2030 4027 violentia.
2093 3953 2193 4027 Cum-

1204 4077 1273 4147 que
1293 4051 1487 4143 petulantia
1504 4074 1601 4120 nunc
1620 4051 1657 4119 iu
1674 4053 1799 4124 multis
1814 4071 1967 4143 crescet,
1993 4058 2192 4152 impendere

1204 4155 1355 4225 maiores
1371 4154 1496 4224 ruinae
1510 4154 1687 4223 videntur.
1746 4155 1817 4227 Sed
1830 4182 1898 4230 .vos
1914 4184 1980 4231 oro
1995 4174 2032 4232 et
2044 4162 2194 4233 obtestor

1204 4271 1350 4351 propter
1363 4257 1477 4327 lilium
1490 4253 1557 4325 Dei
1585 4271 1618 4326 et
1642 4272 1788 4348 propter
1802 4261 1951 4331 salutem
1965 4278 2140 4349 vestram,
2158 4275 2193 4335 ut

1203 4361 1306 4430 adlici
1330 4383 1393 4428 vos
1418 4360 1526 4430 tantis
1550 4354 1729 4429 Ecclesiae
1761 4375 1795 4433 et
1825 4365 1959 4456 patriae
1989 4366 2193 4437 vulneribus

1203 4462 1417 4547 ostendatis,
1442 4485 1481 4530 ac
1494 4462 1724 4533 modestiores
1741 4478 1777 4535 et
1790 4465 1827 4534 iu
1843 4467 1953 4539 omni.
1964 4469 2090 4539 officio
2114 4467 2193 4541 dili·

1203 4567 1379 4656 geutiores
1395 4564 1490 4648 sitis,
1514 4561 1659 4635 utDeus
1674 4566 1812 4657 mitiget
1826 4592 1969 4661 poenas.
2003 4568 2090 4643 Nou
2105 4569 2193 4641 euim

1202 4668 1341 4739 inutilis
1356 4679 1409 4738 est
1421 4667 1622 4738 emendatio
1637 4692 1794 4755 morum,
1820 4673 1879 4741 sed
1895 4672 2004 4743 etiam
2017 4673 2115 4746 inter
2126 4671 2194 4744 rui·

1204 4795 1267 4842 uas
1298 4770 1531 4860 imperiorum
1565 4770 1637 4838 illis
1668 4771 1751 4861 ipsis
1783 4774 1947 4844 salutaris
1974 4789 2048 4863 est,
2083 4777 2195 4872 quise

1203 4876 1451 4943 emendarunt.
1493 4871 1618 4942 Servat
1633 4874 1727 4941 enim
1746 4874 1839 4945 Deus
1853 4877 1994 4971 aliquas
2010 4880 2067 4948 sui
2081 4891 2195 4949 eostur

1202 4977 1391 5070 reliquias,
1415 4986 1551 5044 utente
1568 4975 1791 5046 obsidionem
1811 4977 2048 5075 lerosolymae
2067 4983 2194 5074 piosex

1202 5082 1291 5150 orbe
1306 5079 1486 5149 discedere
1499 5077 1612 5147 iussit.
1668 5074 1716 5148 Et
1729 5080 1868 5170 mitigat
1883 5079 1982 5152 Deus
1998 5085 2086 5156 totis
2099 5082 2194 5155 urbi·

1201 5183 1278 5267 bus,
1307 5205 1438 5275 poenas
1454 5193 1600 5273 propter
1618 5180 1821 5274 aliquorum
1837 5187 2139 5275 emendationem,
2157 5198 2196 5257 ut

1199 5285 1355 5356 ostendit
1370 5283 1570 5374 exemplum
1585 5280 1746 5357 Ninives.
2105 5300 2110 5305 ·

1300 5384 1398 5457 Haec
1415 5389 1461 5456 de
1477 5386 1697 5477 amplissimo
1718 5402 1927 5477 argumento
1951 5389 2111 5462 breviter
2131 5385 2194 5462 hoc

1198 5502 1358 5584 tempore
1376 5489 1470 5574 dixi,
1490 5513 1570 5559 cum
1595 5489 1741 5582 quidem
1762 5485 1852 5561 mihi
1869 5493 1915 5562 ad
1931 5506 2070 5566 caetera
2084 5494 2192 5588 imps-
