4664 6022
139 313 219 393 ’189

141 484 406 582 Prophetarum
422 498 459 555 et
475 481 752 577 Apostolorum,
780 496 814 552 et
828 482 1032 553 universam
1048 481 1144 553 anti·

143 594 317 691 quitatem
331 587 511 661 Ecclesiae
526 587 711 678 cognorit,
735 587 888 657 contulit
907 585 1069 655 omnium
1085 608 1144 653 ae·

144 711 261 771 tatum
283 692 496 775 certamina,
529 704 570 760 ut
592 689 736 781 piorum
760 689 891 759 iudicia
911 689 956 757 de
980 687 1170 755 maximis.

146 800 255 871 rebus
279 810 312 867 et
335 808 472 866 teneret
496 807 531 865 et
549 805 767 887 sequeretur.
822 786 999 860 Adiunxit
1019 802 1055 858 et
1072 790 1146 857 lin-

146 924 235 997 guae
256 896 433 973 Ebraicae
461 896 636 967 studium:
669 919 776 989 quam
800 906 841 965 ut
869 905 964 964 recte
984 892 1146 977 disceret,

146 1018 393 1100 praeceptores
410 999 662 1071 disertissimos
686 998 726 1065 in
746 1022 787 1067 ea
808 997 933 1087 lingua
955 994 1147 1088 qnaesivit,

147 1122 182 1179 et
200 1106 283 1203 qnia
299 1103 417 1175 cattinis
433 1118 484 1173 est
498 1100 664 1195 Syriaca,
691 1094 784 1169 banc
799 1100 905 1169 etiam
920 1113 1006 1168 tunc
1019 1122 1147 1166 rema-

148 1210 267 1283 culam
283 1206 408 1303 Syriae
434 1207 527 1274 iuter
548 1198 706 1295 hospites
728 1202 865 1273 didicit.
924 1200 1001 1270 Hac
1023 1200 1147 1269 molti-

148 1312 234 1409 plici
252 1310 456 1383 eruditione
478 1306 691 1385 instructus,
715 1302 871 1374 instituit
886 1328 977 1396 opus
998 1302 1146 1373 utilissi-

148 1439 269 1501 mam,
292 1412 458 1483 videlicet
475 1403 736 1499 Prophetarum
756 1431 798 1477 ex
815 1407 974 1478 lorrtibus
996 1405 1148 1475 transla-

149 1520 286 1593 tionent
312 1516 349 1585 iu
374 1514 535 1603 linguam
548 1510 736 1595 Latinam,
761 1510 825 1604 qui
843 1523 884 1580 ut
905 1522 997 1579 recte
1015 1508 1148 1577 intelli·

150 1634 292 1713 gautnr,
316 1629 432 1689 serrat
447 1611 545 1685 Deus
559 1612 597 1683 in
610 1610 769 1683 Ecclesia
783 1616 919 1684 donum
934 1613 1151 1700 linguarum,

151 1740 183 1799 et
202 1736 239 1795 ut
257 1734 341 1793 tuuc
357 1722 522 1791 ederetur
537 1740 630 1789 nora
643 1716 900 1807 interpretatio,
915 1711 1012 1783 Deus
1025 1738 1148 1783 accen-

151 1826 205 1899 dit
222 1820 435 1917 llieronymi
452 1833 592 1913 pectus.
617 1833 651 1889 et
672 1819 790 1889 studio
804 1818 995 1888 discendae
1007 1816 1148 1904 linguae

151 1928 305 2017 llagrans
327 1924 479 1995 adiurit.
538 1922 578 1993 si
600 1922 680 2015 quis
701 1933 820 1991 autem
843 1932 947 2009 negat
971 1920 1149 2007 praeclare

152 2026 319 2099 rneritnru
341 2048 414 2097 esse
433 2025 477 2093 de
495 2018 652 2095 Ecclesia
676 2016 744 2093 boc
767 2022 909 2111 labore,
935 2046 1011 2090 non
1031 2020 1148 2091 solum

153 2130 330 2219 ingratus,
363 2126 424 2197 sed
449 2126 555 2197 etiam
577 2147 723 2217 pmrsus
745 2125 911 2195 indoctus
935 2137 999 2195 est.
1056 2120 1149 2190 Nam

152 2246 255 2305 ardea
274 2243 414 2303 tanttnn
437 2228 603 2301 extrahant
620 2222 820 2318 Prophetae
841 2251 883 2295 ex
901 2223 1040 2295 Graeco
1062 2248 1149 2292 con·

151 2332 257 2405 versi.
283 2332 420 2403 tiraeca
435 2346 552 2403 antero
568 2328 813 2421 interpretatio
827 2328 1022 2397 admodum
1036 2323 1150 2413 negli-

152 2450 275 2527 genter
299 2436 471 2507 lactaret.
532 2428 682 2503 Etcum
707 2453 845 2520 semper
868 2430 1057 2516 degeneret
1079 2424 1149 2494 ali·

152 2539 367 2633 qnantnlnrn
381 2536 487 2605 etiarn
504 2534 611 2603 loelis
628 2530 825 2613 translatio,
838 2528 967 2599 Latina
981 2553 1023 2598 ex
1033 2525 1149 2597 Grae-

152 2640 201 2711 ris
217 2638 391 2713 ttnrulnsa
407 2635 582 2707 deteriora
597 2648 708 2719 erant,
722 2646 761 2703 ιιι
775 2655 830 2703 res
846 2630 1014 2702 ostendit.
1049 2626 1150 2697 Mul-

154 2756 229 2815 ιιιιιι
246 2740 353 2829 igitur
366 2736 483 2810 latini
501 2738 640 2807 codices
653 2736 699 2805 ah
708 2731 881 2803 Hebraeis
890 2733 1148 2821 discrepabant,

153 2844 249 2937 ιμιιιιι
268 2866 347 2911 cnm
372 2838 418 2907 ita
443 2850 551 2915 risset.
584 2834 670 2903 ltoni
695 2848 726 2903 et
752 2832 849 2901 docti
870 2840 1150 2920 omnesexpetc-

152 2942 238 3015 latent
259 2936 584 3029 lratorprotatiorrern
605 2932 807 3025 propiorem
825 2933 1000 3014 toralibus,
1025 2929 1149 3024 quain

154 3062 192 3115 rs
215 3064 294 3113 rtrrn
314 3036 524 3131 llieronyrni
549 3036 649 3105 labor
672 3032 845 3126 proluerit
862 3029 1059 3117 Ecclesiae,
1080 3026 1149 3101 hoc

153 3142 228 3217 altre
248 3140 458 3213 laertsl'trinrn
476 3136 627 3211 candide
642 3150 676 3207 et
692 3149 793 3225 grato
811 3150 951 3226 pectore
972 3135 1149 3203 celebrare

154 3266 219 3317 nrn
241 3242 350 3317 rlot'ot.
401 3240 484 3313 Non
507 3255 559 3313 est
581 3239 677 3309 enim
693 3237 869 3309 inerudita
891 3235 1148 3328 interpretatio,

155 3372 218 3419 ιιιιι.
241 3344 405 3427 lnl'nolis,
436 3340 574 3415 etiarnsi
606 3342 787 3411 interdum
820 3338 967 3431 aliquod
993 3333 1150 3432 σφάλμα

154 3448 323 3523 accoron:
352 3444 435 3541 «prtia
445 3446 502 3517 ris
516 3468 676 3537 utiquam
689 3443 796 3530 longa
813 3440 927 3509 oratio
943 3439 982 3506 in
997 3442 1148 3509 alienam

155 3550 313 3639 linguans
335 3548 382 3619 ita
403 3547 684 3621 transfunditur.
715 3556 756 3614 ιιι
778 3537 870 3610 nihil
892 3542 938 3609 ab
959 3537 1149 3635 archetypo

155 3654 223 3727 din
235 3664 341 3745 repet.
376 3644 420 3719 Et
440 3648 605 3743 inprimis
621 3645 766 3715 dilticile
786 3656 840 3712 est
855 3643 1058 3714 Hebraeum
1075 3668 1150 3712 ser-

157 3778 311 3833 ιιιιιιιιιιιιΙ
335 3750 397 3847 qni
415 3763 445 3822 et
463 3748 607 3821 lararior
620 3759 685 3831 est,
710 3759 745 3815 et
760 3739 909 3838 phrasin
923 3739 1032 3816 habet
1047 3746 1150 3814 valde

157 3854 312 3927 alienata
330 3878 348 3927 a
363 3850 488 3925 latina
503 3846 773 3932 consuetudine,
798 3846 838 3915 in
851 3844 1020 3917 hunum
1035 3861 1151 3918 trans-

159 3958 260 4029 larre.
313 3956 433 4047 (derare
467 3954 578 4043 stragis
603 3951 806 4020 mirandum
833 3963 903 4033 est,
943 3949 1150 4019 uuiversum

157 4082 285 4151 torpeo
309 4058 355 4129 ita
380 4056 483 4127 lionis
500 4054 618 4125 rerbis
633 4053 834 4134 redditum,
859 4065 894 4121 et
911 4067 1004 4122 recte
1020 4052 1148 4122 distin-

158 4176 254 4233 ttnrn
280 4184 371 4237 aare,
399 4182 504 4251 ιμιιιιιι
530 4158 626 4251 tqrrod
650 4156 831 4223 interdum
851 4154 1038 4223 deerravit.
1092 4153 1152 4224 ln-

160 4260 280 4349 talllgo
296 4275 325 4332 et
355 4254 420 4329 hor
445 4258 614 4327 allirrnari
630 4282 651 4325 a
669 4255 803 4337 doctis,
824 4279 900 4321 non
915 4255 1030 4324 solum
1048 4258 1153 4325 nobis

161 4358 355 4457 l'rrrphotas
398 4360 591 4429 illustratos
628 4381 724 4439 esse,
764 4357 825 4424 sed
865 4357 971 4424 etiam
1010 4357 1152 4449 linguae

163 4462 319 4539 ιιιιιιιιιιιιι
341 4462 558 4537 intellectum
572 4454 641 4533 boe
663 4457 876 4551 Hieronymi
893 4458 1016 4529 labore
1034 4484 1153 4531 serva-

755 304 918 383 unct.
947 304 1027 382 DE
1056 305 1206 382 ιἸΤΑ
1234 306 1598 387 ntssnottratt

2114 312 2179 391 740

1192 510 1293 579 pero.
1342 483 1576 576 Diligentiam
1588 484 1657 557 viri
1670 487 1904 574 considerate,
1931 485 1992 558 rel
2006 485 2047 557 in
2063 480 2182 573 haere,
2222 536 2224 541 -

1194 614 1285 682 quae.
1309 589 1452 659 videtur
1483 590 1689 663 leviuscula.
1746 589 2049 663 Nomenclaturas
2081 590 2181 663 edidit

1195 692 1355 761 locorum
1364 687 1611 777 Ebraicornm,
1625 715 1714 785 quas
1729 718 1805 763 non
1813 694 1980 765 distinxit
1994 707 2037 762 ut
2044 688 2182 763 Cnsrne

1195 789 1370 885 graphas,
1393 798 1455 865 sed
1474 809 1515 865 ut
1530 796 1644 865 viator
1657 796 1732 886 ipse
1748 819 1811 887 per
1825 810 1937 867 totam
1952 793 2180 865 Palaestinam

1195 910 1362 987 vagatus,
1387 898 1574 969 insen-atta
1595 897 1810 989 oppidorum
1832 900 1908 969 suis
1930 898 2100 991 passibus
2118 921 2182 967 me-

1197 1000 1285 1073 titus
1303 1011 1367 1069 cst.

1301 1099 1431 1171 Narrat
1451 1098 1560 1188 igitur
1574 1101 1683 1185 situs,
1708 1113 1743 1170 et
1756 1099 1926 1171 discernit
1943 1125 2101 1171 numero
2115 1123 2182 1193 pas·

1197 1228 1303 1274 suum
1315 1228 1337 1272 a
1352 1203 1440 1272 locis
1455 1203 1667 1290 insignibus,
1681 1217 1717 1272 et
1731 1204 1852 1271 recitat
1866 1205 2028 1273 variatas
2042 1204 2183 1296 appella·

1199 1309 1325 1380 tiones.
1364 1302 1461 1374 Haec
1476 1306 1662 1394 diligentia
1673 1322 1709 1377 et
1725 1305 1764 1373 in
1782 1306 1858 1395 ipso
1873 1307 1995 1377 virtus
2012 1307 2087 1378 fuir
2101 1328 2183 1397 egra-

1199 1410 1270 1499 gia,
1294 1422 1329 1479 et
1345 1408 1541 1500 posteritati
1565 1411 1718 1500 prodest.
1767 1406 1931 1501 Cumque
1954 1410 2056 1483 fama
2078 1410 2183 1479 erudi·

1199 1512 1310 1585 tionis
1321 1510 1432 1601 ipsius
1447 1509 1517 1579 late
1530 1533 1648 1602 sparsa
1663 1525 1726 1595 est,
1749 1511 1854 1580 multi
1867 1513 1915 1579 ab
1928 1536 1975 1581 eo
1990 1513 2125 1602 passim
2136 1536 2180 1583 er·

1199 1615 1408 1707 plicationes
1429 1613 1660 1683 obscurarum
1691 1613 1949 1683 sententiarum
1981 1614 2176 1703 flagitarat,

1200 1718 1331 1811 quibus
1344 1716 1557 1805 respondere
1575 1715 1678 1785 labor
1691 1717 1761 1786 luit
1775 1739 1850 1785 non
1863 1715 2032 1805 exiguus.
2085 1714 2126 1787 ln
2140 1712 2179 1787 lis

1200 1819 1395 1899 laboribus,
1417 1842 1497 1886 cum
1513 1818 1621 1887 sernel
1637 1831 1744 1910 atque
1759 1818 1886 1887 iterum
1901 1814 2072 1889 Ronram
2086 1842 2184 1891 rerer·

1200 1944 1262 1991 sus
1275 1922 1375 2001 esset',
1391 1916 1495 2013 (nam
1513 1919 1723 2012 aliquandiu
1742 1915 1852 1989 haesit
1866 1922 1967 2011 apud
1977 1920 2186 2006 Damam

1200 2020 1416 2115 Episcopum
1433 2018 1659 2107 Romanum,
1683 2023 1746 2114 qui
1759 2023 1836 2093 eius
1857 2046 1971 2113 opera
1990 2024 2033 2093 in
2048 2024 2185 2117 epistolis

1201 2126 1417 2207 scribendis,
1451 2135 1484 2193 et
1500 2122 1540 2191 in
1553 2125 1700 2218 synodis
1715 2147 1800 2195 usus
1820 2123 1892 2215 est)
1907 2128 2065 2197 tandem
2083 2141 2181 2197 tanen

1200 2228 1239 2294 in
1256 2225 1398 2319 Syriam
1412 2224 1541 2310 rediit,
1564 2226 1650 2295 etin
1666 2227 1729 2295 illo
1747 2227 1825 2317 ipso
1840 2251 1949 2312 rure,
1974 2230 2078 2322 quod
2090 2229 2180 2299 lilium

1201 2340 1324 2398 natum
1342 2351 1383 2395 ex
1401 2326 1538 2413 virgine
1555 2326 1710 2418 primum
1726 2329 1881 2421 excepit,
1906 2332 2112 2415 consenuit,
2132 2328 2176 2399 rel

1201 2442 1235 2499 et
1255 2450 1333 2497 ossa
1356 2427 1432 2497 eius
1455 2424 1565 2498 humo
1589 2443 1678 2501 tecta
1695 2445 1792 2503 sunt.
1841 2428 1927 2501 Dixi
1952 2434 2129 2527 praecipue
2138 2432 2175 2501 de

1201 2530 1326 2599 studiis
1349 2530 1530 2601 doctrinae
1555 2533 1825 2618 ecclesiasticae,
1860 2548 2051 2607 caeterum
2074 2546 2179 2630 quade

1201 2632 1306 2701 suerit
1328 2632 1483 2719 cognitio
1508 2628 1737 2705 historiarum
1764 2633 1992 2709 Graecarum
2020 2654 2057 2709 et
2071 2637 2178 2710 liona-

1202 2756 1341 2816 narona,
1363 2734 1447 2801 libri
1465 2734 1643 2818 indicant,
1663 2737 1702 2803 in
1719 2738 1850 2827 quibus
1865 2762 1941 2809 oon
1958 2741 2082 2811 solum
2095 2739 2175 2809 multa

1201 2858 1292 2925 quae
1307 2857 1404 2902 nunc
1419 2849 1537 2905 extant
1554 2850 1586 2905 et
1603 2839 1751 2907 eruditis
1768 2854 1853 2909 nota
1867 2854 1970 2922 sunt,
2000 2845 2167 2920 recitantes

1201 2935 1383 3004 sedetiam
1406 2937 1474 3005 alia
1499 2952 1640 3029 sumpta
1664 2964 1704 3009 ea
1728 2944 1876 3012 vetustis
1895 2947 2109 3031 autoribus,
2131 2965 2173 3037 q·

1201 3036 1423 3108 interierunt.
1486 3038 1617 3111 Narrat
1648 3042 1800 3127 alicubi,
1838 3045 1995 3135 triginta
2039 3062 2053 3119 t

1201 3134 1354 3208 Athenis
1377 3140 1560 3213 interfecto
1582 3146 1738 3236 quodam
1751 3141 1939 3234 Phidone,
1967 3144 2173 3221 noemin

1201 3241 1311 3325 filias,
1335 3254 1376 3310 ut
1390 3246 1507 3313 nudae
1522 3244 1560 3312 in
1576 3246 1760 3331 convivio,
1786 3249 1913 3341 inquo
1937 3254 2061 3341 patris
2083 3270 2180 3323 num

1201 3366 1280 3412 area
1299 3366 1456 3435 respersa
1471 3362 1556 3431 erat,
1583 3349 1767 3419 saltarent:
1794 3344 1859 3421 has
1873 3377 1962 3423 vero
1983 3368 2118 3425 tantam
2131 3352 2181 3421 in-

1200 3447 1405 3515 manitatem
1422 3448 1612 3537 lugientes,
1637 3473 1710 3519 sese
1727 3452 1937 3544 praecipites
1958 3481 2008 3527 ex
2023 3458 2097 3528 alto
2110 3452 2184 3527 dele

1202 3548 1300 3621 cisse.
1339 3546 1422 3635 Quo
1440 3551 1600 3641 exemplo
1615 3552 1763 3640 triginta
1777 3554 1922 3625 illorum
1940 3559 2109 3630 virorum
2122 3580 2185 3627 eru·

1202 3649 1327 3719 delitas
1349 3649 1524 3722 illustrius
1547 3653 1722 3744 pingitur,
1749 3680 1854 3748 quam
1871 3658 1960 3727 ullis
1978 3661 2066 3732 aliis
2084 3680 2185 3731 narra·

1202 3751 1380 3837 tionibus,
1402 3778 1493 3847 quae
1516 3778 1613 3825 nunc
1632 3770 1761 3828 extent.
1810 3756 1883 3829 Hic
1903 3776 2031 3833 autem
2054 3763 2186 3852 cogitare

1203 3854 1317 3938 sutae,
1342 3870 1515 3947 quantum
1537 3858 1671 3927 malum
1692 3859 1738 3929 sit
1760 3861 1942 3953 tyrannis,
1971 3888 2069 3958 quae
2083 3860 2187 3935 deletis

1203 3957 1341 4043 legibus
1357 3974 1534 4047 grassatur
1549 3960 1587 4026 iu
1605 3954 1787 4046 homines,
1811 3976 1853 4033 ut
1871 3963 2001 4038 lerunt
2015 3968 2114 4038 caeci
2135 3966 2188 4033 iu-

1204 4074 1322 4149 petos‚
1348 4061 1516 4141 ambitio,
1548 4061 1618 4145 ira,
1645 4063 1778 4147 libido,
1803 4089 1865 4134 seu
1885 4068 2010 4155 potius
2032 4084 2078 4141 ut
2093 4060 2188 4139 animi

1204 4160 1339 4230 aioriis
1355 4163 1545 4251 agitantur.
1585 4161 1675 4233 Nam
1694 4165 1729 4233 id
1744 4189 1887 4235 saevom
1905 4170 2047 4241 malum
2064 4178 2189 4240 nonest

1204 4277 1342 4334 tanturn
1357 4258 1571 4348 humanum,
1596 4280 1636 4336 ut
1651 4290 1747 4337 nunc
1763 4263 1846 4337 huic
1862 4284 2010 4342 nostrae
2022 4267 2190 4343 Ecclesiu-

1204 4366 1269 4448 lae,
1295 4358 1453 4437 honestis
1468 4369 1652 4452 matronis,
1668 4369 1877 4459 virginibus,
1903 4371 2123 4459 infantibus,
2135 4370 2190 4465 pilt
2221 4350 2224 4473 ἒ

1203 4470 1462 4553 sacerdotibus,
1490 4483 1527 4539 et
1553 4467 1621 4539 Dei
1648 4495 1770 4541 vocem
1797 4473 1950 4545 fideliter
1977 4476 2190 4552 morantibus
2222 4520 2224 4531 ·

162 4584 235 4641 ιιιιιι
258 4592 341 4643 osae.
1206 4569 1391 4641 minitatur
1412 4572 1560 4641 exitium
1585 4569 1803 4665 Gypaeetus‚
1835 4600 1916 4645 eum
1938 4600 2018 4649 non
2045 4580 2190 4649 soluma
2222 4602 2224 4635 ι

269 4666 512 4755 Λιιιιιιιιιιιιιιιι
546 4662 654 4753 igitur
687 4674 722 4732 et
752 4658 820 4731 Dei
853 4663 1083 4749 beneficium,
1117 4681 1152 4738 et
1205 4672 1309 4741 nobis
1334 4698 1409 4743 non
1430 4674 1474 4743 sit
1494 4674 1627 4757 laesus,
1652 4678 1713 4744 sed
1737 4677 1839 4745 etiam
1856 4692 1998 4751 constet
2017 4679 2190 4767 eostrdpa
2222 4670 2224 4755 J

165 4770 274 4861 ipalns
294 4770 360 4840 riri
379 4766 517 4857 vigillas
533 4780 563 4835 et
582 4765 845 4836 lucubrationes
866 4767 955 4855 grati
974 4770 1151 4854 praedice-
1205 4799 1334 4857 carere,
1359 4778 1431 4846 imo
1448 4776 1775 4868 ipsiusregionilnrs
1788 4778 1892 4848 etiam
1908 4781 2034 4875 aliqua
2050 4791 2192 4877 exparte
2222 4796 2224 4805 '

165 4892 254 4945 ιιιιιι.
316 4870 359 4943 ιιι
384 4870 480 4941 ι·ιιιιιι
508 4864 679 4957 l'irgilins
705 4866 841 4959 inquit.
876 4870 1055 4940 difficilius
1080 4896 1152 4941 esse
1204 4879 1318 4947 nostri
1345 4879 1485 4949 latores
1513 4879 1685 4950 serviant:
1725 4883 1785 4949 sed
1809 4882 1986 4971 depellet,
2015 4898 2062 4957 ut
2088 4904 2194 4977 spere.

164 4966 460 5041 llorenlirlararn
484 4971 926 5067 extorquere-emandans,
951 4999 1057 5063 qoam
1075 4972 1153 5044 llo·
1204 4977 1302 5050 Deus
1321 4984 1366 5051 ab
1383 4976 1439 5051 his
1454 4981 1586 5051 uostris
1607 4980 1740 5053 aridulis
1754 4983 1868 5051 diram
1884 4984 2087 5063 volucrem.
2127 4982 2192 5057 lle

164 5095 263 5143 mero
280 5096 436 5143 rersnm:
465 5074 511 5143 ita
527 5076 641 5145 rrrtdto
659 5074 859 5143 seriusdiei
875 5088 997 5167 potest,
1023 5077 1152 5146 diffici-
1204 5085 1270 5151 deo
1293 5096 1410 5153 antem
1434 5085 1479 5152 ad
1501 5080 1782 5176 Hieronymum,
1802 5086 1847 5153 de
1868 5086 1975 5155 cuius
1995 5088 2193 5159 eruditione
2222 5076 2224 5109 ³

165 5174 234 5245 lius
264 5196 336 5241 esse
360 5172 506 5243 llercnli
535 5176 670 5245 claram
700 5188 906 5270 extorquere
931 5203 951 5247 e
976 5179 1152 5261 rnanibus,
1203 5208 1283 5253 cum
1306 5185 1441 5255 dictum
1466 5184 1529 5266 sit.
1556 5187 1601 5253 de
1624 5184 1785 5255 moribus
1807 5187 1914 5256 etiam
1936 5194 2118 5281 quaedam
2136 5186 2193 5257 atl-
2217 5118 2224 5279 ι

165 5297 270 5364 quam
293 5268 439 5364 phrasin
456 5270 641 5347 Ebraicaru
664 5278 700 5348 in
715 5276 877 5349 Latinam
892 5282 1152 5357 transfundere.
1203 5288 1339 5368 denda,
1368 5288 1431 5380 qui
1457 5300 1574 5357 tamen
1596 5308 1720 5375 magua
1744 5311 1784 5355 ert
1809 5307 1907 5378 parte
1927 5312 1972 5359 ex
1990 5294 2192 5365 studitam-

165 5375 272 5443 l‘lora
305 5377 350 5444 de
384 5370 452 5444 hoc
488 5373 697 5470 Hieronymi
730 5382 900 5455 beneficio
931 5384 1001 5455 dici
1038 5408 1151 5477 posse,
1202 5389 1322 5478 garosci
1351 5402 1510 5480 possunt.
1567 5386 1659 5457 Nam
1686 5402 1725 5457 ut
1747 5384 1826 5462 Deo
1846 5391 2018 5478 serviret,
2049 5390 2190 5483 suscepit

164 5501 287 5547 ornnes
300 5480 495 5570 prodentes
509 5477 651 5567 rident,
676 5484 736 5555 sed
751 5509 816 5579 ego
831 5488 900 5561 iarn
916 5492 961 5563 ad
976 5487 1044 5559 alia
1065 5512 1149 5581 pro·
1202 5503 1319 5563 tantos
1337 5491 1476 5563 labores
1489 5490 1694 5584 peregrinae
1706 5489 1849 5581 linguae
1863 5493 2073 5585 discendae,
2095 5512 2129 5568 et
2141 5495 2189 5563 in·

2222 5618 2224 5663 ι
