4664 6022
148 300 228 381 660
747 338 758 353 ·
830 298 991 374 DECL.
1021 299 1098 375 DE
1129 294 1523 377 afflatorum
2103 312 2180 388 654

145 476 231 546 dam
249 473 405 564 potitur,
431 474 470 542 in
488 496 559 566 qua
571 474 683 544 multa
703 486 804 544 erant
819 469 1023 544 Aristotelis
1036 473 1140 542 volu-
1189 471 1251 568 qui
1265 473 1425 544 fortassis
1443 473 1481 542 in
1498 472 1573 543 eius
1590 473 1771 546 facultates
1792 475 1952 549 involare
1976 481 2177 574 cupiebant,

145 578 260 650 mina.
311 573 434 645 Motus
458 574 567 664 igitur
583 577 675 646 fama
695 575 786 645 tanti
807 574 896 655 viri,
930 587 963 644 et
982 574 1139 644 fortassis
1188 575 1251 670 qui
1273 576 1305 644 ei
1327 576 1459 646 iudicia
1481 574 1756 658 minitabantur,
1791 592 1831 651 ut
1846 578 2005 670 Socrati,
2037 585 2176 657 obiecto

144 706 166 751 a
181 676 338 748 Lucullo
355 677 577 761 admonitus,
603 676 664 771 qui
675 671 927 767 Philosophiae
942 676 1059 747 studia
1074 699 1139 767 ap—
1188 676 1338 747 crimine
1362 677 1566 769 impietatis:
1608 681 1703 772 quod
1730 676 1888 750 Deorum
1923 685 2064 753 turbam
2100 710 2175 756 non

143 779 301 874 petebat,
322 778 452 869 passim
471 779 509 847 in
526 776 1008 849 totaGraeciaAristotelicos
1026 777 1138 847 libros
1188 780 1375 870 probaret,
1401 780 1461 850 sed
1477 779 1629 866 diceret,
1659 804 1767 850 unam
1782 784 1960 875 quandam
1974 806 2048 855 esse
2063 801 2175 858 aeter-

143 880 284 975 inquiri
302 881 422 963 iussit,
448 879 833 973 deditqucAndronico
849 882 1073 964 mandatum,
1098 893 1139 949 ut
1187 905 1270 950 nam
1288 894 1463 974 mentem,
1480 881 1617 952 viribus
1643 881 1843 967 immensis,
1873 907 2011 955 causam
2037 889 2174 957 ordinis

143 983 315 1055 collectos
330 996 423 1051 recte
437 980 685 1072 distribueret,
715 1005 754 1051 ac
778 993 925 1051 venuste
948 994 984 1052 et
1003 981 1140 1069 integre
1187 983 1227 1052 in
1240 984 1404 1054 universa
1420 996 1557 1067 natura,
1584 983 1623 1051 in
1640 1007 1745 1077 quam
1760 986 1968 1056 sententiam
1985 1001 2017 1057 et
2026 985 2174 1058 Homeri

143 1098 323 1178 quantum
344 1083 418 1152 fieri
442 1097 577 1173 posset,
611 1083 822 1174 descriptos,
856 1083 895 1151 in
911 1078 1138 1152 bibliothecis
1187 1084 1400 1155 versiculum
1435 1084 1575 1171 citavit,
1619 1083 1688 1157 οὐκ
1715 1081 1866 1184 ἀγαθὸν
1898 1085 2172 1185 πολυκοιρανίη,

142 1185 303 1278 publicis
318 1185 516 1256 collocaret.
569 1183 689 1278 Syllae
704 1185 812 1273 igitur
825 1184 1016 1256 foelicitate
1033 1199 1066 1255 et
1081 1184 1137 1254 di·
1187 1181 1238 1268 εἷς
1264 1182 1439 1282 κοίρανος
1460 1182 1554 1258 ἕστο.
1621 1184 1790 1258 Discessit
1818 1188 1927 1277 igitur
1952 1191 1996 1259 ad
2020 1203 2172 1261 veterem

141 1286 313 1376 ligentia,
340 1300 374 1356 et
387 1284 498 1375 ipsius
516 1285 710 1355 amicorum
728 1285 880 1356 consilio
894 1299 1000 1379 atque
1020 1309 1139 1377 opera,
1186 1289 1338 1357 amicum
1356 1283 1581 1374 Chalcidem,
1605 1288 1668 1358 ubi
1684 1314 1757 1359 non
1775 1290 1887 1360 multo
1901 1305 1980 1381 post
1997 1292 2175 1362 climacte-

140 1402 305 1459 servatus
320 1400 372 1457 est
386 1381 444 1456 bic
464 1381 660 1458 thesaurus.
709 1383 758 1459 Et
773 1384 973 1457 Andronici
992 1410 1138 1458 enarra·
1186 1389 1263 1459 rico
1277 1413 1372 1459 anno
1389 1389 1603 1480 sexagesimo
1618 1392 1721 1462 tertio
1737 1404 1897 1462 mortuus
1910 1406 1975 1465 est.

140 1489 263 1563 tiones
276 1487 394 1558 studia
405 1488 607 1581 aliquorum
622 1489 905 1559 adAristotelem
920 1512 1137 1578 cognoscen-
1398 1494 1402 1501 '

141 1590 457 1663 duminvmmm·
509 1585 681 1659 Nondum
704 1605 822 1661 umen
847 1591 1140 1662 hammum
1287 1538 1465 1612 Recensui
1479 1542 1635 1614 breviter
1649 1538 1844 1628 historiam,
1861 1544 1899 1611 in
1917 1565 1985 1637 qua
2003 1543 2092 1613 utile
2108 1543 2174 1612 erit

1187 1640 1393 1713 aviditatem
1410 1641 1592 1724 discendi,
1618 1649 1747 1735 gradus
1761 1646 1983 1730 studiorum,
2010 1644 2174 1714 volunta·

141 1686 292 1775 hbmt’
334 1692 430 1784 ΨΜ
461 1691 637 1761 flmham
668 1715 707 1760 ἠ
735 1688 886 1761 Gffl‘m
912 1705 946 1761 ‘t
973 1715 1011 1760 ¹⁰
1041 1693 1139 1778 Μ’
1187 1759 1257 1815 tem
1273 1744 1450 1814 iuvandae
1466 1746 1664 1816 communis
1682 1747 1791 1827 vitae,
1817 1748 1966 1832 labores,
1990 1759 2025 1816 et
2041 1746 2079 1814 in
2094 1769 2174 1836 per-

141 1789 365 1987 &aazia
390 1788 1138 1987 fflaffgcussnlff›gffltfdjgpfflffi
1186 1845 1341 1914 serenas
1362 1846 1632 1916 diacalamus
1646 1871 1686 1916 aa
1701 1848 1795 1917 oasa
1811 1847 1922 1916 ansas
1942 1846 2173 1917 consumam

140 1992 272 2067 poue,
293 2018 377 2064 ,em
394 1991 598 2065 Alexand„
621 1992 654 2065 Α
681 1990 914 2064 Μὴίθῃώ
931 1994 1068 2065 Amon-
1187 1960 1220 2017 et
1237 1947 1516 2017 moderationem
1534 1949 1776 2039 contemplari.
1817 1947 1866 2019 Ut
1882 1947 1976 2017 enim
1995 1947 2078 2015 libri
2093 1970 2175 2015 eru-

657 2021 679 2088 p
1058 2022 1137 2115 ΜΓ
1186 2047 1359 2117 ditionem
1377 2049 1495 2133 alunt,
1521 2048 1569 2118 ita
1590 2052 1748 2141 exempla
1770 2049 1921 2119 excitare
1946 2048 2105 2118 animum
2129 2048 2173 2115 ad

141 2120 227 2167 mm
261 2109 439 2214 “inllm'
484 2121 564 2168 ⁶⁰¹⁰
598 2097 800 2214 luculemai
825 2096 1069 2216 ‘namtimla
1097 2123 1137 2166 ω
1186 2144 1313 2219 harum
1332 2148 1502 2220 'virtutum
1525 2149 1758 2220 imitationem
1775 2151 1901 2221 solent.-
1944 2145 2175 2238 Etutpicto·

140 2192 444 2278 huncefflfflml’
486 2199 682 2268 mmmmm
706 2201 823 2269 ”ndu
848 2213 1059 2284 ‘mmm’
1097 2213 1138 2269 υἱ
1186 2252 1286 2320 ribus
1310 2250 1543 2342 praecipitur,
1576 2265 1616 2322 ut
1644 2251 1817 2322 discentes
1846 2251 2008 2341 pingere,
2045 2249 2175 2337 eligant

142 2298 292 2371 abiectis
315 2297 558 2368 deliramentis
581 2297 783 2371 Stoicorum
808 2312 843 2368 et
864 2294 1138 2390 Epicureorum,
1186 2352 1255 2422 ‘ibi
1271 2365 1384 2420 cmo,
1405 2352 1572 2433 artifices,
1604 2376 1755 2446 quorum
1779 2351 2049 2421 simffimdjnem
2075 2347 2176 2418 effin.

141 2396 371 2471 Aristotelica
387 2401 693 2490 amplecterentur.
739 2400 824 2473 Fuit
839 2403 961 2469 eodem
979 2412 1137 2497 tempore
1640 2455 1649 2470 ,
1759 2452 1770 2470 ,
1909 2451 1954 2468 ..
2146 2449 2156 2466 ‚

141 2516 180 2573 et
198 2499 377 2587 Galenus,
402 2500 690 2571 cuiusiudicium
708 2503 866 2573 arbitror
886 2501 989 2573 etiam
1006 2504 1140 2575 multos
1186 2474 1266 2545 ΨΘ
1296 2455 1480 2533 “ndfflm'
1519 2456 1613 2547 ‘lum'
1640 2454 1734 2523 'dem
1758 2477 1796 2521 ¹¹¹
1822 2450 1973 2523 M¹¹⁸¹⁰¹⁸
1996 2464 2031 2520 ²¹
2053 2450 2176 2518 mulm

141 2604 192 2674 'd
208 2598 433 2673 Aristotelem
449 2626 641 2676 revocasse.
682 2601 772 2673 Nam
791 2602 942 2673 subinde
958 2604 1055 2677 velut
1071 2629 1136 2675 au·
1186 2556 1266 2625 aliis
1283 2554 1476 2623 artificibus
1495 2555 1637 2644 probari
1657 2555 1761 2624 solet:
1789 2554 1837 2624 ita
1861 2552 1899 2621 in
1917 2551 2080 2641 regendis
2099 2565 2175 2620 stu-

143 2702 295 2775 toritate
311 2704 487 2785 censoria,
514 2701 654 2774 Stoicos
673 2718 709 2775 et
722 2702 920 2797 Epicureos
933 2704 1139 2794 gravissime
1186 2658 1255 2727 ὠὴ
1271 2670 1306 2726 ²²
1320 2656 1479 2725 m⁰¹lb⁰⁸
1494 2678 1704 2747 q¹¹³⁰¹³¹¹¹¹¹³
1721 2654 1833 2724 ”⁰⁵¹⁶
1849 2653 1965 2743 3⁹ss3⁸
1981 2652 2149 2743 exempla·

147 2804 332 2893 obiurgat,
355 2818 389 2875 et
410 2819 563 2874 veterem
579 2800 869 2897 Philosophiam,
893 2800 960 2875 boc
977 2818 1049 2888 est,
1075 2832 1136 2877 ve·
1288 2800 1361 2870 Diu
1382 2799 1521 2871 audivit
1542 2795 1750 2871 Aristoteles
1779 2799 1895 2869 virum
1918 2822 2056 2868 summo
2077 2798 2176 2886 inge-

141 2906 309 2990 rllalem,
332 2906 499 2977 adversus
518 2930 641 2976 eorum
657 2909 782 2978 deliria
798 2921 1010 2998 propugnat.
1043 2908 1138 2979 Gra·
1185 2902 1266 2986 nio,
1293 2917 1327 2972 et
1344 2901 1618 2992 locupletissima
1635 2901 1796 2970 doctrina
1816 2900 2024 2992 praeditum.
2093 2898 2175 2968 Non

141 3007 305 3079 tulemur
319 3007 427 3097 igitur
442 3007 565 3093 uobis,
591 3034 665 3079 non
678 3011 793 3079 solnm
809 3022 944 3099 partem
961 3009 1136 3101 insignem
1186 3005 1255 3073 cito
1270 3004 1402 3086 docuit,
1428 3004 1517 3071 mira
1532 3002 1600 3072 fuit
1616 3002 1813 3092 diligentia,
1838 3002 1905 3072 fuit
1923 3015 1955 3070 et
1971 3001 2080 3068 animi
2098 3024 2176 3067 mo-

140 3108 323 3181 librorum
339 3125 512 3179 servatam
535 3131 624 3178 esse:
651 3113 712 3181 sed
734 3111 838 3179 etiam
863 3110 1017 3179 extitisse
1039 3135 1137 3180 sum·
1186 3104 1322 3173 deratio
1343 3103 1493 3171 inomni
1511 3104 1656 3173 fortuna
1674 3102 1873 3191 singularis.
1923 3099 2014 3170 Cum
2031 3096 2175 3169 haberet

139 3210 215 3283 mis
239 3210 392 3299 ingeniis
415 3207 596 3295 homines,
633 3211 695 3304 qui
720 3204 806 3281 hacc
830 3225 1061 3282 monumenta
1091 3212 1137 3280 il·
1185 3227 1302 3292 regem
1326 3203 1616 3272 florentissimum
1642 3205 1818 3285 amicum,
1843 3198 1935 3271 nihil
1955 3203 2001 3270 ab
2022 3225 2063 3270 eo
2087 3200 2174 3291 peti-

140 3312 292 3383 lustrata
308 3324 604 3403 propagaverunt.
1075 3358 1079 3365 .
1187 3307 1256 3389 vit,
1282 3304 1350 3372 nisi
1373 3306 1470 3396 quod
1486 3306 1698 3373 conduceret
1713 3303 1769 3369 vel
1786 3307 1830 3370 ad
1850 3304 1997 3373 salutem
2013 3302 2177 3383 aliorum,

249 3410 357 3501 Quod
386 3429 502 3484 autem
526 3411 654 3482 Gallus
681 3411 826 3505 qnidam
849 3414 1052 3493 contendit,
1091 3436 1137 3480 ne
1187 3408 1244 3475 vcl
1261 3408 1305 3474 ad
1321 3408 1481 3474 oraranda
1496 3403 1621 3475 studia.
1675 3402 1800 3473 Postea
1817 3404 1857 3472 in
1873 3406 2017 3472 advorsa
2032 3402 2177 3471 fortuita

145 3514 285 3587 tabulas
300 3514 443 3608 quidem
467 3538 508 3585 ex
532 3514 595 3583 illo
612 3512 813 3585 Aristotelis
839 3516 1022 3605 naufragio
1045 3513 1136 3583 ullas
1187 3507 1293 3579 etiam
1311 3506 1428 3596 gravis
1442 3507 1524 3576 fuit.

142 3629 302 3709 receptas
317 3639 410 3695 esse,
436 3640 476 3686 ac
497 3640 642 3708 prorsus
664 3616 811 3685 amissos
833 3640 907 3686 esse
934 3615 1137 3687 dialecticos

141 3717 276 3789 libros:
308 3717 438 3785 deinde
456 3712 520 3787 lios
537 3718 597 3811 qni
616 3714 682 3788 hoc
699 3717 803 3787 titulo
824 3720 1137 3795 circumferuntur,

141 3821 275 3893 nidera
305 3819 506 3899 continere,
548 3843 622 3887 non
649 3819 735 3889 artis
765 3820 920 3909 integrae
948 3818 1138 3890 extructio-

140 3946 249 4005 nem,
279 3943 360 4000 seu,
395 3932 434 3987 ut
458 3918 506 3989 ita
530 3919 666 4005 dicam,
698 3922 913 3991 aedilicium:
948 3922 1049 3991 illum
1070 3915 1136 3989 boc

140 4018 1137 4216 ,ἵξῃἓῗὲζεεέἑέξῖἶῗυῖεῗᾞῗΑΠξὲῖειῗίξξςέῃειῖἳ
1187 4089 1266 4136 rare
1280 4061 1497 4145 iracundiae,
1517 4073 1553 4130 et
1569 4056 1723 4150 priv'atas
1739 4056 1888 4127 iniurias
1902 4054 2064 4148 publicae
2077 4066 2177 4123 tran-

528 4222 537 4238 ·
997 4224 1006 4241 .
1188 4163 1358 4261 quillitati
1374 4164 1589 4233 condonare.
1621 4155 1670 4229 Et
1686 4173 1726 4229 ut
1742 4158 1780 4227 in
1795 4157 1927 4227 fabulis
1939 4156 2053 4241 aiunt,
2076 4152 2177 4224 Mar·

141 4238 202 4299 lae
221 4238 304 4295 sunt
320 4248 442 4313 graves
457 4237 699 4305 corrrecturae,
724 4248 901 4310 amemus,
926 4240 958 4295 et
974 4249 1026 4294 eas
1039 4227 1137 4340 frua:
1188 4267 1326 4340 mab
1348 4260 1424 4335 02⁰
1447 4256 1613 4353 ῙφψωθιῃΞ
1636 4263 1816 4343 vinem,
1851 4271 1884 4327 e,
1910 4257 1949 4326 ,n
1981 4257 2088 4326 onam
2119 4254 2177 4321 ,n-

142 4352 240 4399 Μ’
300 4322 349 4396 El
370 4319 454 4395 hinc
479 4350 598 4394 mam
623 4319 783 4394 melhl'di
804 4327 955 4395 fimum
979 4327 1016 4395 ln
1037 4349 1135 4395 Μ’
1208 4346 1320 4439 leam
1337 4388 1427 4435 esse:
1453 4365 1500 4432 ita
1524 4384 1589 4431 nos
1611 4360 1720 4430 bilem
1746 4375 1781 4431 et
1801 4359 1978 4428 vindictae
2001 4382 2042 4426 cu
2071 4354 2178 4424 idita-

144 4427 388 4521 disputatione
412 4428 619 4498 sumendam
643 4449 717 4495 esse
740 4426 901 4497 sciamus.
959 4426 1029 4499 Sed
1052 4422 1137 4495 haec
1188 4395 1257 4543 tex,
1287 4467 1460 4538 domitam
1491 4463 1585 4534 imm
1614 4476 1735 4555 pedu,
1767 4486 1807 4532 ae
1838 4379 2177 4555 “presumpwmp

143 4543 268 4625 postea
285 4529 442 4601 fortasse.

249 4628 342 4701 Cum
356 4628 472 4700 butem
489 4627 700 4700 Aristoteles
716 4652 829 4699 annos
843 4630 1009 4701 tredecim
1026 4624 1138 4700 Athe·
1188 4592 1347 4643 nemu*

143 4732 205 4805 nis
221 4731 418 4811 docuisset,
451 4745 485 4801 et
500 4754 574 4799 non
593 4733 709 4800 solum
728 4733 851 4799 turbem
875 4733 979 4801 lande
1003 4730 1138 4801 doctri·
1290 4720 1472 4794 Hactenus
1489 4722 1533 4790 de
1550 4720 1621 4788 vita
1637 4717 1728 4787 dixi:
1754 4739 1851 4787 nunc
1864 4713 2035 4807 quarelam
2052 4710 2096 4779 de
2115 4731 2176 4798 ge·

145 4857 216 4905 nae
239 4833 468 4902 celebriorem
498 4833 728 4916 reddidisset,
760 4833 948 4903 sedetiam
970 4834 1081 4901 naralta
1105 4833 1137 4899 ei
1188 4849 1273 4896 nere
1288 4817 1542 4914 Philosophiae
1557 4820 1704 4904 addam,
1739 4842 1802 4886 cur
1816 4813 2082 4886 Aristotelicum
2100 4834 2177 4880 ma-

144 4935 317 5007 benefrcia
334 4937 381 5002 ab
391 4933 578 5024 Antipatro
597 4936 827 5025 impetrasset,
843 4937 903 5027 qui
923 4932 1137 5005 tuncblace-
1187 4929 1281 4998 xime
1296 4926 1401 4996 nobis
1416 4925 1454 4993 in
1464 4920 1621 4993 Ecclesia
1637 4919 1718 4989 usui
1733 4941 1805 4987 esse
1818 4916 2041 4985 arbitremur.
2080 4910 2178 4985 Con-

143 5036 294 5107 doniam
310 5037 469 5123 regeint,
494 5039 634 5105 tandem
653 5038 736 5105 inde
748 5032 951 5105 Chalcidem
968 5034 1139 5107 discessit.
1188 5043 1281 5100 stare
1295 5028 1451 5098 arbitror
1464 5025 1557 5093 inter
1573 5044 1707 5105 omnes,
1721 5017 1872 5087 maxime
1885 5015 1990 5086 nohis
2006 5016 2043 5083 in
2053 5010 2177 5084 Eccle-

144 5136 242 5213 Nam
270 5161 350 5206 cum
377 5150 456 5228 post
480 5134 673 5208 Alexandri
695 5153 845 5206 mortem
869 5141 1039 5208 adversus
1060 5137 1139 5207 An-
1188 5133 1239 5201 sia
1257 5151 1346 5221 opus
1360 5150 1434 5197 esse
1449 5124 1663 5205 Dialectica,
1686 5143 1776 5214 qtrae
1795 5112 1982 5187 methodos
2006 5128 2098 5185 recte
2119 5113 2177 5181 in-

143 5242 319 5333 tipatrum
335 5237 492 5331 inquieta
509 5239 631 5310 civitas
647 5241 781 5309 bellum
804 5240 949 5309 infoelix
968 5251 1140 5315 moveret,
1186 5234 1334 5310 format,
1367 5251 1459 5323 quae
1479 5230 1602 5296 dextre
1616 5222 1760 5305 definit,
1788 5220 1880 5288 iuste
1895 5216 2064 5310 partitur,
2097 5225 2178 5330 apte

141 5354 294 5437 propter
308 5341 498 5409 amicitiam
512 5340 706 5431 Antipatri,
727 5335 880 5410 Athenis
895 5365 968 5410 non
984 5343 1061 5409 sine
1076 5362 1139 5430 pe-
1187 5332 1377 5416 connectit,
1402 5328 1534 5400 indicat
1553 5341 1588 5397 et
1602 5323 1741 5392 divellit
1755 5331 1970 5389 monstrosas
1985 5337 2178 5387 connexio·

140 5443 352 5517 riculoesse
374 5454 522 5533 poterat.
580 5439 627 5515 Et
649 5458 746 5515 erant
774 5438 939 5512 homines
960 5439 1139 5524 malevoli,
1186 5457 1261 5508 nes.
1311 5430 1415 5502 Hanc
1428 5444 1537 5500 artem
1555 5426 1704 5520 quinon
1722 5433 1873 5500 norunt,
1898 5421 2052 5490 lacerant
2067 5429 2176 5485 mate-

1291 3654 1383 3727 Cum
1400 3648 1638 3750 sycophantae
1653 3654 1686 3722 ei
1703 3653 1848 3723 esitium
1862 3650 2085 3734 molirentur,
2102 3674 2176 3719 nou

1187 3758 1319 3829 muniit
1335 3781 1374 3828 se
1388 3755 1614 3841 factionibus,
1639 3779 1713 3825 non
1729 3750 2178 3844 turbavitRempnblicam,

1188 3862 1249 3933 sed
1276 3859 1414 3951 placide
1435 3883 1477 3928 ex
1501 3859 1589 3928 urbe
1613 3856 1729 3928 Attica
1760 3856 1798 3924 in
1827 3856 1904 3925 loca
1927 3852 2178 3947 tranquilliora

1188 3960 1370 4036 concessit.
1408 3957 1468 4030 Sic
1483 3961 1582 4029 decet
1596 3952 1778 4026 hominem
1796 3948 2049 4049 philosophum
2065 3953 2177 4045 impe·
