4664 6022
147 323 228 403 osa
722 325 883 404 unct.
933 327 1008 404 nn
1046 327 1145 405 unt
1180 327 1608 412 invocarrouu
2107 350 2183 424 aas
2258 371 2265 386 -

148 489 247 566 hanc
273 516 393 564 veram
419 491 641 564 divinitatem
666 514 758 579 esse,
794 505 976 563 aeternum
1000 491 1140 565 Patrem
1192 494 1292 567 iubet
1315 489 1576 589 παῤῥησιάζειν
1592 523 1665 569 non
1688 513 1808 573 nostra
1830 504 1977 589 fiducia,
2003 511 2062 582 sed
2081 508 2182 598 Filii,

148 590 261 666 huius
282 592 368 665 Filii
388 595 514 668 stantis
543 595 582 664 in
605 591 776 679 Iordane,
807 591 997 666 etlilium
1023 593 1140 687 ipsum
1193 607 1227 667 et
1242 590 1335 666 hanc
1350 597 1382 666 ei
1397 593 1606 691 noddaos'ar
1620 614 1758 689 gratum
1774 605 1930 676 officium
1946 633 2030 681 esse.
2071 612 2178 685 Certe

146 695 341 788 imaginem
361 695 514 787 genitam
530 694 742 786 cogitatione
757 693 891 779 Patris,
915 708 949 767 et
965 693 1139 786 Spiritum
1192 698 1306 768 donec
1330 697 1471 788 languet
1496 700 1654 786 animus,
1685 716 1720 773 et
1747 729 1813 775 nos
1835 708 1965 798 negligi
1992 711 2180 799 existimat,

145 812 313 871 sanctum
342 796 515 868 immenso
546 818 666 868 amore
692 797 918 888 copulantem
942 794 1084 868 Patrem
1106 810 1141 867 et
1192 811 1310 868 manet
1330 821 1478 870 arcanus
1500 813 1534 871 et
1555 800 1664 874 tristis
1686 805 1847 878 lremitus
1868 812 2035 882 adversus
2047 809 2177 886 Deum.

145 895 305 983 Filium,
331 898 404 967 imo
422 911 457 969 et
470 894 664 969 Ecclesiam
680 922 760 969 cum
778 899 871 973 Deo.
1192 896 1289 969 llaec
1310 898 1418 989 igitur
1437 900 1521 972 fides
1544 901 1582 970 in
1602 888 1704 974 ¹omni
1724 906 1948 980 invocatione
1968 914 2177 1003 praeluceat,

257 996 365 1071 Hunc
387 1000 497 1089 igitur
518 996 634 1070 Deum
657 999 866 1091 patefactum
889 997 996 1069 nobis
1015 997 1139 1089 cogita,
1190 1013 1231 1072 ut
1246 1022 1329 1070 vere
1345 1023 1411 1070 nos
1424 1000 1532 1093 recipi
1546 1017 1690 1095 propter
1703 1002 1834 1077 Filium
1850 1024 2052 1087 statuamus.

145 1122 225 1171 uon
259 1103 425 1186 surdum,
458 1123 533 1170 non
559 1096 707 1191 Epicuri
739 1093 1025 1199 μονόγραμμον,
1064 1123 1137 1170 non
1291 1098 1387 1172 llaec
1409 1115 1461 1174 est
1483 1103 1544 1174 illa
1564 1107 1723 1178 coelestis
1743 1108 1924 1192 doctrina,
1955 1114 1999 1182 de
2020 1138 2096 1207 qaia
2106 1112 2175 1185 Za-

144 1201 351 1275 Stoicorum
365 1214 519 1272 mentem
535 1202 710 1291 alligatam
732 1201 845 1272 causis
865 1201 1046 1272 secundis:
1075 1203 1135 1271 sed
1190 1195 1326 1273 charias
1352 1202 1486 1296 inquit:
1522 1200 1717 1278 Effundam
1747 1229 1853 1301 super
1880 1213 2027 1283 domum
2056 1212 2173 1286 David

143 1302 377 1394 aspicientem
398 1302 539 1388 omnia,
564 1302 721 1389 bonum,
754 1303 907 1387 iustum,
936 1300 1137 1372 misericor·
1188 1299 1362 1395 Spiritum
1382 1305 1512 1394 gratiae
1534 1319 1568 1377 et
1588 1330 1743 1397 precum.
1794 1310 1975 1384 Divinitns
2000 1317 2173 1407 promissa

141 1405 241 1490 dem,
258 1402 430 1489 iudicem,
455 1417 602 1488 castum,
620 1425 788 1489 veracem,
813 1402 1035 1475 liberrimum
1052 1426 1136 1478 esse.
1188 1416 1240 1475 cst
1259 1402 1519 1491 reconciliatio,
1551 1419 1585 1477 et
1606 1409 1711 1480 datur
1733 1409 1887 1502 Spiritus
1915 1428 2077 1500 sanctus,
2110 1416 2173 1511 qui

141 1494 194 1577 Et
214 1503 395 1598 quievere
416 1504 567 1597 peccatis
590 1504 720 1575 nostris
743 1505 925 1595 irascitur,
951 1516 985 1573 et
1001 1517 1071 1589 est,
1095 1517 1136 1575 ut
1186 1499 1280 1575 hauc
1300 1505 1414 1575 lucem
1436 1505 1474 1575 in
1498 1507 1676 1579 mentibus
1699 1513 1873 1597 accendit,
1899 1526 1938 1584 ut
1959 1489 2024 1587 hos
2038 1516 2076 1584 in
2092 1540 2172 1606 gra-

141 1602 263 1701 inquit
280 1603 444 1700 Moyses,
475 1604 567 1696 ignis
589 1629 818 1692 consumens,
843 1629 925 1676 mox
947 1605 994 1677 de
1018 1607 1135 1697 placa-
1187 1605 1272 1676 tiam
1287 1605 1396 1700 recipi
1412 1619 1615 1685 statuamus.
1648 1608 1755 1699 Quod
1771 1637 1849 1684 cum
1864 1614 1915 1698 ht,
1938 1629 2016 1687 tum
2029 1618 2172 1688 demum

141 1704 245 1780 tione
267 1706 495 1796 cogitandum
517 1718 587 1794 est,
610 1720 876 1803 propterquam
893 1729 974 1777 vere
990 1721 1025 1778 et
1039 1719 1133 1777 certo
1185 1709 1350 1779 accedere
1378 1707 1422 1777 ad
1448 1706 1565 1781 Deum
1597 1712 1787 1802 audemus,
1825 1729 1860 1788 et
1893 1730 2011 1810 petere
2043 1729 2078 1789 et
2111 1742 2171 1789 es-

140 1806 273 1901 recipit
291 1830 369 1880 nos.
1186 1822 1325 1902 pectare
1340 1809 1443 1882 bona.

247 1906 304 1980 Sit
323 1908 432 2000 igitur
447 1904 516 1980 hoc
536 1910 731 1981 seeundum
757 1920 992 2001 praeceptum.
1040 1902 1132 1977 Cum
1287 1905 1383 1980 llaec
1394 1909 1527 2002 agnitio
1543 1913 1713 1984 essentiae
1727 1928 1761 1985 et
1774 1917 1967 1990 voluntatis
1982 1919 2069 2005 llei,
2095 1920 2170 1991 dis-

140 2031 246 2083 mens
262 2003 358 2080 hune
367 2008 481 2081 Deum
497 2010 701 2105 alloquitur,
726 2011 788 2105 qui
802 2035 839 2081 se
853 2009 957 2080 nobis
973 2032 1034 2079 sua
1047 2030 1133 2077 voce
1185 2032 1331 2081 cernens
1344 2010 1603 2083 invocationem
1621 2011 1796 2086 ethnicam
1813 2041 1949 2100 svera,
1973 2042 2111 2112 semper
2130 2020 2169 2090 in

140 2111 313 2196 ostendit,
339 2126 521 2203 praecepta
535 2112 689 2202 primum
706 2112 924 2200 consideres,
951 2109 989 2180 in
1005 2109 1133 2205 quibus
1184 2110 1372 2204 conspectu
1386 2111 1445 2197 sit,
1470 2126 1504 2183 et
1567 2115 1678 2186 otidie
1693 2116 1733 2187 in
1747 2117 1972 2190 invocatione
1986 2121 2169 2211 cogitetur.

140 2211 304 2284 invocari
318 2213 480 2286 aeiussit.
517 2209 614 2283 Haec
628 2213 721 2284 dicta
743 2212 809 2284 tibi
828 2210 1038 2305 proponitoz
1071 2206 1132 2279 ln·
1282 2209 1423 2283 Deinde
1436 2137 1598 2285 cumllhc
1613 2219 1720 2289 modo
1736 2217 1955 2291 seiunrimua
1973 2221 2169 2293 invocatio-

141 2336 231 2385 voca
247 2335 304 2382 me
317 2314 356 2383 in
370 2313 428 2384 die
442 2312 693 2388 tribulationis.
727 2311 833 2384 Item:
857 2311 980 2398 Petite,
993 2326 1028 2383 et
1040 2311 1131 2382 acci·
1183 2334 1265 2382 nem
1281 2325 1437 2383 nostram
1452 2314 1498 2384 ab
1520 2307 1679 2403 ethnica,
1704 2331 1738 2388 et
1752 2319 1824 2388 iam
1840 2321 1883 2390 ad
1903 2333 2084 2391 aeternum
2100 2319 2169 2390 Pa-

138 2414 261 2509 pietis.
309 2409 365 2484 Ac
389 2416 533 2506 prodest
551 2415 680 2486 multas
706 2414 794 2485 talea
822 2413 1012 2484 sententiaa
1040 2414 1131 2483 bene
1183 2411 1541 2488 tremducenteFilio
1555 2417 1699 2491 adducti
1715 2441 1855 2507 sumus,
1879 2416 2007 2493 sithoc
2023 2422 2167 2492 tertium

138 2515 332 2588 meditatas
342 2528 475 2597 unere,
498 2538 589 2609 quae
602 2510 790 2586 hortentur
802 2528 844 2586 ut
856 2514 900 2583 ad
914 2510 1029 2584 Deum
1044 2535 1131 2584 con·
1182 2526 1421 2606 praeceptum.

137 2614 333 2706 rugianos
361 2613 500 2687 Deinde
512 2629 546 2687 et
559 2615 809 2709 promissiones
821 2614 1015 2706 adiungito.
1047 2612 1130 2685 Non
1280 2612 1388 2701 Vult,
1412 2627 1454 2686 ut
1468 2629 1571 2688 antea
1588 2615 1789 2705 audivistis,
1814 2619 1947 2696 Paulus
1967 2618 2167 2716 παρῥησιᾶ-

140 2714 317 2810 praecipit
337 2728 475 2788 tantum
501 2718 673 2811 petisse
693 2714 791 2788 Deus
811 2715 961 2789 salutem
982 2728 1018 2785 et
1037 2713 1130 2786 vitae
1182 2708 1269 2802 ζειν.
1317 2711 1433 2805 Ergo,
1463 2729 1505 2787 ut
1530 2719 1625 2808 apud
1648 2720 1825 2791 medicum
1851 2723 1968 2793 morbi
1991 2737 2027 2794 et
2046 2722 2167 2792 omnia

139 2814 331 2911 praesidia,
354 2820 413 2888 aed
429 2818 663 2910 amplissimas
679 2815 929 2909 promissiones
943 2816 1066 2900 edidit,
1090 2815 1129 2884 in
1181 2814 1441 2908 συμπτώματα
1456 2819 1749 2906 narrandumne,
1773 2821 1823 2892 ita
1837 2845 1903 2892 nos
1918 2823 2076 2892 miserias
2089 2821 2166 2893 Deo

139 2918 275 3013 quibus
307 2919 462 2990 ostendit
493 2920 598 2989 nobis
623 2918 774 3004 Filium,
809 2942 914 3012 quem
947 2915 1130 2987 constituit
1182 2940 1409 3007 exponamus,
1433 2941 1473 2988 ac
1489 2917 1650 2989 meditati
1664 2923 1709 2990 ad
1723 2916 1820 2992 hunc
1835 2923 2009 2993 medicum
2024 2923 2167 2994 acceda-

136 3021 355 3115 placatorem
380 3014 444 3093 acui
463 3015 618 3114 μεσίτην
638 3015 701 3091 καὶ
724 3017 847 3113 ἱκέτην
866 3042 930 3110 pro
947 3019 1071 3101 nobis,
1096 3029 1129 3086 et
1181 3038 1270 3086 mua.
1321 3015 1407 3103 Non
1427 3040 1573 3110 pancas,
1599 3042 1675 3089 non
1698 3022 1840 3110 exiguas
1862 3047 2047 3096 aerumnas
2069 3048 2167 3094 com-

135 3132 289 3215 propter
308 3113 405 3193 hunc
426 3121 578 3193 affirmat
600 3135 695 3193 certo
717 3143 784 3193 noa
810 3118 938 3213 recipi,
971 3115 1129 3188 exaudiri
1181 3139 1436 3201 memoremus,
1461 3142 1544 3188 vere
1567 3118 1894 3212 παρῥησιαζοντες,
1919 3125 1984 3194 ubi
2007 3124 2046 3193 in
2066 3147 2167 3193 men-

136 3234 177 3296 at
189 3220 337 3294 oervari.
1180 3230 1250 3289 tem
1263 3217 1354 3288 illud
1363 3215 1509 3287 Tanleri
1524 3217 1659 3289 veniet:
1683 3219 1876 3314 Nunquam
1891 3216 2088 3293 humanum
2102 3248 2165 3314 pe·

244 3319 288 3393 ln
307 3318 366 3394 his
386 3317 681 3416 promissionibus
696 3317 934 3411 persolvenda
950 3340 1051 3389 mens
1064 3330 1132 3404 est,
1180 3333 1257 3392 ctus
1275 3330 1349 3389 tam
1371 3317 1516 3389 aridum
1534 3340 1609 3387 ease
1624 3320 1668 3389 ad
1686 3321 1953 3413 accipiendum,
1977 3346 2083 3418 qnam
2097 3320 2167 3392 Dei

140 3446 233 3521 qnae
253 3423 376 3495 multis
395 3420 605 3495 tristissimis
622 3417 908 3491 dubitationibus
922 3413 983 3490 hie
997 3442 1128 3490 concu-
1180 3417 1320 3491 bonitas
1341 3420 1452 3491 estad
1467 3419 1639 3494 dandum.

140 3525 249 3606 titur,
274 3538 443 3620 tanquam
462 3523 602 3593 diversa
616 3521 768 3615 impulsa
784 3520 952 3592 fluctibns
970 3515 1045 3593 καλ.
1052 3542 1129 3613 χμ-
1281 3516 1321 3589 8ἱ
1343 3518 1423 3612 quis
1445 3542 1520 3589 non
1540 3518 1694 3591 allicitur
1705 3513 1883 3591 Ecclesiae
1903 3520 2166 3608 dilacemtiooe,

135 3622 344 3723 μζομίνη.
1181 3632 1216 3690 et
1238 3618 1318 3690 aliis
1339 3619 1508 3701 miseriis,
1541 3618 1671 3690 deinde
1693 3620 1923 3713 imperiorum
1945 3622 2165 3693 confusioni-

243 3724 343 3799 Scias
369 3738 487 3795 autem
506 3720 685 3796 ethnicam
709 3720 947 3817 precationem
970 3741 1064 3807 esse,
1094 3719 1126 3790 si
1179 3720 1265 3806 bos,
1290 3719 1344 3791 illi
1361 3742 1442 3791 vere
1460 3720 1620 3792 roburet
1634 3743 1693 3791 aes
1707 3720 1833 3814 triplex
1855 3722 1947 3795 eirca
1962 3735 2100 3816 pectus,
2123 3736 2165 3795 ut

133 3826 288 3920 sagius,
324 3826 539 3898 recitandam
561 3826 705 3918 quidem
727 3848 801 3896 esse
827 3819 918 3894 haue
946 3820 1129 3918 βτττολο-
1178 3818 1311 3895 Po'e'tae
1331 3820 1449 3891 verbis
1468 3835 1570 3907 utar,
1602 3837 1725 3896 natum
1749 3836 1812 3899 est.
1871 3823 1958 3896 Vult
1979 3848 2046 3894 nos
2067 3821 2165 3896 Deus

131 3926 251 4033 rina,
274 3931 336 4000 sed
357 3925 534 4016 ambigere
552 3927 734 4010 animum,
757 3948 803 3997 an
822 3921 919 3998 Dein
935 3936 1035 3995 curet
1051 3937 1128 3994 tuas
1178 3924 1303 3993 dolore
1322 3922 1546 4014 publicomm
1567 3923 1743 3994 malorum
1766 3923 1876 4023 albei,
1897 3936 1940 3998 nt
1958 3946 2164 3996 aseeorum

131 4051 282 4127 peres,
312 4041 374 4101 aut
405 4027 557 4118 gemitus
587 4039 694 4111 tuos,
724 4050 791 4099 nee
814 4026 926 4116 nugis
946 4036 1127 4118 expectare
1178 4022 1434 4114 mitigationem
1449 4034 1622 4115 petamus.
1671 4021 1743 4094 Sed
1759 4046 1882 4094 verum
1900 4037 1952 4096 est
1969 4024 2061 4095 illud
2074 4023 2164 4095 Pin·

129 4156 156 4209 a
171 4130 254 4206 Deo
267 4128 462 4212 auxilium,
487 4149 592 4221 quam
611 4126 642 4196 si
657 4127 785 4198 indens
805 4126 886 4197 talis
900 4136 1128 4219 expectesse·
1178 4125 1357 4205 dacicum,
1387 4118 1431 4196 τὸ
1449 4123 1587 4196 οἰκεῖον
1607 4117 1736 4211 stages,
1762 4118 1968 4220 ἀλλοτρίων
1989 4120 2036 4198 οὐ
2055 4123 2166 4218 μέλει.

130 4233 306 4315 nionen,
333 4244 396 4302 aut
418 4223 564 4299 manaim
592 4221 737 4299 trahens
764 4226 933 4312 silurum,
963 4239 1026 4297 aut
1048 4249 1127 4315 ara-
1177 4221 1398 4296 Domesticae
1419 4223 1634 4297 calamitates
1655 4222 1766 4317 nagia
1787 4225 1989 4298 armarant
2013 4228 2165 4307 animos,

131 4348 212 4410 um
234 4344 407 4424 expertes.
455 4327 551 4401 lluie
569 4327 785 4400 dubitationi
804 4327 969 4418 fugitanti
986 4341 1020 4398 et
1040 4349 1125 4396 eon-
1176 4325 1292 4397 aliena
1307 4324 1421 4395 levius
1438 4348 1615 4401 curamus.
2151 4352 2155 4357 ·

130 4433 313 4511 temnenti
328 4429 445 4505 Deum
462 4425 605 4503 ethnico
621 4452 740 4514 more,
764 4450 986 4523 nequaquam
1003 4427 1126 4497 indul·
1278 4425 1350 4499 Sed
1364 4425 1468 4511 furit,
1491 4424 1556 4520 qui
1569 4425 1730 4517 publicas
1742 4421 1921 4498 Ecclesiae
1942 4438 1977 4497 et
1994 4424 2163 4518 imperio-

131 4537 296 4631 gendum
313 4548 377 4611 est.
426 4531 498 4605 Sed
518 4530 684 4621 erigenda
700 4553 801 4601 mena
815 4528 1028 4620 cogitatione
1041 4548 1126 4620 pro·
1177 4551 1258 4599 rum
1279 4526 1519 4620 quassationes
1537 4520 1631 4597 nibil
1654 4527 1700 4599 ad
1721 4549 1759 4596 se
1779 4529 1955 4618 pertinere
1978 4525 2163 4597 existimat.

130 4636 363 4723 niasiomm,
385 4658 426 4706 ac
438 4633 663 4705 statuendum
681 4654 763 4701 vere
778 4652 845 4702 nos
860 4643 894 4701 et
909 4642 1029 4700 nostra
1044 4642 1125 4701 vota
1175 4624 1403 4721 Experiemia
1418 4627 1527 4697 nimia
1539 4650 1662 4699 verum
1676 4649 1751 4698 esse
1763 4640 1910 4699 testatur
1923 4624 2068 4698 Solonis
2081 4650 2162 4695 ver-

130 4750 285 4837 propter
305 4734 438 4807 Filium
460 4735 672 4825 placatorem
695 4731 817 4824 recipi.
872 4728 1034 4824 Cumque
1057 4722 1126 4800 hoc
1176 4752 1275 4812 sum,
1300 4727 1363 4823 qui
1376 4729 1444 4801 ait:
1469 4727 1609 4800 lntrant
1624 4729 1663 4797 in
1685 4722 1859 4799 thalamos
1871 4726 2014 4818 publica
2031 4727 2162 4797 damna

131 4853 317 4921 manen
331 4837 371 4908 in
385 4835 513 4906 animis
527 4858 600 4905 non
615 4834 695 4904 lere
707 4832 765 4916 sit,
790 4825 859 4902 hoc
873 4830 1012 4921 insigne
1026 4830 1125 4901 testi·
1175 4844 1270 4903 tuos.
1322 4828 1445 4924 ltaque
1463 4828 1624 4922 publicas
1642 4841 1678 4900 et
1696 4828 1852 4920 privatas
1874 4849 2060 4897 aerumnas
2075 4850 2162 4898 eon·

131 4938 300 5016 monium
322 4936 456 5032 pectori
477 4936 663 5027 inligatur,
693 4934 791 5028 quod
807 4946 902 5006 extat
925 4931 963 5001 in
977 4932 1124 5023 epistola
1176 4930 1389 5016 sideramus,
1420 4952 1547 5024 easque
1565 4927 1643 5002 Deo
1663 4949 1923 5021 proponamus,
1952 4939 1988 4998 et
2008 4926 2071 4997 illa
2093 4926 2162 4999 Dei

132 5044 185 5117 ad
199 5034 393 5134 Ephesiosa
415 5036 486 5109 Per
500 5060 606 5131 quem
623 5031 794 5106 habems
808 5033 991 5114 fiduciam,
1016 5047 1050 5104 et
1064 5056 1125 5104 ac·
1175 5031 1355 5123 agnitione
1377 5043 1414 5103 et
1429 5030 1499 5100 lide
1519 5054 1640 5103 earum
1662 5026 1917 5119 mitigationem
1933 5039 1969 5098 et
1988 5026 2162 5099 auxilium

132 5144 263 5219 eadere
284 5142 329 5212 ad
354 5140 470 5213 Deum
495 5140 668 5224 audenus
693 5136 841 5207 fidentes
864 5149 1008 5227 propter
1030 5156 1125 5208 eum.
1174 5147 1335 5226 petam
1350 5144 1385 5202 et
1399 5143 1631 5224 expectemus.
1680 5127 1795 5201 lmmo
1808 5140 1849 5199 ut
1861 5128 1983 5201 ardeat
1995 5130 2162 5222 depreca-

134 5240 177 5320 0
195 5244 338 5316 dulcem
360 5239 567 5313 concionem
593 5239 784 5311 verborum
809 5237 967 5328 pondera
989 5234 1124 5306 intelli·
1175 5232 1246 5320 tio,
1270 5229 1357 5303 haec
1370 5244 1546 5324 reputato.

133 5344 249 5440 genti.
286 5342 472 5436 vituperat
484 5340 622 5412 animos
634 5337 806 5429 fugientes
819 5333 958 5423 Deum,
981 5358 1046 5407 nec
1061 5358 1125 5427 pe·
1275 5332 1506 5405 severissime
1526 5329 1698 5426 praecipit
1712 5326 1810 5449 Βξω
1830 5327 2017 5402 universae
2035 5324 2162 5401 Eccle-

133 5461 254 5524 teutes
275 5445 323 5517 ab
345 5468 388 5516 eo
403 5443 520 5528 bona,
544 5463 680 5536 nosque
700 5440 745 5511 ad
764 5435 881 5512 Deum
897 5430 1066 5524 retrahit,
1087 5449 1124 5510 et
1152 5530 1157 5538 Ι
1173 5434 1246 5507 siae
1259 5448 1296 5509 et
1314 5433 1485 5527 singulis,
1508 5446 1550 5506 ut
1564 5445 1727 5527 petamus
1741 5428 1935 5518 auxilium,
1960 5428 2060 5503 addit
2077 5454 2164 5522 pro·
