4664 6022
250 318 303 399 06
836 306 1001 391 DECL.
1031 304 1107 388 Dii
1139 304 1472 389 ttttttttttttco
1504 304 1705 385 ELECT.
2240 306 2291 385 tt

251 502 317 589 rit,
342 512 378 572 et
399 494 498 592 quod
514 491 553 563 in
570 512 679 582 regno
695 483 932 560 difficilimum
948 498 1023 572 est,
1045 482 1246 554 retinuerit.
1297 496 1415 578 patre,
1440 484 1656 557 alienissimo
1678 498 1847 575 tempore.
1898 481 2061 561 Coniecit
2080 484 2205 558 oculor
2227 509 2291 580 pc·

253 606 443 683 Praetereo
480 618 570 691 quae
609 593 649 662 iu
683 587 869 661 adeundis'
892 586 1060 682 periculis
1089 586 1245 657 contatio
1296 587 1365 659 tria
1387 587 1427 657 in
1447 587 1592 659 fratrem
1613 601 1735 672 tuum,
1759 586 1857 657 illins
1880 610 1917 657 se
1937 586 2019 656 fidei
2044 599 2122 660 tuto
2144 587 2290 685 quidem

250 706 371 792 fuerit,
395 723 486 799 quae
499 694 695 770 constantia
709 693 748 761 in
761 691 981 785 perferendis
993 689 1113 764 fuerit.
1162 686 1246 759 Non
1297 689 1470 762 committi
1492 690 1618 775 sentit,
1656 690 1717 758 sed
1738 688 1812 781 ipse
1837 690 1941 759 etiarn
1966 702 2067 781 putat
2088 713 2124 761 se
2144 689 2204 762 sui
2225 690 2291 761 sli-

253 814 336 885 dico
354 814 488 903 quanta
508 799 662 872 suavitas
683 795 722 865 in
738 791 908 865 familiari
922 814 1112 883 congressu
1127 790 1246 878 inerit,
1297 816 1404 886 mam
1428 805 1564 885 partem
1587 791 1801 884 perdidisse,
1835 803 1870 862 te
1895 792 2069 878 extincto,
2101 792 2217 863 animi
2237 792 2290 864 tui

253 925 387 1012 quanta
409 907 449 976 in
471 923 633 974 sermone
657 898 860 983 urbanitas,
886 908 1018 990 quanta
1040 892 1175 984 ingenii
1188 916 1245 962 ar·
1298 894 1531 986 praesentiam
1546 906 1581 965 et
1596 894 1708 965 robur
1722 893 1761 961 in
1777 894 1909 985 asperis
1923 894 2092 965 omnibus
2105 896 2215 967 rebus
2229 897 2291 966 de-

252 1014 350 1111 gutia
373 1007 493 1081 fuerit.
542 1000 625 1073 Non
649 1022 887 1070 commemoro
912 996 1095 1068 scientiam
1117 995 1170 1064 rei
1192 995 1246 1064 la·
1297 997 1460 1069 siderat..
1491 993 1562 1065 Hic
1577 994 1728 1067 Senatus
1748 996 1853 1067 etiam
1877 996 2025 1066 ditionis
2047 996 2173 1067 dolore
2193 1020 2290 1068 moe

253 1113 406 1190 mittaris
426 1105 695 1200 gubernandae,
726 1125 816 1196 quae
837 1101 907 1172 fnit
927 1099 966 1168 in
989 1098 1053 1168 illo
1077 1097 1185 1181 mira,
1211 1109 1246 1166 et
1296 1098 1461 1193 stitiaque
1481 1098 1720 1179 exanimatus,
1746 1110 1853 1190 caput
1872 1098 2007 1189 publici
2025 1098 2186 1187 consilii,
2205 1111 2290 1171 tan·

254 1244 324 1317 qua
339 1234 454 1307 nuper
464 1230 644 1282 annonam
661 1205 960 1293 ingravescentem
975 1200 1117 1270 laxavit.
1148 1197 1246 1269 Haec
1299 1225 1405 1295 quam
1436 1200 1476 1269 in
1497 1197 1749 1293 Imperatorem
1780 1201 1951 1272 exercitus
1973 1201 2012 1269 in
2036 1201 2146 1272 dubia
2170 1223 2289 1293 pugne

255 1318 373 1396 omnia
397 1312 518 1385 animo
541 1307 731 1400 repetenda
752 1320 837 1376 sunt
856 1302 977 1389 vobis,
1017 1315 1054 1372 ct
1075 1301 1246 1371 memoria
1298 1302 1467 1396 requirit,
1493 1317 1553 1373 tua
1577 1301 1695 1392 signa,
1720 1316 1817 1372 tuam
1838 1327 1961 1373 vocem
1985 1303 2087 1399 sequi
2109 1304 2290 1376 adsuetus·

254 1421 415 1498 omnium
435 1414 534 1486 illius
554 1411 729 1481 virtutum
751 1431 791 1478 ac
812 1405 1021 1476 meritorum
1036 1405 1248 1488 revocanda,
1298 1402 1369 1477 Sed
1392 1404 1545 1475 nimium
1563 1404 1731 1496 indulgeo
1747 1405 1884 1490 dolori,
1909 1405 1998 1500 quin
2014 1428 2136 1476 recreo
2151 1428 2232 1487 me,
2255 1417 2289 1478 ct

252 1543 294 1601 ut
309 1516 513 1615 expendatis
525 1513 692 1606 primum,
717 1505 971 1604 quantamDeo
985 1530 1051 1599 pro
1066 1504 1246 1574 taliPrin·
1299 1506 1444 1597 colligo,
1485 1526 1576 1600 quae
1607 1507 1742 1577 luctum
1773 1505 1892 1600 aliqua
1921 1531 1962 1576 ex
1991 1519 2091 1598 parte
2114 1506 2290 1583 minuant.

253 1631 333 1721 cipe
353 1618 522 1715 gratiam,
547 1615 677 1686 deinde
697 1625 865 1707 quantam
879 1609 990 1704 ipsius
1005 1607 1169 1677 manibus
1185 1610 1248 1676 de·
1299 1607 1393 1680 Sunt
1415 1621 1532 1679 autem
1556 1633 1575 1678 a
1601 1609 1820 1701 sapientibus
1840 1609 1927 1679 viris
1949 1611 1993 1678 de
2010 1610 2185 1682 brevitate
2199 1608 2289 1681 vitae

253 1735 420 1809 beamus,
444 1719 545 1792 nulla
565 1729 659 1788 aetas
680 1738 721 1784 cx
743 1713 872 1784 animis
894 1710 1025 1782 nostris
1039 1709 1246 1780 memoriam
1300 1711 1504 1782 mortalium
1537 1713 1652 1805 deque
1687 1711 1869 1780 communi
1905 1711 2129 1782 nascentium
2166 1709 2291 1783 condi·

254 1846 374 1908 notae
390 1820 531 1896 vinulis
545 1844 584 1890 ac
599 1817 853 1889 beneficiorum
869 1815 988 1884 delere
1003 1812 1117 1885 debet.
1143 1807 1248 1882 Ami·
1300 1815 1396 1886 tione
1412 1814 1586 1905 disputata
1605 1815 1647 1881 ad
1664 1813 2095 1883 assuefaciendosanimos
2139 1825 2290 1884 utcum-

255 1939 301 2008 sit
323 1929 438 2010 enim,
468 1923 617 1994 miseros
638 1942 721 2005 nos,
754 1917 867 2012 patria
887 1940 960 1987 non
983 1928 1121 1985 tantum
1142 1912 1250 1997 Prin-¹

256 2038 372 2129 cipem
389 2028 515 2103 utilem
530 2048 570 2095 ac
583 2023 794 2107 salutarem,
820 2035 855 2090 ct
871 2019 1061 2089 diuturnae
1075 2015 1170 2107 pacis
1184 2039 1246 2085 cu-

257 2112 415 2217 stodem,
445 2129 507 2200 sed
530 2140 665 2220 patrem
685 2123 789 2194 etiam
815 2145 927 2215 aquo
950 2119 1055 2190 bonis
1079 2119 1248 2188 omnibus

256 2243 364 2313 rebus
387 2243 554 2304 exornata
574 2241 637 2300 est.
688 2221 840 2296 Divinos
860 2217 1016 2293 honores
1039 2233 1248 2291 mernerunt

255 2336 407 2422 alicubi,
431 2333 495 2429 qui
517 2330 691 2401 culturam
714 2350 879 2417 agrorum
904 2324 1154 2395 ostenderunt:
1176 2322 1247 2392 Hic

256 2461 423 2537 agrorum
451 2435 648 2517 culturam,
680 2428 925 2499 educationem
955 2425 1109 2510 sobolis,
1141 2437 1247 2519 atque

256 2541 540 2620 institutionem,
572 2532 852 2623 negociationem
880 2527 1163 2600 constantissime
1190 2542 1247 2598 tu-

257 2656 443 2723 tatusest,
468 2661 553 2732 pace
575 2660 638 2730 per
661 2648 713 2706 tot
737 2655 850 2703 annos
871 2645 1088 2702 conservata.
1144 2626 1247 2699 Ami-

259 2757 384 2822 serunt
405 2758 440 2814 et
461 2738 578 2813 studia
598 2751 719 2808 nostra
734 2734 995 2818 Maecenatem,
1021 2756 1125 2801 nemo
1151 2730 1246 2800 enim

256 2849 485 2939 Principum,
511 2841 653 2930 ingenia
672 2852 733 2909 aut
749 2851 851 2908 norat
865 2834 993 2904 melius
1008 2845 1070 2905 aut
1082 2833 1171 2903 aluit
1184 2834 1243 2904 be·

256 2951 414 3045 nignius.
466 2942 598 3016 Amisit
620 2942 785 3012 universa
802 2935 995 3007 Germania
1014 2934 1166 3007 Senatus
1181 2935 1249 3004 im-

256 3055 349 3151 perii
363 3048 578 3138 Principem.
632 3040 676 3113 ln
698 3037 767 3111 hoc
787 3040 982 3133 plurimum
1003 3038 1110 3107 bonis
1129 3039 1249 3106 omni-

255 3162 326 3231 bus
351 3149 519 3248 praesidii
551 3160 643 3231 erat,
673 3146 717 3214 ad
745 3138 843 3213 hunc
871 3140 1030 3235 proxime
1059 3140 1097 3208 in
1121 3162 1248 3228 magno

258 3255 473 3333 Germaniae
494 3247 698 3320 discrimine
720 3245 920 3316 detulerant
938 3265 1056 3313 rerum
1073 3264 1248 3311 summam

256 3382 381 3436 omncs
409 3353 573 3437 ordines,
606 3347 713 3420 huius
735 3346 944 3440 sapientiam
967 3359 1002 3415 et
1026 3344 1247 3414 autoritatem

257 3453 462 3537 iudicabant
474 3478 595 3549 parem
612 3475 685 3521 esse
700 3451 855 3542 gerendo
869 3447 1034 3537 imperio,
1057 3439 1154 3514 hunc
1169 3458 1248 3515 tan-

258 3589 365 3661 quam
392 3558 576 3630 oraculum
603 3553 750 3647 aliquod
771 3552 809 3620 in
833 3549 1008 3639 ambiguis
1032 3550 1139 3617 rebus
1163 3571 1249 3617 con-

258 3665 432 3739 sulebant.
482 3653 530 3728 Et
553 3657 700 3725 amissus
720 3666 771 3723 est
790 3649 858 3721 hoc
878 3665 1054 3739 tempore,
1078 3672 1159 3718 cum
1176 3662 1248 3721 tota

258 3762 452 3842 Germania
469 3758 565 3829 civili
579 3757 674 3827 bello
692 3757 810 3837 ardet,
832 3766 868 3822 et
882 3767 922 3822 ut
937 3751 998 3820 ille
1014 3751 1122 3821 dixit:

362 3871 493 3934 Viciuee
508 3870 605 3950 ruptis
620 3869 698 3927 inter
713 3886 744 3926 se
759 3864 876 3944 legibus
891 3863 980 3922 urbes

360 3973 458 4038 Arma
470 3972 591 4048 imunt,
615 3971 708 4031 saevit
721 3979 786 4029 toto
800 3961 880 4027 Mers
895 3967 1007 4047 impius
1023 3962 1103 4023 orbe.

256 4073 420 4166 Cumque
446 4070 490 4138 ad
515 4063 768 4137 restituendam
790 4082 929 4154 pacem,
955 4060 998 4128 ad
1022 4058 1136 4147 legum
1163 4054 1249 4124 reli-

257 4174 445 4268 gionisque
466 4166 771 4249 emendationem,
800 4157 910 4232 huius
929 4159 1135 4242 autoritate,
1163 4182 1249 4250 pru-

258 4275 379 4349 dentia
407 4287 441 4343 et
470 4269 581 4340 animi
610 4264 855 4356 magnitudine
880 4262 1030 4332 maxime
1050 4282 1139 4350 opus
1162 4273 1247 4331 erat.

1300 1916 1421 1985 munia
1443 1916 1535 1984 mala
1556 1915 1703 2008 aequius
1722 1916 1865 1986 ferrent.
1917 1913 2019 2003 Quae
2031 1937 2098 1984 nos
2141 1938 2185 1985 oc
2202 1927 2289 1986 letn-

1300 2042 1385 2110 pore
1415 2040 1490 2086 non
1519 2018 1745 2107 attingemus.
1797 2014 1888 2087 Nam
1916 2041 1979 2108 ego
2001 2015 2188 2087 Friderico
2212 2016 2289 2110 ipsi,

1299 2144 1503 2216 quanquam
1527 2134 1562 2190 et
1581 2119 1673 2189 ratio
1694 2132 1728 2189 et
1743 2119 1938 2189 multarum
1954 2142 2073 2189 rerum
2088 2140 2178 2191 usus
2192 2118 2288 2190 addi·

1298 2226 1399 2294 derat
1427 2244 1596 2313 magnum
1625 2222 1805 2316 quoddam
1832 2222 1945 2292 robur
1973 2223 2018 2291 ad
2045 2222 2215 2293 ferendas
2237 2242 2287 2292 ret

1299 2327 1424 2411 duras,
1448 2338 1566 2394 tamen
1589 2324 1696 2394 aliam
1718 2335 1803 2416 puto
1823 2324 2014 2409 maiorem,
2040 2323 2285 2394 efficaciorem·

1298 2452 1368 2522 que
1389 2451 1545 2513 causam,
1570 2427 1672 2496 firmo
1692 2426 1812 2495 animo
1828 2428 2012 2496 adeundae
2029 2425 2167 2500 mortis.
2217 2420 2287 2496 lio-

1300 2543 1351 2600 rat
1374 2531 1470 2600 enim
1489 2553 1530 2598 ex
1543 2523 1746 2599 Christiana
1768 2528 1950 2613 doctrina,
1974 2541 2125 2598 mortem
2145 2548 2287 2619 essege·

1300 2633 1377 2702 neri
1408 2628 1596 2702 hominum
1625 2631 1798 2700 divinitus
1820 2631 2041 2722 impositam,
2073 2654 2148 2699 non
2174 2630 2288 2717 modo,

1299 2749 1339 2806 ut
1362 2757 1428 2828 pro
1451 2747 1592 2827 peccato
1612 2757 1762 2827 poenam
1778 2733 1973 2813 lueremus,
2001 2733 2097 2827 quod
2114 2743 2192 2802 erat
2209 2752 2288 2803 seue

1299 2837 1486 2922 miserum,
1510 2836 1592 2921 sed,
1611 2836 1715 2931 ‚quod
1731 2835 1799 2926 piis
1816 2858 1889 2903 esse
1904 2846 2104 2926 pergratum
2122 2834 2232 2921 solet,
2251 2847 2288 2906 ut

1298 2955 1413 3012 morte
1441 2939 1640 3031 deponatur
1659 2950 1861 3029 peccatum,
1895 2951 1930 3007 ct
1952 2935 2199 3028 ingrediamur
2221 2936 2288 3006 im·

1299 3041 1525 3113 mortalitatis
1547 3040 1625 3111 iter.
1675 3036 1787 3109 Porro
1811 3053 1846 3109 et
1867 3053 1948 3109 ante
1968 3052 2042 3109 acta
2060 3038 2153 3125 vita,
2179 3051 2215 3111 et
2230 3038 2287 3109 illa

1300 3145 1443 3213 demum
1466 3142 1578 3212 animi
1601 3140 1815 3232 praesentia,
1841 3165 1921 3210 cum
1940 3141 2010 3209 iam
2026 3165 2118 3232 pene
2134 3140 2283 3211 animam

1301 3259 1435 3336 ageret,
1468 3256 1675 3334 argumento
1698 3254 1783 3313 sunt
1803 3243 1950 3313 sensisse
1971 3265 2070 3312 suam
2093 3241 2173 3314 Deo
2196 3242 2287 3315 ntu-

1301 3362 1370 3418 tem
1393 3373 1496 3417 curae
1513 3369 1597 3420 esse.
1648 3342 1737 3414 Nam
1757 3345 2108 3440 praeterquamquod
2128 3344 2288 3435 religiose

1301 3451 1432 3518 muniit
1456 3473 1529 3518 sese
1551 3442 1792 3526 Erichaeten,
1828 3460 1861 3517 et
1884 3443 2098 3517 Christianis
2114 3448 2288 3540 precibus,

1300 3551 1349 3621 sic
1362 3552 1495 3642 accipio
1510 3549 1732 3639 respondisse
1747 3550 1812 3618 sub
1829 3549 1945 3639 ipsum
1960 3550 2052 3618 vitae
2064 3549 2185 3635 linem,
2209 3572 2287 3619 cum

1300 3655 1542 3723 consolaretur
1563 3651 1754 3744 quispiam:
1788 3648 1886 3720 Deus
1907 3652 2025 3736 dedit,
2048 3648 2147 3720 Deus
2170 3652 2286 3722 ahstu-

1300 3756 1360 3839 lit‚
1383 3756 1429 3826 sit
1451 3777 1580 3824 nomen
1606 3749 1753 3821 Domini
1779 3754 2018 3824 benedictum.
2071 3747 2286 3845 Opraecla-

1300 3882 1376 3926 ram
1407 3881 1559 3940 vocem‚·
1580 3870 1613 3924 et
1641 3868 1764 3924 testem
1787 3856 1877 3924 bene
1900 3855 2085 3927 sentientis
2108 3856 2223 3925 animi
2247 3856 2286 3926 de

1300 3959 1386 4029 Deo.
1435 3957 1528 4028 Nam
1551 3951 1641 4024 mihi
1665 3958 1785 4043 crede,
1811 3957 1972 4051 quisquis
1995 3958 2041 4026 ita
2057 3958 2217 4029 adfectus
2231 3968 2287 4041 est,

1300 4075 1339 4131 ut
1358 4061 1487 4130 sentiat
1509 4055 1615 4128 huius
1633 4058 1721 4126 lucis
1736 4082 1879 4127 usuram
1899 4060 2071 4129 divinitus
2086 4061 2192 4129 nobis
2206 4083 2288 4130 con·

1300 4186 1430 4232 cessam
1456 4184 1548 4244 esse,
1580 4160 1708 4229 deinde
1734 4185 1799 4228 nos
1819 4185 1892 4229 non
1916 4176 2046 4232 temere
2070 4163 2287 4246 occumbere,

1299 4265 1359 4335 sed
1375 4263 1441 4335 Dei
1459 4263 1607 4332 arbitrio
1624 4286 1749 4330 exuere
1762 4258 1830 4333 boc
1846 4287 1993 4354 corpus,
2019 4277 2200 4355 praeterea
2216 4284 2286 4334 non

256 4379 379 4451 Nolim
401 4373 532 4467 patriae
553 4370 644 4438 male
659 4366 829 4450 ominari,
854 4379 890 4437 at
908 4380 1027 4464 metuo
1044 4376 1178 4445 nmen,
1204 4385 1248 4429 ne
1298 4380 1438 4437 tantum
1455 4366 1583 4455 deponi
1600 4365 1726 4444 vitam,
1752 4367 1813 4434 sed
1826 4362 1902 4434 Deo
1919 4366 1988 4435 iam
2005 4365 2200 4450 committi,
2227 4390 2287 4457 po-

256 4478 355 4554 Deus
375 4478 487 4547 iratus
507 4465 928 4560 terrishunccripuerit,
953 4486 1119 4558 nequem
1138 4458 1247 4532 habe·
1299 4482 1428 4538 stremo
1459 4468 1563 4537 etiam
1587 4464 1654 4535 Dei
1688 4490 1819 4536 nomen
1841 4468 1880 4535 qn
1905 4482 2058 4538 extremo
2083 4468 2286 4538 discrimine

257 4603 377 4654 remus
398 4580 567 4649 idoneum
594 4572 755 4664 publicae
780 4568 875 4661 pacis
898 4581 1068 4637 autorem.
1120 4563 1248 4635 Multis
1300 4570 1487 4662 praedicat.
1539 4566 1572 4638 ls
1595 4569 1719 4659 procul
1743 4570 1852 4639 dubio
1877 4571 2126 4639 animadvertit
2151 4583 2285 4661 praesto

257 4686 329 4754 5³¹¹*
361 4678 533 4775 Pi⁰dldli⁸
553 4677 764 4745 himinam
785 4669 994 4759 ⁸58¹¹ifisstvil
1016 4667 1132 4749 Deus,
1166 4679 1246 4736 nata
1298 4675 1417 4742 adesse
1445 4668 1561 4740 Deum
1592 4683 1734 4761 portum
1767 4687 1800 4740 et
1830 4673 2031 4763 profugium
2062 4671 2286 4764 periclitanti.

257 4797 435 4868 mmmm,
462 4780 563 4851 3⁰¹&
585 4774 784 4865 ⁸⁰¹¹¹Plflfe⁸
802 4772 889 4856 Visis
915 4784 1022 4841 noctu
1035 4770 1144 4838 illd&
1163 4793 1248 4837 ⁰0¹¹·
1298 4773 1386 4844 Nam
1411 4773 1518 4863 impia
1540 4795 1640 4839 mens
1661 4774 1773 4844 nescit
1795 4796 1834 4843 se
1854 4774 2029 4844 divinitus
2046 4775 2221 4863 accepisse
2237 4774 2287 4844 vi·

258 4899 413 4980 spectac,
439 4881 576 4952 sonitus
599 4878 636 4946 iu
661 4900 740 4946 acre
755 4888 1007 4968 tympanorum
1024 4871 1184 4956 auditus,
1209 4881 1249 4939 ut
1299 4891 1381 4959 tam,
1405 4889 1533 4944 temere
1549 4874 1725 4944 existimat
1738 4899 1775 4944 se
1788 4877 2007 4962 occumbere,
2032 4871 2126 4945 nihil
2139 4877 2179 4946 in
2194 4890 2285 4948 tang.

257 5003 320 5060 aut
341 5009 460 5057 rerum
477 4981 638 5050 omnium
655 4979 734 5046 finis
747 4977 928 5045 videretur
941 4975 1162 5065 impendere,
1188 4984 1248 5040 ant
1299 4977 1494 5046 calamitate
1524 4976 1690 5066 praesidii
1718 4973 1835 5050 habet,
1894 4977 2076 5049 Postremo
2107 4992 2286 5050 ugeram„

259 5087 448 5178 ⁸3¹¹b¹¹l³fl⁵
471 5081 685 5153 Germaniae
715 5080 841 5149 clade&
902 5072 1058 5146 A⁰⁶0⁸⁵5l
1088 5077 1130 5141 ad
1164 5070 1248 5143 haec
1299 5080 1404 5149 etiam
1433 5077 1555 5147 divina
1582 5079 1702 5147 omnia
1734 5102 1814 5148 cum
1844 5081 1957 5149 deseri
1987 5105 2024 5150 se
2050 5082 2169 5153 sentit.
2221 5076 2286 5150 Hic

257 5190 431 5263 Friderici
446 5208 557 5267 mors,
584 5205 689 5274 quem
703 5204 816 5250 unum
831 5173 1023 5247 habuimus
1036 5175 1248 5267 Principem,
1300 5205 1382 5250 vero
1398 5179 1593 5271 implorans
1611 5205 1713 5272 opem
1731 5204 1749 5249 a
1765 5177 1841 5249 Deo
1855 5183 1950 5273 ipso,
1977 5197 2011 5252 et
2028 5187 2228 5275 postulans,
2250 5168 2286 5252 ul

258 5294 359 5364 cuius
387 5287 536 5360 consilio
559 5284 699 5374 publica
722 5282 814 5350 mala
838 5280 955 5348 sanari
975 5292 1148 5371 poterant.
1200 5276 1249 5348 Et
1299 5284 1450 5352 aliorum
1473 5283 1635 5373 precibus
1656 5283 1855 5362 iuvaretur,
1882 5308 1956 5353 non
1979 5288 2086 5355 semel
2110 5286 2285 5379 professus

258 5407 410 5464 mortem
430 5404 528 5460 tuam
542 5385 723 5455 Friderice
744 5405 820 5452 uon
836 5381 1068 5452 defleremus?
1093 5405 1166 5449 non
1182 5383 1246 5450 do·
1299 5397 1368 5469 cst,
1394 5384 1481 5476 quid
1500 5399 1673 5476 speraret,
1700 5397 1740 5454 ut
1758 5407 1793 5452 se
1813 5387 1983 5457 reiecisset
1998 5402 2110 5459 totum
2127 5390 2166 5459 in
2181 5383 2285 5458 Chri.

257 5498 411 5570 ¹²¹²¹⁰¹¹⁸
430 5492 544 5563 'icem
560 5500 719 5558 mitram
735 5484 870 5572 “baiis
896 5507 971 5556 ¹¹⁰ss
986 5480 1161 5570 D⁰fflissos
1187 5485 1249 5556 sed
1297 5500 1403 5574 stum,
1422 5486 1566 5557 interim
1580 5486 1685 5556 etiarn
1700 5486 1883 5559 verissimo
1896 5492 2177 5586 suavissimoque
2188 5515 2284 5586 prae·
