4664 6022
139 292 215 375 sss
291 261 294 265 ’
779 245 1008 366 'ouon
1049 285 1484 373 nuaunrosro.
1815 264 1818 269 ’
1937 346 1946 355 .
2115 298 2195 378 sn

245 465 385 543 Rursus
403 478 454 537 cst
470 444 509 535 in
526 464 626 536 luctu
642 456 873 550 Ambrosius,
897 464 1053 539 extincto
1067 462 1149 565 lmg
1193 488 1275 534 rum
1297 464 1450 557 impetus
1471 479 1618 559 propter
1642 460 1739 538 bunc
1761 467 1891 545 virum.
1941 466 1990 544 Et
2004 472 2095 546 vidit
2109 474 2195 545 ‘labi

144 588 326 670 peratore,
365 571 463 641 videt
485 591 608 639 rursus
637 568 843 658 impendere
869 569 983 639 maius
1008 569 1140 638 bellum
1194 566 1376 638 civitatum
1399 568 1645 660 disciplinam,
1678 572 1860 662 corrumpi
1884 598 2021 660 mores,
2047 578 2196 648 fractam

146 677 261 750 civile.
314 673 453 745 Rursus
485 670 619 754 exulat,
652 683 688 738 et
716 670 755 736 in
784 666 967 738 Etruriam
991 670 1141 740 secedit:
1195 692 1269 737 esse
1295 670 1448 739 militum
1472 671 1660 756 virtutem,
1693 675 1847 767 denique
1867 675 2081 768 ‘impendere
2106 680 2197 750 fata·

146 804 213 851 nec
235 793 352 848 tamen
377 773 553 863 frangitur
576 769 717 851 animo,
744 773 802 840 sed
821 766 1067 843 Theodosium
1084 796 1144 842 ac·
1196 773 1265 841 lem
1282 771 1532 857 mutationem,
1557 786 1597 843 ut
1617 797 1712 844 nunc
1728 777 1891 846 divinare
1905 802 2116 870 possumus,
2137 806 2197 852 es·

151 883 272 965 tersit,
298 893 334 949 et
353 873 623 947 commonefacit
644 872 769 958 oflicii,
800 888 840 944 ut
861 877 1014 966 depellat
1039 870 1102 944 has
1125 897 1145 941 a
1196 873 1317 946 tinctis
1330 874 1418 965 piis,
1441 898 1534 967 quae
1548 875 1763 948 calamitates
1775 893 1960 951 secuturae
1976 882 2062 957 sint.

150 982 294 1077 Repub.
309 980 443 1063 furias,
460 999 551 1071 quae
568 989 603 1046 et
619 975 735 1068 ipsum
751 976 952 1066 opprimere
979 991 1013 1047 et
1028 978 1146 1046 delere
1301 973 1440 1047 Multae
1462 976 1610 1048 fuerunt
1630 989 1749 1049 sutem
1772 979 1813 1049 in
1836 977 2062 1068 Theodosio,
2096 1000 2140 1057 nt
2158 986 2196 1059 in

150 1081 287 1161 Christi
308 1104 441 1151 nomen
466 1092 650 1151 conentur.
703 1074 850 1147 Interim
874 1094 909 1149 et
926 1080 1040 1150 Deum
1056 1102 1148 1171 -pre-
1197 1077 1275 1148 viro
1292 1072 1457 1164 heroico,
1483 1101 1631 1168 magnae
1648 1079 1818 1181 virtutes,
1843 1082 1938 1155 inter
1952 1110 2053 1181 quas,
2076 1101 2119 1160 ut
2135 1091 2196 1160 de·

154 1202 267 1272 catur,
284 1196 324 1255 ut
340 1177 584 1252 Theodosium
600 1180 756 1250 adiuvet.
791 1178 886 1250 Vicit
905 1182 1013 1272 igitur
1024 1177 1147 1250 Theo·
1200 1183 1270 1264 bet,
1296 1179 1476 1250 eminebat
1490 1180 1649 1262 bonitas,
1677 1206 1738 1254 seu
1753 1185 1950 1262 clementia.
1986 1187 2059 1260 Sed
2080 1202 2194 1262 tamen

154 1289 275 1362 dosius
306 1283 442 1376 ingenti
471 1284 605 1375 praelio
634 1283 837 1367 seditiosos,
879 1308 1031 1377 quorum
1060 1284 1149 1352 alter
1200 1283 1379 1353 interdum
1397 1276 1489 1352 hanc
1502 1284 1689 1356 antevertit
1707 1287 1776 1356 ira:
1805 1300 1839 1358 et
1855 1301 2003 1359 naturae
2022 1315 2221 1383 pugnaces-

154 1392 374 1480 Arbogastus
408 1386 578 1456 inclinata
604 1385 696 1464 acie,
731 1386 768 1452 in
795 1386 876 1473 fuga
903 1387 972 1456 sibi
1000 1400 1149 1454 mortem
1199 1397 1285 1455 sunt
1301 1384 1481 1454 interdum
1497 1385 1662 1459 acriores.
1695 1384 1784 1461 Erat
1799 1388 1908 1479 igitur
1927 1383 2119 1489 ὀξύχολος,
2138 1419 2192 1468 seu
2233 1454 2235 1465 .

156 1491 340 1577 conscivit,
364 1490 463 1559 velut
477 1487 582 1572 Saul,
608 1488 697 1556 alter
714 1483 897 1577 Eugenius
916 1501 1048 1581 captus,
1075 1487 1149 1555 ius·
1200 1500 1241 1557 ut
1257 1482 1429 1556 Horatius
1444 1486 1582 1580 inquit,
1609 1485 1716 1560 Irasci
1732 1489 1865 1562 facilis:
1890 1492 1941 1572 sic
1957 1507 1998 1565 ut
2014 1495 2191 1586 placabilis
2233 1544 2235 1553 =

157 1620 217 1670 ,ης
233 1609 284 1666 031
302 1591 454 1662 interfici
471 1604 504 1660 et
520 1589 657 1680 legibus
671 1613 803 1681 poenas
819 1592 914 1661 dare.
1203 1602 1302 1661 esset.
1353 1585 1403 1658 Et
1425 1588 1613 1682 aliquoties
1638 1584 1694 1662 bis
1726 1591 1902 1664 incendiis
1929 1597 2060 1669 subitis
2091 1598 2189 1670 animi

260 1697 348 1768 Post
363 1690 454 1763 hanc
468 1692 651 1762 victoriam
671 1692 768 1763 ltalia
783 1691 974 1786 tranquilla
990 1690 1067 1775 fuit,
1087 1690 1152 1759 do-
1203 1689 1374 1783 peccavit.
1424 1686 1517 1761 Cum
1534 1691 1573 1763 in
1590 1694 1678 1764 urbe
1696 1690 1949 1767 Thessalonica
1964 1701 2188 1794 quodamm-

160 1826 225 1874 nec
241 1793 465 1870 Theodosius
485 1794 591 1879 vixit,
614 1793 676 1888 qni
701 1794 845 1888 quidem
868 1807 985 1885 postea
1008 1794 1045 1861 in
1069 1816 1152 1885 pace
1204 1795 1279 1864 bito
1314 1815 1508 1885 paucomm
1540 1796 1715 1882 tumultu,
1751 1797 1926 1870 interfecti
1952 1817 2073 1875 essent
2099 1805 2187 1898 pauci

160 1903 273 1978 multa
290 1899 426 1970 utiliter
441 1897 641 1981 constituit,
662 1911 700 1967 ut
717 1919 772 1965 res
788 1892 1008 1967 Christianas
1023 1895 1153 1965 confir·
1204 1895 1354 1980 milites,
1388 1894 1583 1985 Imperator
1615 1897 1743 1982 iratus,
1769 1902 1935 1972 mandata
1963 1904 2084 1992 dedit,
2117 1930 2187 1999 pro·

163 2016 294 2088 maret,
319 2024 395 2070 non
416 2000 530 2070 solum
554 1999 671 2068 claudi
696 2000 825 2087 templa
851 1999 970 2083 iussit,
1004 2013 1045 2068 ut
1066 1998 1152 2090 olim
1206 1998 1337 2067 miscue
1360 1997 1627 2068 multitudinem
1650 2000 1870 2072 trucidandi:
1895 2016 1931 2075 et
1952 2006 2185 2079 dicunturin·

162 2104 430 2189 Constantinus,
452 2102 514 2172 sed
528 2124 671 2192 prorsus
686 2101 862 2175 demoliri.
896 2100 1044 2170 Viderat
1058 2090 1157 2170 enini
1204 2101 1347 2172 terfecta
1374 2111 1506 2192 septem
1534 2101 1648 2173 millia
1669 2096 1869 2201 hominnm.
1921 2105 2032 2179 Fama
2056 2110 2185 2182 atrocis·

163 2211 231 2283 sub
247 2206 398 2285 Iuliano,
421 2204 504 2299 qnia
521 2204 649 2295 templa
664 2217 881 2288 manserant,
906 2203 1066 2273 restituta
1082 2225 1155 2271 esse
1206 2201 1287 2272 simi
1301 2201 1384 2271 facti
1400 2224 1474 2270 non
1488 2202 1603 2271 solum
1622 2200 1830 2291 Ambrosio,
1853 2209 1913 2278 sed
1930 2212 2038 2281 etiam
2057 2212 2184 2284 caeteris

164 2309 305 2387 ethnice
342 2306 521 2381 sacrificia.
580 2305 702 2400 Quare
736 2307 809 2399 ipse
849 2305 1011 2376 funditus
1045 2304 1156 2374 deleri
1207 2301 1392 2395 Episcopis
1411 2325 1580 2394 magnum
1606 2306 1767 2395 dolorem
1790 2310 1927 2396 attulit,
1964 2314 2030 2407 qui
2056 2314 2184 2410 Synodo

162 2413 293 2508 templ,
311 2410 458 2481 curavit,
1207 2418 1396 2476 convocata
1414 2399 1603 2477 hortantur
1618 2406 1860 2497 Ambrosium,
1884 2436 1930 2483 ne
1946 2411 2182 2509 Imperatorem

264 2513 373 2587 Hunc
395 2511 510 2604 coepit
532 2510 625 2583 vitae
648 2523 683 2580 et
706 2511 869 2581 laborum
896 2508 1049 2579 fructum
1068 2504 1156 2578 Am·
1206 2509 1283 2578 sinc
1300 2508 1517 2599 poenitentia
1535 2510 1581 2579 ad
1597 2513 1883 2584 communionem
1901 2517 2083 2591 admittat.
2123 2517 2183 2591 Pri·

164 2617 325 2702 brosius‚
350 2616 447 2710 quod
469 2613 559 2684 vidit
579 2614 720 2684 tandem
744 2614 930 2682 florentem
955 2612 1066 2703 gloria
1091 2613 1155 2678 bo·
1207 2635 1305 2681 mum
1330 2610 1438 2698 igitur
1452 2607 1663 2685 Ambrosius
1681 2615 1854 2705 privatam
1872 2615 2079 2710 Epistulam
2097 2621 2184 2693 mittit

166 2746 272 2807 num,
303 2720 403 2813 pium
430 2731 463 2788 et
485 2717 676 2807 sapientem
695 2713 916 2806 Principem,
953 2717 1049 2809 quod
1068 2714 1158 2785 vidit
1207 2715 1250 2783 ad
1267 2710 1519 2804 imperatorem
1531 2730 1734 2786 reverenter
1749 2718 1933 2810 scriptam,
1957 2721 1997 2792 in
2014 2749 2089 2817 qua
2102 2723 2184 2795 dolo·

166 2826 289 2898 orbem
305 2836 479 2893 terrarum
495 2832 668 2910 pacatum,
690 2838 872 2909 oppressas
885 2811 1055 2900 haereses,
1071 2839 1157 2884 con·
1207 2839 1281 2885 rem
1297 2837 1401 2885 suum
1417 2816 1578 2909 exponit,
1602 2838 1753 2912 cumque
1775 2823 1819 2890 ad
1836 2822 2096 2915 poenitentiam
2117 2821 2185 2896 bor·

167 2925 302 2998 firmari
323 2919 559 2996 Christianos.
608 2918 716 2990 Nulla
741 2934 860 2989 tamen
884 2934 933 2991 est
956 2934 1028 2990 tam
1050 2918 1157 2988 foelix
1207 2930 1313 2989 tatur.
1363 2914 1434 2987 Sed
1448 2931 1612 2990 extenuat
1624 2944 1700 2990 rem
1715 2922 1874 2994 fortassis
1888 2924 2003 2997 aulica
2020 2919 2185 3014 turba,et

169 3029 270 3113 aula,
300 3026 340 3095 in
364 3049 433 3118 qua
456 3047 530 3093 non
559 3022 719 3093 accidant
747 3021 903 3111 insignes
931 3019 1156 3094 offensiones.
1208 3017 1404 3110 Imperator
1430 3044 1503 3090 non
1534 3022 1678 3112 praebet
1706 3025 1943 3115 poenitentiae
1972 3028 2180 3120 significato·

168 3130 326 3203 Multum
338 3127 493 3198 rixarum
507 3124 773 3197 fuitAmbrosio
787 3124 891 3196 etiam
906 3149 987 3195 cum
1002 3119 1156 3215 hocipso
1207 3146 1301 3196 nem.
1351 3117 1443 3192 Cum
1465 3121 1576 3213 igitur
1596 3124 1758 3196 rediisset
1779 3125 2050 3219 Mediolanum,
2086 3146 2181 3206 erno

165 3232 355 3323 Principe,
380 3227 541 3323 quamvis
558 3229 655 3298 bono
682 3241 714 3298 et
730 3227 896 3319 sapiente.
935 3225 1005 3298 Sed
1023 3227 1097 3316 ipse
1112 3227 1155 3296 ad
1209 3249 1306 3293 more
1321 3224 1359 3292 in
1375 3226 1545 3318 templum
1564 3241 1734 3298 venturus
1750 3243 1849 3311 esset,
1874 3229 2055 3321 significat
2070 3249 2106 3307 et
2114 3231 2185 3307 du-

84 3405 88 3414 ,
168 3359 250 3407 eum
269 3330 408 3403 scribit:
441 3326 542 3403 Nihil
557 3353 630 3401 esse
645 3332 852 3423 popularius
868 3343 902 3400 et
915 3329 1103 3399 amabilius
1119 3329 1156 3397 in
1207 3328 1347 3397 brosius
1361 3349 1407 3395 ne
1421 3327 1560 3413 veniat,
1583 3330 1653 3400 nisi
1672 3353 1775 3400 suum
1788 3332 1949 3402 dolorem
1965 3349 2000 3407 ct
2015 3338 2189 3429 poeniten·

167 3435 352 3527 Principe,
386 3457 492 3527 quam
527 3432 725 3503 libertatem
759 3433 928 3502 dicendae
961 3432 1156 3502 sententiae
1206 3430 1291 3500 tiam
1326 3431 1489 3500 ostendat
1517 3445 1663 3523 propter
1696 3433 1962 3506 multitudinem
2001 3441 2189 3530 promiscue

166 3560 302 3610 amare:
328 3532 421 3607 nihil
441 3537 480 3606 in
502 3536 684 3605 sacerdote
699 3536 858 3628 turpius,
883 3559 988 3628 quam
1005 3559 1078 3603 non
1094 3559 1159 3602 au-
1208 3531 1437 3603 trucidatam:
1473 3546 1508 3604 et
1538 3534 1745 3624 praescribit
1774 3549 1922 3628 tempus.
1979 3536 2065 3612 Etsi
2088 3554 2190 3613 autm

168 3641 255 3711 dere
277 3641 374 3734 quod
392 3637 520 3708 sentiat
540 3637 667 3711 dicere.
719 3635 772 3707 Ac
792 3637 938 3725 longum
958 3651 1046 3707 esset
1068 3636 1157 3705 reci·
1208 3629 1293 3703 baec
1309 3647 1430 3704 nostra
1445 3649 1556 3721 aetas,
1582 3635 1725 3706 inimica
1742 3638 1949 3730 disciplinae
1970 3639 2191 3735 reprehendit

168 3756 263 3824 tare,
289 3743 334 3810 dc
354 3740 484 3833 quibus
498 3738 605 3807 rebus
622 3762 701 3807 cum
720 3735 935 3830 Imperatore
950 3740 1156 3829 expostulet.
1208 3731 1458 3816 Ambrosium,
1485 3752 1524 3807 ut
1544 3737 1670 3808 dicunt
1691 3740 1859 3832 nonnulli
1879 3766 1960 3814 cum
1984 3741 2191 3838 Imperatore

260 3842 382 3913 Mores
398 3841 503 3912 etiam
520 3840 658 3911 Ducum
674 3837 812 3928 Ruffini
826 3853 860 3908 et
874 3837 1072 3911 Stilliconis
1084 3864 1158 3909 non
1208 3838 1315 3906 fuisse
1331 3838 1471 3908 civilius
1491 3841 1684 3928 agendum,
1710 3841 1817 3912 fuisse
1832 3866 1915 3913 mox
1937 3846 2191 3920 admittendum

169 3945 353 4039 probavit,
375 3967 438 4034 per
456 3966 544 4037 quos
561 3941 652 4011 vidit
673 3940 752 4011 acui
771 3940 996 4033 Imperatoris
1013 3942 1152 4010 iracun-
1208 3941 1252 4008 ad
1276 3939 1448 4034 synaxin,
1471 3964 1551 4010 cum
1570 3958 1774 4031 agnosceret
1796 3960 1963 4021 erratum.
2017 3944 2191 4022 Tamensi

169 4049 278 4122 diam.
331 4042 377 4116 Εἰ
397 4043 583 4118 Ruffinum
613 4045 721 4114 fuisse
750 4068 874 4136 parum
905 4044 1014 4114 lidum
1045 4045 1158 4114 exitus
1207 4042 1300 4132 legas
1313 4038 1523 4132 Epistulam,
1546 4043 1583 4115 in
1600 4067 1669 4137 qua
1687 4047 1841 4137 primum
1858 4072 1984 4118 arcana
2001 4050 2191 4124 admonitio

168 4149 334 4221 ostendit.
384 4143 437 4216 De
454 4141 745 4218 Stilliconenihil
762 4147 929 4230 adfirmo,
955 4146 1055 4216 cuius
1071 4145 1158 4214 scri·
1207 4144 1420 4234 praescripta
1434 4155 1498 4230 est,
1517 4144 1654 4216 videbis
1667 4144 1897 4219 Ambrosium
1912 4144 2006 4221 nihil
2022 4153 2193 4232 iracunde,

167 4254 249 4322 barn
265 4263 410 4342 propter
422 4249 500 4318 falsi
517 4249 670 4334 crimen,
695 4247 907 4320 Ambrosius
920 4271 1044 4338 magna
1060 4271 1159 4316 seve·
1207 4260 1268 4316 aut
1288 4247 1522 4317 irreverenter
1544 4248 1663 4338 egisse.
1722 4248 1890 4323 Testatur
1911 4276 1948 4322 se
1971 4268 2007 4326 et
2031 4255 2124 4326 alios
2145 4254 2193 4326 in·

167 4355 271 4425 ritate
292 4351 626 4422 excommunicavit:
659 4374 699 4421 ac
716 4375 762 4420 ne
784 4352 913 4442 putetis
936 4345 1004 4420 hoc
1021 4350 1157 4420 fulmen
1206 4348 1303 4436 genti
1321 4347 1444 4418 dolore
1459 4349 1579 4435 adfici,
1605 4363 1751 4441 propter
1766 4347 1858 4423 hanc
1874 4369 1996 4425 notam
2012 4358 2108 4430 tanti
2122 4356 2193 4428 viri·

167 4458 207 4526 in
225 4479 306 4525 vera
321 4449 478 4524 Ecclesia
502 4452 609 4522 inane
630 4453 954 4522 terriculamentum
979 4475 1069 4532 csse,
1095 4452 1154 4521 sed
1206 4443 1299 4519 Orat
1316 4452 1535 4536 verecunde,
1561 4465 1601 4522 ut
1617 4453 1786 4524 delictum
1805 4470 1991 4546 agnoscat,
2015 4472 2058 4530 ut
2075 4460 2194 4531 eximat

168 4583 207 4629 re
222 4558 298 4649 ipsa
313 4555 489 4626 cruciatus
504 4567 537 4623 et
552 4550 729 4647 Erinnyes
743 4553 842 4647 sequi
860 4554 989 4638 sciatis,
1009 4568 1048 4624 ut
1063 4551 1157 4623 Pan·
1206 4546 1413 4621 hominibus
1429 4552 1656 4643 opinionem,
1683 4556 1744 4649 qni
1764 4556 1834 4624 iam
1852 4582 1926 4628 non
1948 4558 2022 4646 sui,
2049 4563 2112 4633 sed
2129 4584 2194 4632 ms·

168 4662 224 4729 Ius
239 4660 301 4744 ait,
327 4658 539 4728 tradendum
554 4678 626 4723 esse
643 4658 815 4724 incestum
831 4656 997 4738 Satanae,
1025 4671 1064 4724 ut
1077 4679 1156 4724 cor·
1206 4652 1323 4723 lorum
1341 4651 1547 4745 Principum
1564 4655 1715 4725 similem
1732 4659 1808 4727 fore
1823 4660 2057 4739 arbitrentur.

165 4784 231 4853 pus
248 4760 484 4842 excrucietur,
510 4771 543 4828 et
559 4758 704 4848 spiritus
718 4760 835 4827 salvus
850 4758 926 4826 bat:
953 4760 1046 4826 idem
1064 4757 1156 4826 acci·
1306 4753 1404 4824 llaec
1417 4751 1577 4847 Epistola
1594 4782 1673 4830 cum
1691 4755 1784 4829 nihil
1807 4763 2032 4852 profecisset,
2059 4765 2194 4857 812'30·

166 4863 218 4932 dit
235 4857 318 4932 huic
330 4861 485 4944 scribae,
511 4859 628 4928 statim
649 4874 728 4951 post
742 4858 924 4929 Ambrosii
940 4884 1073 4941 vocem,
1099 4859 1156 4929 fu·
1205 4879 1279 4927 rem
1300 4851 1426 4928 habuit
1447 4881 1586 4929 causam
1605 4860 1838 4948 Ambrosius,
1865 4879 1905 4936 ut
1922 4867 2066 4958 publice
2085 4869 2194 4941 deela-

165 4986 244 5034 rere
266 4963 357 5055 cepit
383 4962 573 5051 exagitatus
596 4987 615 5030 a
639 4961 801 5045 diabolo,
838 4963 896 5030 sed
920 4977 996 5053 post
1020 4961 1157 5054 aliquot
1207 4972 1300 5029 raret
1317 4981 1420 5030 suum
1437 4959 1626 5031 iudicium:
1644 4960 1796 5034 Facinus
1811 4989 1886 5035 non
1902 4980 1976 5038 erat
1991 4970 2194 5043 excusabile·

166 5067 242 5137 dies
269 5087 390 5134 rursus
412 5088 493 5135 eum
515 5063 679 5134 liberavit
695 5065 925 5148 Ambrosius,
961 5066 1053 5134 etad
1071 5086 1156 5153 poe·
1205 5059 1326 5150 Quare
1368 5085 1448 5132 cum
1491 5064 1628 5133 nullam
1661 5067 1872 5139 ostendisset
1906 5069 2195 5158 significationen

165 5168 353 5239 nitentiam
386 5165 574 5236 revocavit.
633 5162 901 5257 Qualiscnnque
934 5180 1051 5235 autem
1086 5165 1156 5234 fuit
1205 5163 1455 5255 poenitentiae,
1477 5164 1544 5234 fuit
1561 5161 1628 5236 hac
1643 5170 1816 5238 utendum
1831 5170 2027 5248 severitate.
2057 5172 2195 5248 Utinam

163 5269 323 5349 Stillico,
348 5280 467 5336 tamen
484 5269 529 5337 dc
543 5263 734 5337 Ambrosio
756 5289 838 5335 vere
860 5279 912 5335 est
931 5267 1156 5350 vaticinatus,
1204 5286 1302 5334 nunc
1323 5265 1387 5356 qui
1411 5281 1580 5356 praesunt
1596 5264 1792 5357 Ecclesiis,
1807 5284 1999 5367 utrumque
2017 5272 2195 5350 Ambrosii

164 5397 206 5443 eo
226 5372 306 5441 viro
329 5368 503 5450 extincto,
537 5365 676 5439 Italiam
705 5369 862 5438 futuram
895 5389 969 5437 esse
997 5366 1157 5436 miserri—
1204 5364 1355 5456 exempli
1370 5367 1608 5447 imitarentur.
1640 5369 1803 5443 Primum
1820 5374 2196 5466 diligentiametcsn·

161 5496 273 5544 mam:
297 5469 468 5544 iudicavit
489 5469 618 5562 opinor
631 5467 748 5540 Deum
770 5469 962 5563 reprimere
982 5471 1156 5542 barbaro-
1205 5469 1328 5537 dorem
1346 5468 1384 5536 in
1401 5471 1538 5561 privata
1553 5474 1810 5562 admonitione,
1833 5478 1965 5550 deiude
1977 5483 2194 5557 severitatem
