4664 6022
49 360 144 440 rost
588 340 749 420 DECE
783 336 859 415 DE
893 321 1269 411 NATlVl'l'ATE
1299 321 1565 402 CHRISTI.
2005 325 2105 403 ιω

44 533 114 608 hos
128 546 270 606 tantum
287 552 370 601 vere
388 526 548 600 tribuere
562 520 714 615 gloriam
734 514 832 602 Deo,
857 507 921 610 qui
936 508 1052 582 lilium
1207 498 1282 574 Vos
1310 524 1454 597 quoque
1480 501 1721 573 adolescentes
1746 505 1885 594 quoties
1905 502 2020 577 libro,
2041 528 2104 576 ve.

45 648 255 733 agnoscunt.
1104 621 1196 679 stros
1217 604 1392 699 aspicitis,
1418 605 1568 697 cogitate
1590 605 1746 699 primurn
1767 611 1814 679 de
1835 608 1910 682 lilio
1926 609 2014 696 Dei,
2039 608 2105 703 qui

1104 723 1158 783 εει
1181 702 1290 810 λόγος
1311 722 1347 781 ει
1365 709 1447 779 lons
1470 709 1682 802 sapientiae,
1706 722 1748 780 nt
1761 710 1897 784 aeterni
1913 714 2025 807 patris
2038 736 2105 783 vo-

275 887 284 904 ,
1103 816 1278 886 luntatem
1294 838 1337 883 ex
1351 812 1433 884 sinu
1449 813 1525 885 eius
1538 812 1699 906 protulit.
1753 812 1811 888 ad
1830 808 1937 889 huius
1951 817 2104 909 gloriam

51 916 141 965 ⁰¹¹¹ss
164 913 286 983 deum
309 879 481 957 humil·
532 874 730 967 omium
749 887 783 945 ²¹
797 872 902 943 ‘¹⁰¹⁰‘
919 891 1051 987 ¹¹⁰¹⁰⁰¹i
1104 919 1301 990 ornandam
1335 917 1451 988 studia
1481 917 1627 1013 referte,
1659 930 1693 988 et
1717 934 1832 991 vestra
1856 919 2104 994 moderatione

48 995 147 1091 pacit
179 988 427 1087 prudentibus.
498 981 569 1055 sed
592 976 748 1051 Eccleffl
773 974 930 1048 ”bima
954 996 1051 1043 “¹¹⁰¹
1104 1022 1170 1095 Dei
1203 1044 1369 1107 munera,
1402 1044 1540 1113 pacem,
1574 1023 1869 1116 tranquillitatem
1899 1026 2104 1096 animorum

48 1082 1051 1296 {qcperuppentigmnztltiqfflffllpgsssnicmggssmetpgss
1103 1125 1143 1198 in
1166 1125 1269 1197 vobis
1285 1140 1319 1196 et
1337 1122 1436 1206 aliis,
1462 1140 1496 1197 ει
1510 1125 1739 1196 concordiam
1758 1129 1927 1200 omnihus
1941 1124 2103 1199 honestis

299 1301 308 1315 ,
343 1298 351 1314 ‚
554 1291 562 1308 .
891 1285 899 1301 .
1104 1229 1231 1299 officiis
1261 1229 1363 1313 alite,
1396 1251 1460 1298 nec
1482 1227 1699 1299 contemnite
1720 1231 1833 1301 filium
1854 1229 1941 1317 Dei,
1976 1245 2010 1303 et
2033 1225 2103 1301 hoc

49 1319 148 1377 tuam
165 1299 463 1394 tranquillitatem
479 1289 645 1362 habitura
661 1303 723 1362 est.
770 1285 1051 1404 Nuncsdtenct,
1103 1332 1356 1403 admirandum
1381 1332 1508 1402 foedus
1530 1332 1674 1401 divinae
1699 1328 1926 1406 &humanae
1945 1348 2093 1405 naturae

49 1407 146 1502 quod
169 1419 221 1474 est
247 1400 495 1494 praecipuum,
528 1394 594 1464 scit
618 1416 738 1486 pacem
764 1387 841 1460 Deo
863 1388 1051 1459 nobiscum
2093 1388 2104 1417 ’

50 1532 143 1589 esse,
171 1503 240 1577 hoc
265 1517 335 1588 est,
361 1503 540 1591 ingentem
566 1498 654 1565 iram
679 1492 747 1565 Dei
771 1492 943 1585 placatam
968 1511 1053 1573 esse,
1104 1460 1169 1506 nec
1184 1458 1425 1526 aspernamini
1440 1458 1555 1504 nstnas
1572 1435 1609 1504 in
1624 1434 1787 1522 Psalmo,
1812 1438 1849 1506 in
1865 1438 1997 1532 quibus
2012 1437 2104 1508 dici.

110 1598 113 1603 ,
634 1598 643 1615 ,
839 1596 846 1611 .
1031 1591 1039 1607 .
1104 1554 1179 1610 tur:
1207 1536 1315 1607 Brevi
1338 1538 1440 1607 furor
1458 1539 1533 1609 eius
1555 1541 1773 1622 exardescet,
1798 1565 1864 1611 nec
1880 1539 2103 1632 Angelorum

49 1610 230 1683 ⁸⁰b¹³¹¹¹¹¹¹
263 1629 337 1677 ⁰⁵⁸⁸
366 1605 555 1674 ⁶¹⁸⁸¹d¹¹¹¹¹¹
577 1596 645 1670 Μ
669 1614 703 1670 ⁰⁸
726 1620 867 1689 gemm
891 1590 1052 1675 humam’
1104 1657 1139 1713 et
1167 1641 1354 1711 universae
1375 1636 1555 1711 Ecclesiae
1585 1656 1668 1713 vota
1698 1657 1733 1717 et
1761 1643 1893 1715 iudicia
1915 1645 2008 1716 levia
2030 1666 2104 1715 esse

48 1712 161 1806 mili
185 1712 222 1780 in
244 1709 393 1803 granam
412 1728 553 1789 ⁰¹¹¹¹¹⁰⁵’
580 1702 641 1797 qui
661 1704 704 1773 ad
722 1694 819 1772 hunc
836 1696 948 1768 filium
966 1716 1052 1765 ‘⁰¹¹'
1105 1746 1234 1816 ducite.
1284 1742 1334 1814 Hi
1351 1768 1412 1813 vos
1427 1739 1619 1814 hortantur
1632 1759 1673 1816 ut
1686 1743 1802 1817 Deum
1820 1749 2037 1838 agnoscatis,
2063 1760 2104 1818 ut

49 1815 206 1913 fugium?
1105 1849 1218 1919 lilium
1247 1847 1323 1917 eius
1346 1847 1628 1938 amplectamini,
1662 1862 1702 1919 ut
1724 1850 1831 1921 saluti
1854 1864 1991 1923 vestrae
2016 1874 2105 1922 con-

154 1958 228 2031 Nec
247 1984 368 2054 pacem
388 1972 547 2042 tantum,
573 1958 632 2026 sed
653 1969 687 2025 et
703 1952 876 2025 laeticiam
892 1946 1053 2023 homini·
1105 1951 1239 2025 sulatis.
1291 1948 1389 2019 Ilaec
1410 1951 1512 2021 vobis
1534 1951 1722 2043 praecipue
1744 1954 1950 2025 meditanda
1968 1953 2105 2026 suntin

50 2068 119 2138 bus
133 2064 260 2145 adfert,
288 2056 355 2132 hoc
371 2076 433 2147 est,
460 2075 499 2131 ut
516 2061 590 2131 Deo
608 2060 676 2128 iam
693 2058 924 2140 delectentur,
950 2055 1053 2147 eique
1105 2051 1160 2125 his
1182 2054 1299 2134 seriis,
1326 2077 1417 2147 quae
1441 2053 1623 2125 institutae
1643 2071 1748 2145 sunt,
1775 2058 1933 2147 primum
1951 2056 2106 2129 docendi

49 2167 134 2238 laeti
152 2167 190 2234 in
207 2166 371 2257 gentibus
387 2165 517 2234 animis
533 2165 792 2252 obtemperent.¹
840 2158 937 2229 Haec
951 2157 1052 2228 lacti·
1105 2157 1230 2252 populi
1245 2179 1368 2242 causa,
1394 2157 1524 2227 deinde
1536 2171 1576 2227 ut
1590 2157 1697 2227 simul
1709 2155 1869 2230 Ecclesia
1880 2161 2011 2250 gratias
2025 2174 2106 2250 agat

51 2272 105 2342 cia
118 2292 215 2339 nunc
231 2269 376 2363 quidem
393 2267 514 2359 impiis
532 2261 733 2334 inchoanda
750 2275 821 2347 cst,
847 2263 907 2331 scd
924 2259 962 2329 in
979 2260 1051 2330 vita
1105 2264 1171 2331 deo
1184 2275 1327 2330 aeterno
1343 2259 1434 2350 patri
1451 2260 1589 2331 domini
1604 2262 1719 2333 nostri
1732 2263 1812 2335 Iesu
1828 2256 1981 2350 Christi,
2007 2264 2106 2357 quod

52 2386 194 2445 aeterna
221 2372 288 2441 erit
309 2370 458 2461 integra.
510 2369 594 2438 Non
616 2368 837 2437 delectantur
854 2363 931 2437 Deo
949 2361 1052 2443 Cain,
1104 2365 1217 2433 filium
1252 2363 1465 2454 placatorem
1499 2364 1705 2450 constituit,
1753 2379 1789 2437 et
1819 2379 1917 2437 tanto
1950 2367 2106 2447 loedere,

52 2475 159 2560 Saul,
192 2489 224 2544 et
249 2473 399 2557 similes,
435 2473 497 2565 qui
522 2493 653 2563 poenas
674 2470 852 2549 sentiunt,
882 2468 943 2536 sed
968 2464 1052 2536 laeti
1105 2466 1270 2536 videlicet
1291 2465 1545 2535 coniunctione
1569 2466 1713 2538 divinae
1736 2481 1770 2539 et
1793 2463 1971 2541 humanae
1994 2483 2106 2541 natu-

53 2580 187 2648 adeuut
211 2574 403 2645 certamina
428 2590 462 2644 ει
485 2572 658 2666 supplicia
685 2570 902 2654 Hieremias,
928 2567 1052 2662 Bapti·
1105 2595 1164 2640 rae
1179 2581 1382 2663 pactusest‚
1408 2592 1444 2638 se
1460 2568 1549 2638 velle
1565 2570 1669 2639 nobis
1685 2571 1886 2662 propicium
1901 2595 1992 2659 csse,
2020 2595 2105 2644 nos·

54 2694 126 2763 sta,
152 2675 296 2750 Paulus.
350 2674 398 2745 Hi
423 2678 519 2745 enim
543 2690 673 2747 norant
696 2699 732 2744 sc
755 2696 859 2743 curae
874 2696 947 2742 esse
962 2669 1053 2756 Deo,
1105 2698 1173 2767 que
1196 2672 1234 2740 in
1253 2667 1319 2739 hac
1336 2671 1408 2741 vita
1426 2694 1563 2761 regere,
1590 2686 1625 2744 et
1643 2687 1722 2765 post
1739 2669 1832 2743 hanc
1848 2675 1957 2745 vitam
1973 2698 2105 2747 ornare

53 2794 87 2850 et
108 2792 253 2871 propter
272 2779 386 2848 filium
403 2779 524 2868 diligi,
550 2792 584 2848 et
606 2778 811 2866 intelligunt
827 2799 964 2861 causas,
990 2799 1053 2845 cur
1105 2775 1257 2848 aeternis
1280 2774 1394 2847 bonis.
1447 2769 1625 2844 Accedere
1648 2788 1684 2846 et
1708 2776 1973 2848 invocationem
1997 2803 2106 2871 opor-

52 2879 211 2952 Ecclesia
240 2882 336 2950 cruci
366 2882 522 2950 subiecta
554 2881 609 2952 sit.
670 2878 791 2966 Quare
823 2903 946 2966 parere
977 2902 1052 2946 non
1105 2891 1171 2963 tet,
1204 2901 1309 2970 quam
1329 2873 1425 2947 Deus
1457 2877 1610 2970 requirit
1636 2891 1676 2949 ut
1702 2878 1934 2972 praecipuum
1957 2884 2107 2957 cultum.

55 3000 237 3066 recusant,
264 2996 298 3053 et
322 2996 456 3052 norunt
480 2982 659 3073 quomodo
681 2979 885 3048 obedientia
906 2978 1052 3069 placcat.
1105 2978 1178 3050 Nec
1200 3002 1285 3047 vero
1310 2978 1461 3066 intelligi
1483 2974 1721 3069 Evangelium
1745 2995 1880 3073 potest,
1916 2980 1994 3055 sine
2016 2985 2107 3056 assi·

54 3080 192 3153 Verum
209 3078 297 3154 haec
314 3085 408 3153 bona
425 3083 564 3162 omnia,
589 3082 702 3172 gloria
719 3077 786 3150 Dei
803 3081 973 3171 patefacta
991 3104 1055 3172 per
1104 3080 1185 3150 duis
1210 3080 1384 3150 exercitiis
1407 3079 1656 3156 invocationis.
1722 3078 1766 3152 ln
1791 3076 1860 3153 hoc
1884 3108 1969 3153 vero
1993 3087 2108 3156 collo·

53 3185 188 3269 filium,
213 3210 280 3277 pax
303 3201 337 3258 et
360 3186 498 3256 laeticia
520 3184 632 3273 magis
649 3182 913 3274 conspicientur
926 3182 965 3250 in
980 3183 1053 3254 vita
1105 3183 1190 3278 quio
1205 3207 1286 3253 cum
1300 3182 1376 3253 Deo
1390 3182 1545 3252 luctatur
1559 3184 1644 3253 fides
1659 3207 1739 3255 cum
1755 3184 2001 3272 dubitatione,
2024 3210 2107 3259 cum

52 3302 213 3372 aeterna,
237 3291 296 3357 sed
314 3304 431 3360 tamen
448 3284 507 3357 hic
522 3280 683 3358 inchoari
698 3307 837 3355 necesse
852 3299 915 3360 cst.
968 3282 1052 3356 ldco
1105 3300 1245 3357 accusat
1281 3308 1346 3354 nos
1377 3279 1564 3355 horribilis
1595 3286 1847 3358 immundicias
1879 3302 2023 3370 nostra,
2072 3305 2108 3362 et

53 3390 159 3460 nobis
190 3389 322 3481 Angcli
352 3388 450 3463 hunc
477 3387 651 3485 hymnum
685 3388 915 3481 praecinunt,
949 3412 1053 3460 mon·
1106 3412 1205 3459 nens
1219 3388 1355 3480 polluta
1370 3387 1610 3477 fingitDeum.
1662 3384 1834 3462 Econtra
1848 3416 1935 3463 vero
1949 3414 1986 3463 se
1999 3392 2107 3465 offert

52 3506 221 3565 strantem
243 3490 380 3565 Christi
411 3493 580 3564 beneficia
605 3506 638 3563 et
657 3487 844 3582 Evangelii
866 3515 1052 3561 summam.
1105 3491 1199 3562 filius
1216 3488 1282 3561 Dei
1305 3491 1414 3560 frater
1433 3504 1575 3581 noster,
1600 3515 1666 3564 nos
1682 3507 1805 3585 vocat,
1832 3494 1979 3582 invitat,
2005 3495 2107 3568 iubet

55 3593 105 3668 Ut
132 3608 251 3665 autern
282 3594 414 3688 dngcli
443 3596 675 3689 praecinunt,
711 3594 759 3665 ita
793 3616 859 3665 nos
890 3596 1053 3664 doctores
1105 3609 1144 3665 ut
1165 3596 1349 3664 credamus
1367 3594 1543 3684 placatum
1560 3618 1634 3665 csse
1652 3608 1805 3688 patrem,
1828 3599 2106 3692 nosquerecipi.

53 3691 179 3767 omncs
201 3722 327 3770 sonare
351 3724 431 3770 eum
458 3701 495 3768 in
517 3695 675 3768 Ecclesia
699 3699 887 3781 debemus,
910 3714 944 3770 ct
967 3692 1052 3767 hacc
1104 3694 1268 3767 Affirmat
1283 3698 1432 3788 gratiam
1449 3697 1639 3768 exuberare
1655 3722 1760 3790 supra
1775 3713 1970 3790 peccatum,
1994 3704 2105 3773 modo

53 3802 122 3870 tria
150 3802 327 3872 inculcare
353 3803 502 3887 animis,
527 3801 708 3894 quomodo
732 3799 808 3871 Deo
834 3824 915 3870 vcra
939 3801 1052 3891 gloria
1105 3801 1309 3870 desinamus
1341 3824 1443 3869 ruere
1473 3814 1596 3871 contra
1625 3802 1892 3876 conscientiam.
1958 3800 2000 3873 ln
2035 3799 2105 3875 hoc

53 3903 244 3974 tribuenda
260 3905 306 3976 sit
322 3905 548 3976 invocatione
566 3916 600 3975 et
615 3903 743 3973 fiducia
763 3903 847 3987 filii,
872 3927 952 3973 cum
971 3903 1052 3997 qui·
1104 3904 1298 3973 certamine
1313 3902 1431 3973 vincat
1447 3902 1627 3977 liliusllci.
1674 3902 1901 3976 Nectantum
1916 3906 2105 3999 nosipsos,

53 4006 122 4077 bus
144 4006 184 4075 in
207 4020 302 4077 terra
324 4034 392 4101 pax
413 4010 503 4079 facta
526 4006 591 4095 sit,
618 4007 800 4101 quomodo
817 4007 953 4098 placeat
967 4008 1048 4076 obe·
1104 4007 1163 4076 sed
1179 4000 1374 4076 Ecclesiam
1391 4020 1426 4076 et
1439 4001 1502 4075 has
1516 4019 1655 4078 nostras
1670 4005 1814 4098 politias
1827 4003 1904 4078 Deo
1919 4032 2104 4079 commen-

50 4107 190 4178 dientia
200 4107 288 4181 Deo.
340 4107 418 4182 Hae
432 4123 515 4181 sum
531 4132 587 4178 res
601 4132 749 4200 magnae
763 4122 797 4179 ct
811 4123 985 4193 aeternae,
1007 4110 1050 4178 ad
1104 4110 1239 4179 demus.
1289 4103 1426 4178 Erratis
1460 4108 1554 4177 enim
1587 4109 1617 4178 si
1645 4108 1848 4202 principum
1872 4110 2045 4204 sapientia
2070 4125 2105 4183 et

52 4230 208 4302 quarum
223 4213 542 4285 considerationem
559 4213 745 4304 praecipue
758 4206 915 4282 humana
928 4225 1052 4283 natura
1104 4211 1237 4283 virtute
1258 4210 1335 4280 sine
1351 4211 1490 4281 ardenti
1507 4211 1712 4302 precatione
1727 4211 1794 4285 Dei
1811 4237 1961 4284 munera
1976 4209 2105 4284 Eccle-

53 4310 199 4382 condita
222 4332 284 4384 est.
336 4314 482 4387 Utinam
501 4318 664 4385 doctores
678 4310 774 4385 hunc
790 4308 964 4409 hymnum
980 4339 1051 4385 una
1103 4313 1235 4385 siarum
1258 4327 1292 4384 ct
1314 4313 1520 4406 politiorum
1543 4315 1690 4386 salutem
1714 4315 1862 4386 retineri
1885 4337 1986 4408 posse
2004 4316 2104 4386 arbi·

54 4438 141 4484 voce
165 4428 199 4485 ct
219 4417 345 4489 eodem
367 4420 487 4489 animo
509 4431 693 4502 canerent,
718 4418 809 4488 sicut
825 4432 958 4489 canunt
972 4414 1052 4487 An·
1103 4416 1261 4490 tramini.
1312 4415 1409 4487 Deus
1425 4429 1529 4488 autor
1545 4429 1579 4487 et
1596 4432 1714 4489 custos
1730 4417 1821 4488 tanti
1839 4418 1924 4489 boni
1942 4420 2102 4488 orandus

51 4517 145 4609 geli,
171 4531 205 4588 et
227 4521 360 4590 mutuis
383 4523 511 4594 studiis
527 4516 703 4590 Ecclesias
725 4521 888 4590 foverent
909 4544 949 4590 ac
965 4545 1051 4591 con·
1103 4533 1172 4605 est,
1194 4531 1233 4590 ut
1249 4542 1312 4590 sua
1326 4543 1475 4591 munera
1489 4532 1649 4606 tucatur,
1674 4532 1708 4590 et
1723 4533 1866 4609 rogatus
1880 4513 1979 4590 baud
1993 4520 2103 4593 dubie

51 4622 262 4710 iungerent,
294 4647 359 4695 nec
388 4625 537 4717 privatis
564 4623 819 4715 cupiditatibus
843 4646 901 4692 eas
923 4622 1052 4695 distra-
1103 4621 1274 4697 tuebitur.
1326 4619 1444 4692 Verax
1462 4636 1514 4692 est
1532 4622 1629 4691 enim
1644 4635 1678 4692 ει
1693 4621 1867 4714 promissa
1883 4622 2017 4714 optima
2033 4625 2103 4695 lide

51 4719 191 4795 herent.
242 4724 355 4798 Multi
375 4752 449 4799 non
474 4741 515 4799 ut
537 4725 687 4816 gloriam
708 4726 766 4795 dci
784 4726 926 4811 iuvent,
960 4724 1053 4799 Res-
1102 4738 1267 4821 praestat.
1332 4720 1424 4795 Cum
1455 4726 1564 4816 igitur
1590 4724 1760 4816 scriptum
1792 4725 1853 4794 sit:
1887 4722 2104 4820 Ubicunque

50 4828 139 4921 pub.
168 4843 331 4909 movent,
364 4833 427 4900 sed
457 4845 497 4902 ut
528 4828 678 4921 privatis
710 4828 896 4901 affectibus
929 4829 1051 4901 indul·
1102 4832 1175 4901 duo
1198 4841 1259 4899 aut
1284 4841 1355 4898 tres
1378 4827 1578 4919 congregati
1599 4840 1703 4897 erunt
1719 4827 1758 4897 in
1773 4826 2037 4912 nominemeo,
2064 4829 2103 4899 in

52 4942 170 5021 geant.
229 4928 341 5002 Multi
372 4958 493 5025 pacem
522 4932 725 5001 animorum
758 4946 794 5003 et
824 4932 1052 5003 concordiam
1103 4930 1220 5002 medio
1244 4954 1369 5001 corum
1391 4954 1488 5000 sum:
1516 4929 1692 5025 quidquid
1710 4943 1830 5021 petent
1847 4930 2103 5021 impetrabunt,

53 5032 251 5104 ambitione
273 5036 431 5110 turbant.
482 5034 684 5107 Multorum
708 5034 872 5106 scandala
890 5035 1051 5105 dolorem
1104 5059 1255 5129 cumque
1285 5057 1350 5104 nos
1377 5034 1518 5125 piorum
1543 5034 1742 5104 studiorum
1765 5056 1868 5104 causa
1892 5036 2102 5106 conveneri-

54 5134 126 5226 piis
145 5138 314 5208 adserunt
336 5152 371 5211 et
385 5141 569 5211 adducunt
584 5137 778 5207 imbecilles
794 5140 840 5209 ad
856 5138 1053 5211 dubitatio-
1103 5162 1202 5222 mus,
1233 5151 1269 5208 et
1289 5135 1483 5206 maximum
1502 5132 1571 5207 Dei
1593 5159 1684 5230 opus
1706 5136 1946 5220 celebremus,
1978 5160 2101 5207 omnes

54 5258 150 5310 nem.
184 5235 283 5311 Haec
293 5243 386 5313 mala
402 5267 485 5313 cum
498 5236 634 5338 hymno
643 5236 866 5330 Angelorum
881 5244 1053 5334 pugnant,
1104 5255 1188 5314 vota
1202 5241 1427 5341 faciamusac
1442 5239 1490 5310 ita
1507 5262 1702 5331 precemur,

52 5354 88 5411 ει
110 5364 246 5434 poenas
267 5345 428 5437 publicas
450 5357 643 5417 accersunt.
697 5341 819 5432 Quare
841 5346 952 5416 simus
968 5345 1053 5415 dili-

50 5444 233 5537 gentiores
262 5445 303 5516 in
334 5449 517 5535 doctrina,
548 5448 744 5519 intuenda
770 5449 980 5533 concordia,
1013 5448 1052 5518 in
1207 5444 1261 5517 Te
1283 5447 1364 5516 vive
1386 5458 1419 5517 et
1442 5445 1669 5537 omnipotens
1690 5444 1809 5531 Deus,
1838 5458 1979 5516 aeterne
2001 5458 2102 5536 pater

50 5549 220 5639 regendis
234 5550 408 5625 moribus.
1103 5545 1251 5621 Domird
1289 5548 1402 5622 nostri
1435 5543 1515 5620 lesu
1541 5542 1696 5635 Christi,
1737 5548 1800 5644 qui
1834 5559 1869 5618 te
1903 5546 2101 5641 patefecisti

104 5653 285 5723 marnae
302 5658 410 5729 ores.
423 5654 586 5727 vaext
1404 5742 1408 5749 Ι
1603 5648 1655 5725 66

151 784 304 859 Addunt
321 776 451 871 Angeli
470 790 505 848 et
522 798 644 871 pacem
663 772 802 843 adferre
818 763 1052 840 huncDomi-
