4664 6022
145 308 243 385 ross
674 297 838 379 oser.
869 298 946 377 nn
975 295 1355 380 uarrvrrxrn
1385 302 1650 387 cnursrr.
1810 346 1817 360 ·
2091 302 2190 398 toto

249 478 384 556 Contra
418 498 507 552 vero
540 478 759 548 execrandus
787 490 841 548 est
868 477 971 548 lutor
995 498 1146 569 magnae
1196 476 1362 569 plexum,
1383 479 1429 551 de
1444 504 1517 575 quo
1534 474 1772 585 biclPaalmus
1787 485 1969 578 praecipit.
2022 486 2114 561 Sine
2128 486 2192 566 bac

145 582 389 659 multitudinis'
414 584 454 653 in
478 605 605 674 genere
621 577 799 666 humano,
825 605 916 676 quae
932 605 1008 650 non
1023 582 1146 652 osculo
1197 581 1360 651 doctrina
1389 583 1434 653 de
1455 583 1541 669 lide,
1572 608 1677 655 nemo
1699 585 1874 677 intelliget
1893 587 2026 681 Angeli
2048 617 2190 685 praeeo.

146 685 491 782 excipit'sschristum,
518 688 578 755 sed
601 685 659 754 vel
681 686 832 777 superbe
849 684 1064 769 contemnit,
1088 683 1148 754 vel
1197 684 1312 754 nium.
1363 679 1456 756 Ecce
1487 688 1669 757 annuncio
1696 689 1800 758 vobis
1818 692 1986 781 gaudium
2010 718 2191 785 magnum.

147 793 342 865 crudeliter
354 790 444 876 odit,
467 802 507 860 ut
516 786 690 873 Herodes,
715 788 835 859 statim
848 787 912 857 ubi
928 787 1070 857 rescivit
1081 810 1146 856 na·
1197 785 1305 874 Quod
1330 788 1397 858 erit
1417 790 1587 878 gaudium
1610 790 1808 875 dubitanti,
1841 794 1990 884 fugienti
2018 811 2054 869 et
2078 802 2191 890 repel-

128 870 227 969 ¹tum
250 917 344 979 esse,
365 892 523 987 inquirit
543 906 578 962 et
599 891 795 963 interficere
816 904 988 980 conatur,
1013 903 1048 959 et
1066 889 1147 982 qui·
1197 889 1286 960 lcnti
1303 892 1526 982 complexum
1544 896 1825 987 atqueosculum
1842 897 2070 970 liberatoris?
2104 899 2192 977 Vult

147 1002 229 1071 dem
256 1000 295 1068 in
317 997 429 1089 ipsius
449 995 614 1090 aequales
631 994 876 1064 crudelitatem
893 991 1146 1063 atrocissimam
1196 1006 1271 1062 ate
1294 994 1366 1084 pati
1389 990 1474 1066 haec
1497 1018 1646 1065 munera
1669 991 1851 1084 Christus,
1877 999 1983 1072 offert
2007 1005 2190 1077 exanimo

148 1116 295 1175 exercet.
350 1098 402 1171 lta
423 1122 520 1168 ntrrrc
540 1097 644 1168 multi
667 1089 810 1192 tyranni
831 1109 905 1166 toto
928 1097 1015 1164 orbe
1034 1109 1147 1164 terra·
1196 1095 1273 1163 sine
1296 1096 1370 1165 ulla
1392 1096 1631 1171 simulatione.
1685 1097 1853 1172 Accedito
1872 1101 2000 1190 igitur,
2026 1106 2191 1178 etlaetue

147 1232 228 1280 rtrrn
245 1206 283 1273 in
301 1204 460 1273 menebra
476 1197 611 1271 Christi
629 1201 801 1271 saeviunt.
857 1197 962 1267 Multi
978 1192 1146 1288 Epicurei
1197 1197 1314 1289 accipe
1335 1197 1493 1288 ingentia
1517 1201 1707 1286 beneficia,
1734 1218 1768 1275 et
1788 1203 1826 1273 in
1851 1203 1927 1274 cius
1944 1231 2032 1277 voce
2050 1210 2190 1301 acquie-

148 1310 314 1383 deridcnt
342 1307 382 1375 in
409 1305 617 1375 universum
649 1326 792 1373 omnem
821 1299 889 1372 Dei
917 1299 1147 1372 mentionem.
1197 1301 1304 1386 scito,
1336 1313 1369 1371 ct
1399 1316 1512 1374 statue
1539 1304 1748 1373 adfuturum
1775 1306 1841 1376 tibi
1862 1300 1960 1378 hunc
1980 1305 2188 1394 Dominum,

149 1412 219 1487 Sed
242 1409 412 1479 omnibus
434 1402 491 1477 his
514 1405 551 1475 in
580 1401 648 1474 hoc
670 1402 812 1473 Psalmo
834 1427 902 1471 vox
923 1399 990 1472 Dei
1014 1423 1147 1493 poenas
1196 1402 1363 1496 quicum
1384 1405 1611 1498 assumpserit
1633 1401 1825 1478 humanam
1847 1422 2034 1497 naturam,
2067 1426 2104 1484 et
2125 1416 2187 1487 tale

148 1510 331 1609 proponit.
376 1509 495 1593 Brevi,
515 1506 644 1599 inquit,
668 1506 718 1575 ira
735 1502 803 1575 Dei
819 1506 1029 1588 exardescet,
1055 1525 1146 1596 quae
1196 1503 1382 1575 nobiscum
1412 1509 1537 1579 foedus
1565 1507 1706 1596 fecerit,
1739 1505 1836 1581 haud
1867 1513 1977 1584 dubie
2002 1538 2073 1585 nos
2095 1533 2185 1591 curat

147 1617 312 1691 lurrditut
334 1612 467 1682 delebit
488 1632 612 1679 ornnes
628 1607 764 1698 impios.
818 1605 892 1677 Nec
906 1607 986 1675 ideo
1002 1605 1144 1676 fabulae
1196 1622 1230 1678 et
1248 1607 1377 1698 diligit.

148 1736 233 1795 snm
257 1719 374 1788 rutinae
397 1728 623 1785 aeternorum
643 1709 887 1793 cruciatuum,
913 1710 997 1802 quia
1014 1709 1144 1803 Cyclo-

149 1848 211 1919 pes
232 1836 269 1892 et
285 1816 454 1911 Epicurei
474 1814 528 1883 illi
545 1812 708 1882 deridere
719 1834 780 1881 eas
794 1812 939 1881 audent.
990 1810 1060 1882 Sed
1078 1811 1144 1880 ali-

148 1940 284 2025 quanto
307 1933 386 2015 post
407 1916 634 2009 experientur
653 1913 722 2005 ipsi
736 1909 800 1983 has
816 1913 932 1983 minas
947 1937 1021 1983 non
1036 1913 1144 1983 fuisse

148 2028 284 2099 litante.
339 2018 477 2091 Multos
500 2016 605 2087 etiarn
629 2016 668 2084 in
691 2011 758 2085 hac
778 2017 850 2085 vita
872 2017 1022 2107 exempli
1042 2038 1145 2085 causa

147 2128 241 2223 rapit
266 2122 362 2197 Deus
383 2124 427 2191 ad
451 2118 686 2211 supplicium,
718 2134 759 2190 ut
777 2116 997 2210 Caligulam,
1029 2117 1145 2191 Nero.

147 2254 250 2315 num,
275 2241 310 2297 et
327 2220 720 2296 aliorlnnumcrabiles,

1296 1741 1393 1814 Haec
1408 1745 1453 1817 de
1467 1746 1589 1818 osculo
1603 1746 1669 1819 tilii
1684 1751 1923 1823 adolescentes
1937 1774 2021 1823 cum
2037 1750 2078 1823 in
2094 1757 2180 1825 omui

1193 1845 1284 1932 vita,
1318 1861 1394 1917 tum
1428 1874 1511 1920 vero
1542 1850 1581 1920 in
1610 1846 1668 1921 his'
1697 1855 1796 1924 feriis
1823 1855 1976 1924 maxime
2002 1857 2184 1945 cogitanda

1194 1963 1297 2031 sunt,
1323 1963 1358 2020 et
1377 1965 1513 2023 mentes
1535 1954 1580 2023 ad
1602 1955 1769 2047 pietatem
1791 1958 1887 2029 etad
1906 1980 2029 2029 veram
2046 1959 2186 2032 invoca-

1194 2053 1329 2124 tionem
1348 2054 1552 2124 excitandae
1568 2071 1661 2128 sunt.

1256 2248 1263 2258 .
1296 2184 1382 2261 Dixi
1396 2189 1551 2260 breviter
1566 2216 1629 2263 cur
1641 2192 1811 2266 filiusDei
1824 2197 1952 2267 missus
1966 2197 2026 2277 sit,
2054 2211 2092 2269 et
2105 2224 2188 2292 quo,-

1195 2293 1301 2362 modo
1324 2291 1371 2363 sit
1389 2292 1635 2385 excipiendus,
1659 2297 1825 2368 videlicet
1848 2324 1922 2368 non
1939 2301 2050 2371 modo
2066 2313 2108 2371 ut
2121 2302 2188 2373 llo-

252 2376 302 2453 Ut
321 2392 439 2451 autem
464 2375 585 2468 impiis
602 2400 735 2468 poenae
749 2377 951 2471 propositae
967 2392 1068 2466 sunl,
1096 2378 1144 2449 32³
1194 2409 1287 2481 ctor,
1319 2408 1360 2466 ut
1381 2394 1534 2478 Moises,
1566 2411 1627 2470 aut
1647 2399 1710 2468 alii
1732 2396 1948 2493 Prophetae,
1985 2405 2050 2473 sed
2077 2416 2115 2474 ut
2138 2430 2189 2475 re-

149 2513 167 2559 e
188 2497 310 2559 contra
328 2482 396 2574 piis
412 2494 446 2552 el
464 2479 759 2571 amplectentibus
774 2475 980 2564 Christum,
1003 2497 1146 2554 aelerna
1195 2500 1379 2591 demptor,
1409 2498 1584 2590 placator,
1611 2501 1766 2573 donator
1785 2503 2008 2575 remissionis
2033 2523 2188 2599 peccato-

148 2587 284 2663 iustitia
313 2599 349 2654 et
375 2581 449 2653 ·vita
478 2585 654 2674 donatur,
693 2597 734 2655 ut
767 2581 825 2654 hle
854 2584 1001 2655 ἆῖθῖῑῦΐῑ
1043 2582 1145 2657 Βθὸῐῑ
1195 2625 1294 2686 rum,
1341 2600 1499 2671 iusticias
1533 2617 1567 2673 et
1604 2604 1697 2674 vitae
1727 2621 1901 2678 aeternae.
1969 2590 2072 2678 Haec
2102 2611 2188 2681 bons

149 2713 274 2761 onmes
291 2686 355 2781 qui
371 2685 554 2755 confidunt
568 2685 608 2753 in
624 2710 678 2754 eo.
728 2682 826 2756 Haec
841 2689 948 2756 verba
965 2685 1146 2758 declarant
1194 2704 1351 2797 primum
1387 2727 1407 2773 a
1435 2698 1578 2776 Christo
1611 2708 1763 2799 petenda
1794 2722 1829 2780 et
1861 2708 2074 2800 accipienda
2102 2729 2185 2788 sunt.

150 2794 323 2865 oscrrlum.
376 2782 657 2858 VenitChristus
671 2790 712 2857 ad
729 2789 917 2878 indignos,
942 2790 986 2860 ad
998 2813 1145 2882 oppres·
1195 2805 1303 2896 Quod
1333 2818 1373 2876 ut
1401 2805 1479 2886 fiat,
1511 2807 1550 2876 in
1579 2809 1708 2879 animis
1736 2810 1887 2881 existant
1912 2811 2055 2901 agnitio
2080 2816 2182 2908 aliqua

148 2918 205 2967 sos
221 2905 362 2985 peccato
377 2902 411 2959 et
425 2902 559 2972 morte,
584 2891 646 2958 sed
661 2912 727 2958 nos
741 2891 947 2959 dulcissimo
960 2893 1145 2981 complexu
1196 2921 1400 2976 nostrornm
1430 2908 1608 2977 malorum
1639 2924 1675 2980 et
1701 2913 1930 2999 poenitentia,
2008 2912 2104 2985 Nam
2124 2917 2175 3010 qui

149 3021 214 3069 ruo
241 2995 284 3064 ad
308 2991 424 3062 Deum
448 3004 607 3074 revocat,
643 2991 753 3059 donat
776 2991 945 3062 ῖΰθῐῑῑῐὸῐῐὶ
968 3005 1003 3060 θῑ
1025 2992 1146 3065 vitam·
1195 3020 1347 3099 pergunt
1360 3031 1463 3079 ruere
1476 3024 1599 3081 contra
1613 3015 1879 3101 conscientiam,
1905 3010 1944 3085 hi
1958 3032 2183 3090 contemnunt

147 3095 319 3188 Quibus?
368 3090 452 3162 Non
476 3092 738 3181 defugienlibus
753 3093 913 3162 Offilium
930 3115 993 3163 ⁸²¹¹
1007 3093 1145 3186 ample·
1194 3107 1329 3195 Deuru,
1355 3123 1388 3179 et
1405 3104 1473 3180 hoc
1489 3114 1693 3183 mirandum
1710 3117 1835 3186 foedus
1851 3117 2000 3187 divinae
2018 3135 2054 3191 ct
2070 3115 2186 3191 huma-

146 3225 253 3278 xum,
288 3197 349 3267 sed
377 3194 507 3264 fiducia
534 3189 642 3264 huius
666 3193 867 3267 liberatoris
890 3195 1145 3288 accipientibus
1195 3226 1433 3284 nacnnturae.
1480 3213 1551 3285 Sed
1568 3240 1647 3284 vera
1663 3218 1880 3309 poenitentia
1894 3220 2011 3291 animi
2026 3225 2070 3292 ad
2081 3221 2186 3295 Deum

147 3298 235 3373 haec
252 3321 412 3373 munera.
1195 3316 1356 3386 conversi
1374 3317 1596 3410 acquiescent
1614 3318 1650 3387 in
1668 3321 1852 3412 complexu
1861 3317 2012 3408 Christi,
2038 3338 2073 3396 et
2086 3349 2186 3417 agno·

253 3454 368 3526 Audis
390 3451 450 3525 hic
471 3453 509 3523 in
524 3450 666 3523 psapmo
691 3453 890 3526 dominam
914 3452 1145 3549 defidepm·
1194 3432 1292 3521 scent
1321 3442 1441 3488 veram
1471 3444 1544 3490 esse
1569 3445 1702 3492 vocem.
1763 3419 1856 3494 Ecce
1879 3427 2068 3498 annuncio
2095 3430 2186 3499 vobis

149 3559 255 3653 poni,
277 3582 466 3652 quaecum
489 3555 552 3625 diu
572 3556 720 3626 iacuerit
734 3580 899 3648 oppressa
918 3559 1072 3628 tenebris
1087 3583 1145 3629 cr»
1194 3545 1363 3640 m³g¹{⁰¹¹¹
1387 3521 1568 3641 ΒἈΠξῙῙῖῙΨ·
1619 3521 1746 3645 P⁰⁵¹⁰f¹
1767 3525 1873 3644 ‘Qu
1898 3531 2140 3651 Piiessffssllffl
2159 3545 2186 3651 fl

150 3686 301 3745 tonum,
336 3684 434 3732 nun,
456 3655 526 3730 Dei
550 3659 719 3728 beneficio
744 3682 866 3730 mrsu,
889 3660 1035 3753 depulsa
1058 3661 1144 3730 cafi-
1193 3624 1366 3743 auxilium
1379 3618 1514 3742 Christe
1528 3649 1567 3693 ru
1581 3629 1744 3714 regendis
1760 3630 1920 3699 moribus
1936 3645 1973 3701 et
1987 3645 2078 3753 vitae
2095 3658 2188 3753 perp-

150 3767 233 3856 gine
254 3765 348 3833 lucet
370 3757 592 3830 inEcclesiis
613 3762 755 3835 nostris.
805 3758 855 3833 Et
870 3763 970 3833 Deus
987 3765 1143 3833 orandus
1194 3726 1283 3797 ‘⁰¹¹⁵
1310 3751 1546 3844 “Rffiffllfflb
1606 3725 1691 3797 ldeo
1720 3743 1863 3849 regnat,
1895 3745 1936 3803 ut
1957 3736 2055 3854 adsit
2077 3738 2187 3856 n0h¹³s

149 3881 222 3952 est,
248 3889 292 3933 ne
313 3860 405 3933 hanc
429 3863 542 3932 lucem
564 3863 722 3953 extingui
742 3863 846 3937 sinat.
898 3866 1022 3936 Donat
1035 3860 1163 3935 Chri.
1192 3831 1438 3949 ”t,‘¹‘''¹¹d¹‚³²2
1468 3841 1567 3947 {⁰⁹²¹
1588 3844 1624 3950 fi
1640 3846 1746 3950 ‚rffbii
1769 3847 1999 3953 ¹¹¹l'⁰⁰{¹¹¹i⁰8‚
2021 3851 2121 3956 {leui
2138 3864 2187 3909 ιη·

148 3966 734 4058 ,pusoempsgaonempoefflomm·
783 3962 1144 4059 fficfiaffingpri·
1193 3930 1500 4026 quau-Quidquid
1527 3945 1698 4023 petrcrrtrs
1719 3949 1854 4027 patrem
1877 3960 1916 4004 ru
1935 3961 2184 4033 nomenemeo,

150 4074 279 4142 niunes
301 4093 342 4138 ex
366 4069 441 4158 lege
464 4068 556 4137 male
578 4067 755 4139 intellecta
778 4063 941 4156 haustas,
962 4070 1144 4141 ,dubitau-
1193 4029 1262 4105 ¹¹⁰⁰
1284 4034 1423 4105 heim
1482 4032 1584 4108 Τὼ
1605 4035 1677 4107 Vita
1700 4060 1844 4107 mmm
1857 4033 2092 4130 A⁰8⁰¹⁰fflm
2117 4066 2178 4137 rt*

149 4177 236 4246 darm
253 4194 345 4253 esse,
366 4194 412 4238 an
428 4172 537 4240 donet
553 4172 793 4240 remissionem
808 4186 1053 4264 peccatorum,
1078 4197 1143 4242 nec
1191 4150 1298 4229 P⁹¹¹²⁰
1321 4149 1431 4207 ‘anst‘
1459 4134 1586 4213 G¹⁰²¹²
1610 4163 1649 4209 ¹¹¹
1664 4139 1807 4211 “⁰⁶¹⁸ss
1822 4139 1918 4227 ⁰²⁰2
1943 4168 1987 4213 ¹¹¹
2002 4157 2183 4241 terra1²³¹·

149 4274 443 4369 acquiescendum
467 4296 541 4341 esse
565 4273 602 4341 in
617 4268 781 4358 Christo,
806 4299 872 4367 pro
894 4275 1015 4346 osculo
1030 4277 1093 4345 das
1107 4275 1142 4345 ci
1192 4253 1227 4311 ‘t
1242 4233 1450 4313 h⁰¹⁰i¹¹ib¹¹⁵
1467 4239 1615 4311 laistei&

148 4372 350 4469 colaphum.
402 4370 578 4444 Econtra
602 4377 711 4464 igitur
733 4378 876 4447 statuito
895 4401 977 4447 vere
990 4378 1056 4448 tibi
1076 4380 1143 4448 do·
1296 4372 1424 4447 Gloria
1445 4388 1496 4445 est
1518 4397 1560 4446 ex
1577 4374 1867 4449 animotribuere
1883 4378 1960 4450 Deo
1976 4379 2185 4454 laudemsa·

148 4481 225 4550 nari
244 4478 489 4549 remissionem
506 4492 739 4569 peccatorum,
766 4490 910 4572 propter
921 4475 1017 4551 hunc
1028 4481 1141 4552 lilium
1192 4478 1364 4571 pientiae,
1408 4476 1605 4570 potentiae,
1652 4477 1808 4552 iustitiae
1844 4495 1880 4553 et
1913 4481 2187 4558 misericordiae.

148 4583 219 4655 Dei
251 4583 378 4672 gratis,
414 4604 488 4649 non
519 4593 663 4671 propter
690 4595 787 4650 tuam
815 4583 1046 4673 dignitatem,
1080 4597 1142 4654 aut
1191 4580 1275 4653 Non
1303 4582 1414 4671 igitur
1443 4580 1571 4652 tribuit
1602 4579 1744 4651 laudern
1764 4580 1965 4675 Epicurus,
1997 4589 2066 4681 qui
2094 4587 2188 4678 fingit

146 4698 226 4759 tuas
250 4687 408 4755 virtutes.
457 4678 507 4752 Et
529 4676 595 4750 hac
619 4683 744 4753 fiducia
769 4687 811 4755 ad
830 4682 947 4757 Deum
972 4688 1142 4757 acceden-
1190 4687 1349 4756 ociosum
1375 4707 1466 4754 esse:
1494 4706 1568 4754 non
1583 4681 1714 4771 Stoici,
1737 4686 1802 4778 qui
1825 4685 1966 4776 lingunt
1989 4712 2070 4761 non
2093 4712 2187 4784 posse

146 4791 232 4860 dum
257 4800 325 4855 est:
352 4782 449 4855 Deus
468 4784 690 4855 invocandus
707 4799 776 4872 est,
800 4802 834 4859 et
848 4790 894 4859 ab
911 4812 952 4858 eo
966 4790 1062 4859 bona
1080 4814 1141 4882 pe-
1192 4812 1272 4858 eum
1289 4788 1393 4858 aliter
1408 4809 1530 4877 agere,
1554 4785 1624 4855 nisi
1641 4799 1682 4856 ut
1696 4801 1842 4858 movent
1857 4812 1983 4860 causae
1999 4794 2188 4864 secundae:

145 4893 254 4962 tenda
278 4905 312 4960 et
335 4887 549 4980 expectanda
574 4902 668 4958 sunt.
719 4885 815 4961 Haec
833 4892 962 4961 fiducia
983 4892 1140 4987 reliquae
1192 4915 1266 4960 non
1287 4889 1376 4960 Saul
1398 4901 1434 4958 et
1454 4888 1581 4959 caeteri
1602 4888 1716 4978 ignari
1738 4883 1939 4980 Evangelii.
1989 4886 2075 4965 Etsi
2100 4895 2189 4966 enin

144 4992 368 5065 obedientiae
401 4990 619 5080 praeluceat,
654 4990 744 5061 sicut
774 4995 816 5062 ad
841 4991 1020 5066 Romad.
1052 4994 1141 5064 scri·
1190 4990 1753 5083 latentureumpunirepeccata,
1773 5004 1895 5062 tamen
1907 4992 2191 5069 misericordiam

143 5115 244 5187 ptum
275 5109 347 5164 est:
393 5091 576 5163 lustitieati
607 5094 675 5163 lide
703 5119 825 5187 pacem
858 5090 1030 5165 habemus
1059 5119 1141 5187 erga
1192 5096 1370 5186 ignorant.
1423 5092 1595 5165 Nesciunt
1615 5094 1714 5165 enim
1734 5096 1916 5186 quomodo
1938 5100 2192 5172 auteurreci·

141 5195 278 5283 Deum‚
304 5222 369 5290 per
391 5195 589 5266 Dominum
617 5212 779 5267 nostrum
807 5196 921 5269 lesum
944 5193 1141 5285 Christum,
1191 5223 1275 5291 pere
1297 5198 1466 5287 indignos
1488 5196 1588 5270 velit.
1638 5195 1803 5268 Nascitur
1825 5220 1907 5288 ergo
1928 5193 2125 5291 Christus,
2156 5213 2194 5274 ut

140 5325 204 5392 per
235 5327 341 5396 qrrexn
375 5315 410 5371 et
439 5311 614 5369 accessum
644 5296 815 5370 habemus
838 5303 908 5371 fide
928 5302 965 5370 in
990 5303 1139 5393 gratiam
1193 5302 1333 5395 patefiat
1361 5297 1605 5369 misericordia
1613 5299 1852 5394 „aestuque
1872 5295 2080 5407 Evangelii·
2099 5330 2194 5389 voce,

141 5398 245 5478 horu.
298 5402 401 5473 Ilanc
426 5404 591 5471 fiduciam
618 5405 679 5496 qui
698 5405 842 5474 accendi
861 5405 1140 5476 ininvocatione
1191 5420 1268 5474 tum
1294 5404 1440 5473 demum
1464 5402 1601 5491 integra
1622 5401 1735 5493 gloria
1760 5398 1828 5473 Dei
1850 5402 2040 5482 tribuitur.
2113 5407 2192 5480 Ideo

145 5510 319 5595 sentiunt,
352 5502 392 5582 hi
418 5531 496 5578 rere
523 5506 728 5597 intelligunt
750 5509 911 5583 osculum
936 5522 1041 5605 atquc
1064 5531 1141 5581 am·
1192 5530 1289 5578 nune
1315 5517 1452 5577 canum
1472 5503 1602 5597 Angeli
1625 5499 1729 5606 ‘bunc
1756 5500 1953 5602 hymnum,
1987 5532 2031 5582 ac
2051 5512 2193 5595 docent,
