4664 6022
130 302 218 421 aas
269 348 272 355 ,

241 481 371 573 Dicent
386 481 496 575 igitur
512 483 638 576 aliqui:
666 482 805 554 Scimus
820 498 855 555 et
869 487 1038 570 fatemur,
1065 508 1130 555 nos

142 587 188 656 ad
212 586 429 674 agnitionem
452 599 487 655 et
510 585 770 671 invocationem
784 583 852 656 Dei
867 587 1029 657 conditos
1046 610 1131 671 csse,

133 699 175 757 -et
196 687 358 777 cupimus
380 710 453 756 nou
476 687 591 756 solum
615 686 755 776 collegii
775 689 906 768 nostri,
937 689 997 757 sed
1022 688 1132 758 totius

141 783 318 857 Ecclesiae
342 787 565 857 concordiam
592 789 747 858 retinere
770 788 809 856 in
830 782 896 858 hac
912 789 1074 859 doctrina
1098 802 1133 861 et

142 884 199 957 his
220 890 444 972 ceremoniis,
473 912 560 982 quas
583 890 687 980 longa
704 902 858 960 vetustas
880 890 952 958 iam
970 914 1133 982 compro-

144 991 252 1061 bavit.
302 987 410 1059 Nulla
434 1014 524 1059 nova
547 992 728 1076 doctrina,
760 991 881 1062 nullae
902 1015 1015 1062 novae
1036 1016 1133 1062 cere-

144 1092 287 1160 moniae
303 1092 526 1183 recipiendae
544 1105 641 1162 sunt.

128 1258 131 1263 .
246 1190 316 1261 Hic
341 1216 506 1282 magnum
530 1205 707 1262 certamen
731 1193 862 1278 oritur,
895 1196 990 1288 quod
1015 1208 1133 1263 tamen

145 1316 164 1363 a
181 1293 268 1383 piis,
293 1292 356 1385 qni
373 1290 556 1381 Evangelii
574 1318 695 1364 vocem
713 1295 835 1364 audire
854 1296 999 1381 volunt,
1032 1296 1134 1365 facilc

145 1394 335 1465 diiudicari
355 1408 477 1484 potest.

248 1493 406 1581 Fratres,
440 1518 513 1564 non
539 1495 647 1564 allero
674 1520 804 1566 novam
828 1497 1044 1583 doctrinam,
1074 1500 1134 1568 sed

145 1620 218 1666 una
241 1609 292 1664 est
316 1592 500 1684 Evangelii
524 1621 608 1681 vox,
643 1622 733 1690 quac
757 1622 893 1689 semper
915 1599 953 1667 iu
977 1595 1135 1668 Ecclesia

147 1695 214 1765 Dei
238 1696 374 1779 sonuit,
399 1699 458 1766 sed
473 1697 623 1766 subinde
647 1700 834 1770 admiscuit
851 1698 1034 1781 diabolus,
1062 1700 1137 1795 spi-

147 1797 238 1867 ritus
262 1792 504 1887 blasphemus,
537 1812 572 1869 et
597 1795 795 1886 homicida,
831 1800 1048 1892 corruptelas
1070 1807 1137 1873 ali-

148 1920 252 1991 quas,
292 1921 379 1991 quas
403 1913 437 1969 et
458 1900 552 1969 Deus
585 1901 738 1970 subinde
762 1902 923 1985 sustulit,
962 1904 1136 1976 illustrata

62 2085 67 2093 ¹
148 2021 271 2068 rursus
285 1994 470 2087 Evangelii
488 2001 576 2073 luce.
614 1999 813 2074 Audierant
828 2000 1008 2075 israelitae
1025 2008 1135 2097 legem

150 2097 265 2179 Mosi,
299 2100 360 2166 sed
388 2101 569 2169 doctrinae
601 2103 788 2193 puritatem
821 2123 1070 2193 corruperant,
1103 2122 1137 2180 et

150 2200 245 2269 idola
262 2200 552 2289 excogitaverant.
590 2200 693 2272 Missi
708 2219 790 2275 sunt
806 2205 914 2295 igitur
929 2202 1137 2299 Prophetae,

149 2300 211 2395 qui
224 2300 423 2370 doctrinam
446 2318 676 2395 repurgarent
700 2319 734 2376 et
759 2331 840 2376 vera
857 2307 972 2377 officia
996 2310 1137 2400 pietatis

148 2425 271 2471 rursus
303 2415 551 2474 monstrarent.
601 2402 740 2487 Deinde
775 2432 855 2478 cum
887 2403 1068 2481 Pharisaei
1102 2427 1138 2483 et

149 2499 347 2603 Sadducaei
378 2527 467 2594 pene
492 2506 702 2578 delevissent
723 2501 982 2601 Prophetarum
1003 2513 1138 2583 doctri-

150 2625 252 2687 nam,
282 2604 381 2672 missi
416 2621 499 2676 sunt
525 2606 689 2688 Simeon,
730 2607 936 2695 Zacharias,
967 2610 1139 2706 Baptista,

149 2699 323 2798 Christus,
349 2702 522 2797 Apostoli.
573 2706 624 2777 Hi
639 2732 760 2779 rursus
774 2714 1011 2784 accenderunt
1023 2715 1137 2786 lucem

149 2828 250 2873 verae
267 2806 467 2891 doctrinae,
491 2833 531 2878 ac
548 2812 733 2900 praecipue
749 2811 787 2879 in
808 2807 875 2881 hac
891 2816 1138 2887 emendatione

150 2904 366 2995 conspicitur
387 2907 559 2978 immensa
575 2907 642 2978 Dei
669 2911 930 2997 misericordia,
956 2919 1053 3009 quod
1068 2914 1139 2988 Ec·

150 3004 311 3085 clesiam,
343 3021 528 3100 postquam
553 3009 685 3080 diaboli
707 3014 902 3103 praestigiis
926 3028 960 3084 et
983 3012 1137 3089 humana

150 3106 371 3190 infirmitate,
404 3111 584 3181 erroribus
609 3113 828 3203 implicatur,
862 3115 1013 3186 subinde
1034 3120 1078 3189 ad
1101 3144 1138 3191 se

149 3201 316 3291 retrahit,
355 3208 445 3279 sicut
468 3212 613 3282 retraxit
634 3237 675 3283 ex
697 3231 838 3285 aeterna
867 3230 981 3287 morte
1004 3221 1137 3312 primos

149 3321 311 3400 parentes
324 3303 437 3380 Evam
453 3325 487 3382 ct
502 3309 629 3398 Adam,
652 3338 732 3384 cum
752 3316 841 3408 lapsi
866 3319 1002 3388 nullam
1016 3318 1138 3392 Evan-

149 3408 233 3498 gelii
247 3433 368 3479 vocem
390 3407 507 3484 adhuc
530 3428 691 3497 nossent,
716 3440 779 3487 nec
796 3433 939 3506 possent
957 3437 1137 3512 expectare

150 3509 296 3579 aliama
316 3510 408 3583 iusto
431 3515 548 3586 iudice
568 3518 797 3602 sententiam,
823 3519 894 3587 nisi
910 3533 950 3589 ut
972 3521 1009 3589 in
1024 3538 1136 3596 aeter-

149 3634 238 3679 num
258 3610 403 3681 exitium
414 3615 662 3689 obiicerentur.
715 3615 763 3689 Ut
779 3618 888 3708 igitur
904 3614 969 3690 hos
989 3646 1030 3692 ex
1052 3626 1136 3715 ipsis

151 3711 273 3780 inferis
297 3716 474 3787 revocavit
489 3714 606 3804 Deus,
631 3719 681 3789 ita
701 3718 853 3790 subinde
875 3721 1049 3794 instaurat
1067 3719 1137 3797 Ec·

149 3810 301 3882 clesiam.

250 3910 324 3983 Nec
354 3927 468 4003 potest
489 3917 628 4007 negari,
660 3920 781 3992 multis
803 3923 950 3994 saeculis
970 3948 1136 4015 magnam

149 4010 256 4082 fuisse
276 4014 459 4105 caliginem
481 4018 663 4090 doctrinae
690 4034 724 4091 et
758 4022 958 4098 manifestas
981 4023 1137 4120 propha-

148 4113 321 4189 nationes.

251 4212 377 4286 Videte
398 4217 472 4307 ipsa
499 4220 630 4312 templa
658 4235 694 4293 et
717 4247 813 4305 aras,
848 4224 1007 4321 quotidie
1027 4244 1132 4322 quam

149 4315 254 4385 multi
275 4316 409 4406 polluta
431 4320 662 4403 conscicntia,
696 4324 811 4412 ignari
838 4329 926 4422 quid
948 4343 1068 4416 agant,
1100 4342 1135 4399 et

148 4428 286 4486 tantum
312 4418 445 4487 ventris
468 4443 588 4506 causa,
614 4423 669 4493 vel
693 4438 786 4495 certe
808 4451 850 4498 ex
867 4431 1134 4515 consuetudine,

148 4539 210 4587 seu
230 4520 479 4610 superstitione
501 4523 636 4614 potius,
662 4523 788 4597 Missas
805 4529 945 4619 legunt,
970 4544 1058 4603 etse
1077 4530 1133 4601 os-

147 4616 239 4688 ferrc
253 4620 376 4692 dicunt
389 4621 501 4691 filium
516 4619 582 4693 Dei
597 4650 661 4715 pro
675 4638 747 4698 tota
764 4626 932 4703 Ecclesia.

253 4717 296 4789 ln
324 4718 665 4797 hacconsuetudine
694 4752 786 4800 nova
816 4747 850 4803 et
879 4734 998 4824 ignota
1022 4735 1132 4804 veteri

147 4813 324 4890 Ecclesiae
353 4820 651 4915 prophanationcs
679 4843 785 4902 tetras
810 4858 882 4905 esse
908 4836 1130 4905 manifestum

150 4931 217 5000 est,
239 4920 372 4993 offendi
388 4939 503 4996 autem
521 4925 635 5000 Deum
658 4926 880 5006 horribiliter
901 4931 957 5006 his
982 4936 1131 5027 peccatis

751 307 910 387 DECL.
944 304 1023 387 DE'
1050 309 1235 387 DlCTO
1268 312 1452 394 MOSlS
1477 338 1561 392 arc.

2095 322 2173 399 est

1285 486 1488 562 Pharisaica
1508 491 1755 582 pertinacia-et
1773 492 1926 564 duricies
1945 504 2056 579 esset,
2079 495 2173 564 nolle

1182 588 1286 660 fateri
1309 593 1439 662 abusus
1455 590 1667 679 Missarum,
1693 618 1774 665 cum
1791 592 1862 665 sint
1878 594 1918 665 in
1934 607 2138 686 conspectu.

1285 709 1423 780 Deinde
1436 711 1620 795 'invocatio
1644 727 1865 783 mortuorum
1883 712 2072 804 occupavit
2088 725 2173 787 tem·

1184 810 1242 901 pla
1259 811 1327 891 ita,
1353 825 1394 881 ut
1408 806 1544 882 Christi
1558 813 1734 884 invocatio
1749 815 1854 884 valde
1868 816 2058 886 obscurata
2074 814 2130 888 sit.

1267 924 1487 997 ‚Domestica
1521 953 1605 998 vero
1639 931 1712 1000 vita
1746 932 1987 1012 sacerdotum,
2034 945 2173 1022 propter

1184 1027 1297 1117 legem
1315 1029 1525 1115 coelibatus,
1547 1031 1766 1102 manifestam
1779 1032 1889 1105 habet
1903 1032 2172 1123 turpitudinem.

1273 1144 1378 1215 Nunc
1392 1147 1496 1216 etiam
1513 1150 1724 1219 monasteria
1739 1146 1933 1247 (quotquot
1946 1144 2069 1220 adhuc
2080 1150 2171 1247 sunt)

1185 1246 1346 1339 aspicite,
1371 1249 1410 1315 in
1432 1249 1563 1342 quibus
1586 1251 1686 1320 nulla
1708 1263 1852 1344 prorsus
1874 1265 1958 1325 sunt
1977 1251 2099 1322 studia
2116 1254 2171 1323 do·

1187 1348 1340 1435 ctrinae,
1364 1364 1502 1422 tantum
1519 1353 1727 1421 ceremoniis
1740 1366 1775 1424 et
1791 1355 1907 1424 ventri
1924 1352 2093 1429 servitur.
2131 1350 2171 1425 Et

1188 1444 1386 1544 hypocrisis
1401 1453 1439 1520 in
1454 1467 1601 1547 quaestu
1618 1467 1679 1527 est.

1290 1569 1337 1639 Hi
1354 1571 1460 1639 crassi
1477 1571 1608 1641 abusus
1625 1568 1793 1642 oriuntur
1809 1596 1849 1641 ex
1873 1572 2034 1644 tenebris
2048 1570 2169 1642 doctri·

1189 1695 1266 1746 nac.
1308 1670 1401 1759 Quia
1420 1672 1513 1740 enim
1532 1673 1591 1741 lux
1608 1668 1793 1761 Evangelii
1806 1675 1850 1743 de
1866 1674 1963 1743 veris
1986 1670 2059 1743 Dei
2079 1671 2169 1745 culti-

1189 1774 1272 1859 bus,
1298 1776 1342 1842 de
1368 1774 1601 1863 poenitentia,
1626 1774 1713 1854 fide,
1741 1772 1986 1855 invocatione,
2013 1798 2100 1844 vere
2116 1774 2169 1843 bo-

1189 1874 1245 1942 nis
1259 1874 1438 1965 operibus,
1462 1876 1506 1942 dc
1522 1874 1724 1943 reiiciendis
1739 1875 1892 1945 cultibus
1906 1870 2093 1957 humanis,
2115 1874 2169 1945 ob-

1188 1991 1325 2045 scurata
1339 1975 1417 2055 fuit,
1443 1990 1580 2044 secutae
1593 1991 1675 2046 sunt
1690 1977 1959 2067 depravationes
1970 1978 2169 2048 Sacramen-

1189 2089 1325 2161 torum‚
1358 2089 1391 2146 et
1412 2076 1594 2165 excogitati
1617 2076 1700 2146 novi
1725 2078 1840 2147 cultus
1854 2077 1990 2148 similes
2007 2072 2167 2148 Ethnicia

1189 2175 1327 2247 Deinde
1353 2201 1433 2247 cum
1466 2191 1663 2248 excaecatae
1692 2192 1807 2248 essent
1835 2192 1975 2250 mentes
2003 2174 2166 2277 Epicureo
2208 2238 2210 2247 .

1191 2291 1393 2368 contemptu
1410 2275 1497 2362 Dei,
1523 2294 1584 2349 aut
1600 2279 1777 2349 idolorum
1795 2279 1911 2364 cultu,
1935 2303 2064 2350 mores
2080 2279 2164 2351 ctiam
2208 2276 2210 2283 ’

1190 2379 1417 2450 contaminati
1433 2393 1537 2466 sunt,
1560 2394 1595 2450 et
1612 2381 1732 2451 relicta
1747 2394 1798 2451 est
1814 2375 1964 2451 honesta
1979 2380 2161 2473 disciplina.
2208 2374 2210 2385 '

1288 2494 1384 2566 Haec
1399 2511 1482 2569 sunt
1496 2499 1542 2567 oh
1560 2499 1681 2569 oculos
1708 2514 1743 2570 et
1766 2499 1804 2567 in
1828 2512 2042 2591 conspectu,
2066 2497 2165 2570 etiarn

1190 2622 1332 2690 prorsus
1348 2612 1447 2668 erant
1461 2601 1600 2669 futurae
1615 2595 1773 2670 ethnicae
1786 2601 1972 2687 tenebrae,
2001 2602 2077 2670 nisi
2089 2598 2166 2671 Deua

1190 2714 1353 2768 aeternus
1371 2714 1468 2790 pater
1477 2697 1623 2770 Domini
1638 2701 1750 2771 nostri
1766 2698 1844 2769 lesu
1853 2695 1994 2772 Christi
2012 2702 2166 2771 immensa

1190 2801 1428 2870 misericordia
1460 2825 1581 2870 rursus
1612 2803 1824 2872 accendisset
1849 2800 1968 2871 lucem
1993 2799 2165 2892 Evangelii

1189 2902 1263 2985 sui,
1285 2925 1374 2994 quae
1394 2902 1471 2993 pios
1492 2904 1537 2973 ab
1559 2904 1738 2974 erroribus
1756 2915 1790 2973 ct
1805 2927 1825 2972 a
1840 2902 1938 2973 vitiis
1960 2917 2122 2989 revocat,
2140 2914 2165 2971 ct

1190 3026 1307 3071 veram
1334 3003 1593 3074 invocationem
1621 3001 1689 3077 Dei
1716 3019 1751 3076 et
1779 3027 1860 3073 vera
1886 3002 2040 3096 pietatis
2073 3002 2157 3077 offici

1189 3116 1372 3174 monstrat.
1484 3104 1489 3127 '

1290 3203 1372 3273 Non
1403 3205 1511 3294 igitur
1536 3228 1665 3273 novam
1689 3204 1905 3285 doctrinam,
1938 3206 2008 3274 sed
2032 3205 2165 3287 unicam,
2208 3178 2210 3251 l

1189 3329 1327 3387 veram,
1363 3317 1585 3396 perpetuam,
1618 3329 1743 3397 puram
1769 3301 1950 3376 Ecclesiae
1975 3300 2167 3378 Catholicae

1189 3403 1256 3476 Dei
1271 3407 1479 3481 seutentiam
1496 3407 1736 3498 proponimus,
1764 3421 1798 3477 et
1811 3406 2053 3490 illustramus,
2077 3424 2168 3501 quan

1189 3509 1364 3599 praecepit
1387 3508 1505 3576 audiri
1529 3524 1692 3579 aeternus
1712 3505 1832 3592 Pater,
1858 3532 1940 3578 curn
1956 3510 2007 3578 de
2023 3509 2099 3579 filio
2115 3528 2168 3577 suc

1188 3605 1345 3678 Domino
1366 3622 1487 3679 nostro
1509 3606 1588 3680 lesu
1604 3604 1746 3679 Christo
1769 3608 1875 3680 dixit:
1916 3604 1994 3680 Hic
2015 3623 2071 3681 est
2089 3606 2170 3680 filim

1187 3733 1286 3780 meus
1302 3711 1469 3794 dilectus,
1495 3707 1590 3782 hunc
1604 3709 1736 3779 audite.
2144 3772 2148 3777 .

1288 3808 1328 3881 Si
1340 3807 1573 3901 Evangelium
1590 3809 1787 3880 iudicamus
1801 3827 1875 3879 non
1895 3830 1975 3879 esse
1997 3828 2171 3880 commen·

1188 3909 1306 3980 tisiam
1329 3911 1506 3998 fabulam,
1527 3926 1568 3983 ut
1582 3910 1720 3983 Numae
1739 3925 1800 3982 aut
1815 3905 2022 3982 Mahometi
2036 3906 2171 3999 religio·

1187 4033 1250 4080 nes
1264 4013 1476 4101 excogitatae
1491 4027 1585 4099 sunt,
1608 4026 1648 4084 ut
1661 4026 1774 4083 essent
1787 4013 1929 4083 frenum
1946 4010 2065 4103 vulgi,
2084 4004 2170 4105 quod

1187 4114 1434 4203 superstitione
1461 4116 1602 4188 facilius
1625 4115 1781 4205 capitur,
1818 4137 1926 4209 quam
1945 4112 1986 4185 vi
2013 4125 2051 4184 et
2073 4106 2180 4183 armi.

1187 4215 1360 4285 domatur.

1287 4313 1483 4388 Audiamus
1506 4339 1626 4385 vocem
1647 4315 1848 4401 coelestem,
1872 4338 1965 4409 quae
1987 4308 2172 4407 praecepit,

1184 4430 1225 4488 ut
1253 4419 1449 4490 doctrinam
1472 4412 1605 4487 Christi
1635 4416 1906 4509 amplectamur,
1940 4429 1981 4487 et
2005 4410 2075 4485 hac
2102 4412 2169 4482 sola

1184 4519 1335 4592 affirmat
1355 4518 1544 4590 monstrari
1555 4515 1671 4588 Deuro
1691 4530 1728 4588 et
1747 4540 1865 4587 veram
1886 4515 1954 4587 Dei
1976 4514 2171 4586 invocatio·

1184 4642 1287 4704 nem,
1308 4636 1342 4693 et
1361 4615 1453 4690 hanc
1476 4619 1673 4690 doctrinam
1696 4619 1806 4689 solam
1828 4619 1879 4689 ait
1893 4620 2027 4690 ducem
2042 4614 2170 4689 ested

1183 4734 1360 4791 aeternam
1376 4721 1537 4795 salutem.

1262 4820 1355 4893 ·Nec
1370 4845 1436 4892 nos
1449 4846 1578 4891 novam
1594 4822 1789 4894 doctrinam
1806 4820 2004 4908 afferimus,
2028 4844 2099 4893 nec
2113 4836 2170 4888 tot
2208 4802 2210 4811 ¹

1182 4945 1276 4993 novo
1294 4925 1452 5015 exemplo
1465 4920 1697 5013 Evangelium
1714 4921 1969 5015 aspernamini.

148 5035 269 5090 monet
290 5021 438 5106 Paulus,
472 5051 551 5096 cum
571 5034 671 5103 dicit:
707 5030 804 5106 Reos
826 5061 900 5107 csse
923 5039 1080 5129 corporis
1097 5052 1131 5108 et
1283 5040 1471 5136 Utrunque
1487 5042 1654 5111 usitatum
1668 5041 1770 5111 estin
1785 5036 1947 5111 Ecclesia
1961 5039 2169 5133 iudamque

147 5120 329 5209 sanguinis
343 5121 491 5196 Domini
506 5154 627 5203 omnes
642 5136 704 5228 qui
719 5135 862 5229 indigne
876 5152 1032 5224 sumunt,
1053 5162 1131 5208 ma·
1182 5142 1228 5211 ab
1243 5142 1347 5211 initio
1359 5143 1496 5222 mundi,
1511 5140 1645 5235 primae
1660 5156 1695 5212 et
1710 5141 1835 5213 veteris
1849 5141 2039 5213 doctrinae
2050 5134 2168 5212 Evan-

148 5220 240 5291 xime
254 5247 337 5293 vero
354 5229 586 5318 sacrificulos,
612 5236 673 5331 qui
691 5237 824 5331 polluta
841 5240 1072 5323 conscientia,
1096 5254 1130 5313 et
1181 5243 1262 5330 gelii
1279 5239 1478 5328 renovatio,
1503 5258 1538 5314 et
1555 5243 1773 5313 contumacia
1787 5241 2000 5329 multorum,
2024 5240 2089 5337 qui
2103 5262 2166 5309 no-

146 5320 260 5410 ignari
275 5325 362 5418 quid
377 5341 480 5416 agant
493 5330 531 5400 in
545 5333 669 5429 Missa,
695 5339 882 5414 conterunt
897 5365 1040 5413 coenam
1053 5341 1128 5414 Do·
1180 5342 1261 5413 lunt
1284 5345 1419 5415 turbari
1441 5369 1539 5415 suam
1567 5342 1858 5436 tranquillitatem
1880 5345 2081 5418 mutatione
2100 5340 2165 5412 ali·

143 5423 234 5493 mini
247 5426 286 5495 iu
302 5443 496 5523 quaestum.
1180 5467 1250 5537 qua
1274 5460 1308 5519 et
1333 5447 1550 5518 correctione
1566 5442 1804 5534 praesentium
1823 5445 1974 5518 rituum.
