4664 6022
140 328 216 405 668
713 317 874 392 DECD
925 313 999 391 DE
1040 313 1137 390 DEl
1179 310 1605 394 lNVOCATlONE.
2089 315 2164 393 664

142 495 274 570 Errant
296 492 393 564 enim
414 489 568 584 primunr
590 489 635 557 de
655 489 804 558 essentia
826 486 916 572 Dei,
943 504 1062 584 postea
1087 490 1132 558 de
1181 486 1282 557 sidiis
1303 486 1341 555 in
1370 489 1509 558 coelum
1539 486 1750 578 suspiciant,
1779 499 1813 558 et
1834 486 1880 557 ab
1904 485 2029 580 aliqua
2055 499 2165 558 mente

144 599 337 668 voluntate.
365 591 413 665 Ut
427 590 520 663 enirn
535 590 628 681 apud
636 586 845 682 Euripidem
861 591 1013 675 dicitur,
1026 586 1130 661 Olu·
1182 601 1321 659 aeterna
1343 612 1446 680 opem
1471 588 1673 680 implorent.
1729 586 1821 677 Quis
1845 588 1885 658 in
1912 586 2080 681 periculis
2098 611 2166 658 non

145 701 257 793 piter,
281 697 356 767 sive
382 690 450 762 hoc
474 691 630 773 eoelum,
655 691 729 760 sive
751 691 848 761 aliud
872 694 1058 785 quiddam:
1084 691 1133 761 ita
1183 688 1347 758 invocat?
1400 687 1492 778 Quis
1515 689 1654 779 ignorat
1676 688 1920 761 invocationes
1939 700 2015 759 tam
2034 688 2167 760 crebras

148 802 313 891 ignorant
328 816 451 866 omnes
471 790 600 883 impiae
623 805 760 880 gentes,
784 816 943 884 quaeres
965 795 1010 866 sit
1022 790 1133 876 Deus,
1183 790 1222 858 in
1247 789 1440 880 poiimatis?
1468 789 1582 880 ,Quis
1601 814 1677 860 rton
1697 790 1782 881 leglt
1806 785 1960 886 hymnos
1973 786 2168 861 Homerica

149 899 272 972 ludaei
295 912 329 969 et
349 888 619 966 Mahometistae
639 891 867 964 audacissime
889 907 1017 985 negant
1037 890 1134 962 hunc
1183 885 1402 962 Callimachi.
1454 890 1514 963 Sic
1536 892 1698 962 omnium
1718 904 1855 962 mentes
1876 892 1916 962 in
1940 887 2009 961 hac
2025 889 2167 981 caligine

149 1024 224 1071 esse
238 1021 318 1068 vere
333 994 449 1065 Deum
465 993 683 1063 conditorem
698 994 787 1064 coeli
800 1007 835 1064 et
850 1007 981 1081 terrae,
1009 994 1071 1089 qui
1084 1007 1135 1064 est
1183 1015 1299 1062 secum
1325 992 1518 1084 disputant.
1569 991 1640 1066 Sed
1670 1015 1736 1063 nos
1768 992 1806 1062 in
1827 989 1986 1064 Ecclesia
2013 992 2167 1079 sciamus,

149 1100 254 1173 Pater
266 1097 411 1170 Domini
434 1095 549 1166 nostri
564 1093 641 1165 lesu
660 1089 794 1166 Christi
813 1096 968 1165 crucifixi
991 1119 1054 1187 pro
1069 1120 1135 1164 no·
1184 1107 1224 1163 ut
1246 1093 1455 1185 paedagogi,
1478 1107 1521 1164 ut
1535 1106 1663 1163 matres
1680 1095 1886 1185 praefentur
1898 1094 2010 1165 verba
2026 1115 2167 1185 precum

149 1203 253 1274 biset
269 1197 474 1269 resuscitati.
512 1194 647 1285 Negant
662 1196 774 1265 lilium
785 1193 852 1264 Dei
870 1192 995 1270 εἰκόνα
1012 1191 1137 1268 ἀΐδιον
1186 1193 1398 1266 balbutienti
1420 1188 1536 1265 adbuc
1559 1196 1748 1266 infantiaet
1775 1194 1825 1267 ita
1846 1195 1962 1267 Deum
1985 1193 2168 1265 nobisirn-

147 1296 275 1375 ἀϊδίου
297 1292 436 1393 πατρὸς
458 1318 531 1365 esse
546 1295 674 1366 Deum.
724 1295 881 1368 Rabiose
899 1299 1005 1370 etiam
1025 1298 1137 1367 male·
1186 1319 1306 1365 mensa
1332 1296 1493 1367 bonitate
1514 1318 1589 1366 sese
1610 1312 1644 1368 et
1668 1297 1885 1368 voluntatem
1916 1320 2020 1367 suam
2046 1296 2168 1388 petete-

149 1405 272 1474 dicunt
289 1399 439 1492 Spiritui
454 1409 583 1467 sancto.
1186 1397 1291 1481 cisse,
1316 1410 1350 1466 et
1365 1398 1575 1486 significasse
1591 1399 1770 1491 quomodo
1786 1396 1944 1468 invocari
1968 1409 2007 1466 et
2028 1396 2102 1468 coli
2116 1420 2168 1491 re·

250 1501 392 1573 Deinde
413 1498 570 1589 gentium
591 1498 727 1568 furores
744 1498 921 1569 manifesti
945 1511 1051 1586 sunt,
1075 1497 1138 1591 qui
1186 1497 1242 1570 lit.
1292 1494 1341 1569 Et
1370 1493 1463 1567 hanc
1488 1498 1695 1589 sapientiam
1721 1498 1760 1568 in
1791 1510 1864 1569 tota
1889 1494 2086 1569 bominum
2107 1496 2168 1571 vita

150 1605 328 1674 linxerunt
343 1599 494 1672 subinde
515 1622 607 1669 nova
627 1599 794 1685 numina,
819 1625 884 1670 nec
900 1595 1138 1691 Philosoplro·
1187 1599 1409 1689 praeeipuam
1427 1612 1462 1668 et
1481 1599 1633 1669 maxime
1648 1603 1881 1690 appetendam
1906 1611 1942 1668 et
1960 1621 2168 1688 cognoscen-

149 1729 231 1776 rum
255 1702 401 1774 audacia
425 1700 544 1770 minor
568 1698 655 1780 fuit,
689 1725 794 1792 quam
829 1698 1038 1792 Gigantum.
1092 1698 1137 1771 Ut
1188 1702 1269 1770 dam
1285 1724 1368 1771 esse.
1404 1699 1488 1769 ldeo
1503 1700 1541 1768 in
1556 1697 1725 1770 Zacharia
1741 1700 1829 1772 dicit
1841 1700 1952 1772 Deus:
1980 1694 2167 1771 Effundam

150 1805 245 1877 enim
264 1800 302 1873 hi
317 1803 486 1873 dicuntur
500 1814 639 1870 montes
653 1801 866 1886 cumulasse,
891 1816 930 1872 ut
944 1805 982 1870 in
1001 1802 1138 1870 coelum
1188 1824 1294 1892 super
1308 1803 1453 1870 domum
1469 1798 1584 1871 David
1601 1799 1774 1892 Spiritum
1790 1801 1923 1892 gratiae
1937 1813 1974 1870 et
1989 1824 2144 1891 precum.

16 1996 18 2001 Δ
151 1905 221 1977 sibi
236 1905 330 1973 viam
345 1904 596 1995 patefacerent,
623 1915 656 1971 et
668 1901 762 1971 ferro
774 1902 888 1974 Deum
906 1902 1067 1974 ferirent:
1090 1902 1137 1972 ita
1292 1896 1370 1972 Etsi
1387 1902 1503 1995 aliqua
1518 1903 1563 1971 de
1574 1899 1652 1972 Deo
1667 1903 1799 1973 noticia
1818 1904 1856 1973 in
1879 1896 2045 1973 hominis
2066 1915 2169 1975 ments

151 2003 339 2098 Epicurei,
370 2001 499 2087 Stoici,
532 1999 734 2072 Academici
755 2018 790 2075 et
809 2002 1051 2095 Peripatetici,
1077 2003 1137 2072 alii
1187 2015 1270 2072 nata
1291 2017 1361 2084 est,
1385 2026 1475 2096 quae
1493 2003 1636 2095 quidem
1659 2018 1779 2075 monet
1797 1998 1913 2076 Deum
1935 2002 2170 2075 invocandum

151 2107 241 2178 alios
258 2128 393 2175 errores
410 2101 669 2193 excogitarunt,
702 2117 732 2172 et
752 2116 920 2198 tanquam
939 2106 1139 2174 accumula·
1188 2126 1279 2174 esse:
1306 2117 1523 2174 tamencum
1546 2128 1612 2173 nos
1633 2104 1814 2176 iutuemur
1830 2104 1898 2196 ipsi
1913 2117 1950 2177 et
1965 2117 2114 2176 nostros
2128 2104 2171 2175 la·

151 2208 199 2279 tis
213 2206 395 2277 montibus
407 2205 505 2274 coelo
526 2204 657 2273 bellum
670 2202 885 2290 intulerunt,
910 2206 1001 2276 alius
1017 2204 1138 2297 provi·
1188 2226 1271 2296 psus
1293 2203 1625 2290 animadvertimus,
1650 2205 1788 2276 vultum
1810 2219 1916 2301 atque
1935 2206 2070 2276 oculos
2090 2204 2169 2279 iudi-

151 2308 310 2379 dentiam
326 2327 470 2400 prorsus
484 2305 646 2388 sustulit,
670 2303 760 2375 alius
775 2309 819 2376 ad
834 2328 955 2376 causas
968 2307 1139 2376 secundas
1188 2307 1237 2376 cis
1253 2300 1418 2375 horribili
1436 2329 1565 2397 pavore
1582 2306 1785 2395 cogitamus.

152 2410 202 2481 ita
215 2407 330 2479 Deum
351 2406 525 2496 alligavit,
561 2418 601 2476 ut
615 2403 792 2475 Homerus
809 2429 891 2477 suos
903 2406 996 2478 Deos
1019 2408 1064 2476 de
1081 2430 1138 2477 ca·
1289 2403 1371 2475 Non
1394 2420 1443 2477 est
1459 2406 1567 2494 igitur
1583 2402 1759 2477 humanae
1781 2406 1976 2500 sapientiae
1992 2416 2167 2501 opusrets

152 2525 233 2582 tena
249 2509 441 2599 suspendit.
493 2505 598 2576 Alius
614 2506 734 2576 omnia
750 2507 840 2579 dixit
855 2509 989 2579 incerta
1008 2521 1042 2578 et
1062 2532 1140 2577 am·
1189 2507 1376 2578 invocatio.
1432 2506 1500 2578 Sed
1523 2505 1656 2578 Filium
1677 2505 1744 2578 Dei
1770 2511 1953 2580 doctorem
1975 2504 2170 2581 huiusm-
2212 2524 2214 2533 '

152 2611 258 2699 bigua
274 2632 358 2679 esse.
408 2606 520 2697 Saepe
540 2602 748 2678 cohorresco
771 2622 847 2679 toto
868 2631 1034 2702 corpore,
1059 2622 1139 2680 tan·
1188 2606 1274 2677 rimi
1301 2606 1460 2677 sacrificii
1482 2602 1671 2693 babemus,
1702 2609 1765 2703 qni
1797 2610 1943 2703 pavidas
1971 2624 2115 2683 mentes
2134 2608 2170 2681 stl

151 2725 224 2783 tarn
246 2709 452 2781 varietatem
477 2730 657 2792 errorum,
683 2709 744 2801 qui
769 2708 807 2777 in
830 2724 905 2780 toto
922 2732 1049 2798 genere
1070 2703 1140 2777 hu·
1188 2702 1371 2778 aeternum
1385 2706 1525 2777 Patrem
1539 2703 1696 2794 retrahit,
1716 2725 1750 2781 et
1767 2704 1922 2801 linguam
1941 2712 2171 2804 trepidanter

151 2834 258 2881 mano
273 2823 309 2881 et
322 2807 466 2898 grassati
481 2821 580 2892 sunt,
605 2820 639 2875 et
652 2822 855 2895 grassantur
868 2832 1006 2900 semper
1020 2808 1138 2879 omni·
1189 2810 1228 2877 in
1250 2822 1368 2878 nostra
1389 2809 1612 2878 invocatione
1638 2811 1746 2900 regit,
1771 2813 1880 2883 imino
1897 2813 1962 2906 qui
1986 2824 2171 2907 sempera!

152 2914 221 2983 bus
234 2911 360 2979 seculis
373 2908 541 2997 cogitans.
587 2905 678 2977 Nam
693 2931 734 2978 ex
748 2902 815 2979 hac
829 2922 917 2981 tetra
933 2909 1140 2980 confusione
1188 2907 1358 2980 Sacerdos
1392 2923 1511 2979 noster
1539 2904 1602 2980 καὶ
1631 2907 1782 3004 ἔξαρχος
1812 2936 1959 3006 precum
1993 2917 2172 2986 universas

153 3011 365 3103 opinionum
386 3005 562 3079 aestimari
584 3019 713 3098 potest,
739 3024 870 3101 quanta
886 3009 998 3100 caligo
1013 3009 1058 3081 sit
1071 3006 1139 3082 hu-
1189 3006 1366 3079 Ecclesiae
1379 3011 1483 3080 verba
1499 3010 1603 3080 nobis
1618 3012 1806 3102 praefatur,
1830 3028 1864 3085 et
1883 3015 2166 3109 interpellastis

140 3120 278 3183 'manae
290 3108 429 3189 meotis,
454 3130 543 3202 quae
557 3131 634 3178 non
646 3109 779 3199 regitur
791 3110 964 3181 divinitus
976 3107 1149 3201 Evange÷
1189 3111 1227 3179 in
1243 3111 1306 3180 illo
1321 3122 1464 3180 aeterno
1483 3112 1631 3181 consilio
1645 3115 1779 3184 aeterni
1792 3112 1919 3190 Patris.

152 3214 194 3282 lii
216 3213 305 3287 luce.
357 3207 638 3281 lmbecillitatem
663 3209 772 3299 igitur
793 3226 950 3284 nostram
975 3213 1139 3282 conside-
1286 3209 1472 3283 Diacamos
1494 3212 1603 3302 igitur
1623 3214 1668 3283 ab
1688 3209 1759 3285 hoc
1780 3230 1901 3287 nostro
1916 3208 2172 3313 Hierophsnts.

152 3335 288 3396 minus,
313 3324 348 3383 et
362 3309 602 3382 assidue‘haec
618 3325 699 3381 vota
715 3310 990 3402 ingeminemus:
1015 3312 1139 3403 Dirige
1188 3313 1368 3406 quomodo
1384 3310 1604 3384 invocandus
1616 3315 1661 3385 sit
1671 3312 1779 3402 Deus,
1803 3316 1889 3412 quid
1906 3318 1953 3388 de
1969 3318 2057 3392 eius
2071 3342 2174 3392 essen

151 3438 209 3487 roe
231 3415 270 3484 in
292 3412 539 3493 veritatem,
564 3424 599 3481 et
623 3413 711 3482 doce
728 3436 803 3497 me,
829 3413 912 3506 quia
935 3426 974 3485 tu
991 3437 1028 3484 es
1042 3409 1139 3484 Dens
1188 3413 1258 3496 tia,
1282 3425 1316 3483 et
1335 3413 1422 3506 quid
1437 3416 1483 3484 de
1496 3415 1678 3486 voluntate
1698 3416 1773 3488 eius
1792 3418 1831 3487 in
1850 3418 1953 3489 omni
1975 3420 2175 3512 precatione

149 3517 303 3587 salvator
318 3537 429 3590 mens.
1187 3513 1413 3604 cogitandum
1427 3515 1484 3589 sit.
1534 3514 1721 3606 Seiungito
1741 3533 1837 3589 tuam
1856 3518 2175 3594 invocationemab

251 3616 391 3688 Deinde
399 3614 632 3687 devoluntate
647 3629 766 3687 errant
774 3630 894 3706 gentes
908 3615 1139 3706 omnesigna-
1187 3611 1353 3696 Ethnica,
1379 3613 1543 3702 Iudaica,
1569 3612 1826 3705 Mahometiea,
1849 3632 1891 3691 ut
1906 3642 2043 3692 verum
2060 3620 2174 3707 Μ

151 3741 211 3789 rae
223 3712 421 3807 Evangelii,
442 3717 526 3810 quia
538 3719 583 3785 ad
595 3713 711 3787 Deum
728 3716 804 3787 sine
812 3715 1023 3788 Mediatoris
1036 3716 1140 3808 agni·
1188 3738 1262 3785 non
1284 3717 1529 3787 commenticia
1547 3718 1696 3789 numina
1717 3719 1930 3815 alloquaris,
1955 3735 1992 3795 et
2011 3748 2099 3797 vere
2114 3736 2174 3797 tlt·

152 3816 250 3890 tione
269 3818 459 3902 smedunt,
491 3815 642 3910 ideoque
663 3841 710 3887 an
731 3818 915 3905 exaudiat,
940 3831 976 3890 et
995 3840 1061 3888 cur
1082 3818 1140 3886 in·
1187 3830 1285 3898 tuas,
1309 3841 1374 3888 cnr
1386 3830 1422 3889 et
1436 3818 1595 3888 invocari
1609 3833 1644 3892 et
1656 3820 1748 3893 flecti
1765 3822 1862 3899 velit.

151 3917 278 4008 dignos
292 3917 468 4002 exaudiat,
488 3916 661 3988 nesciunt.
692 3916 885 3991 Pausanias
898 3918 1020 3993 scribit
1033 3919 1140 3990 fuisse
1287 3916 1392 3990 Hanc
1404 3919 1602 3990 doctrinam
1615 3923 1842 3994 necessariam
1856 3942 1944 4010 esse,
1967 3918 2172 4020 immopor·

152 4019 192 4088 in
206 4016 310 4090 Creta
326 4031 476 4090 statuam
494 4015 588 4087 lovis
601 4017 679 4088 sine
695 4020 861 4112 auribus,
887 4044 993 4116 quam
1010 4019 1140 4115 aliquis
1186 4030 1262 4091 tum
1286 4043 1360 4092 esse
1375 4020 1614 4093 firmissimum
1630 4022 1670 4092 in
1689 4024 1856 4096 omnibus
1871 4024 2051 4117 perieulis
2064 4022 2171 4099 ioht

151 4118 347 4190 scurriliter
362 4121 488 4188 ludens
503 4118 721 4191 acderideus
741 4134 851 4195 totam
866 4123 1139 4207 invocationem,
1187 4120 1276 4208 vita,
1317 4144 1440 4192 omncs
1471 4122 1550 4192 sani
1581 4122 1798 4215 intelligunt.
1849 4124 1972 4198 Venio
2000 4126 2116 4220 igitur
2132 4124 2169 4199 sd

152 4215 249 4290 haud
281 4218 392 4290 dubie
417 4215 664 4292 architectatus
703 4234 766 4294 est.
825 4222 896 4295 Sed
931 4222 1037 4295 talem
1069 4222 1138 4294 sibi
1186 4236 1389 4314 praecepta,
1417 4246 1569 4317 quornm
1596 4225 1751 4315 primum
1784 4222 1852 4298 hoc
1877 4226 1941 4299 sits
1977 4226 2034 4304 Ut
2059 4248 2170 4302 vern

151 4314 266 4390 Deum
292 4344 413 4390 ontnes
430 4321 564 4415 ubique
585 4334 659 4391 toto
683 4323 770 4392 orbe
785 4334 959 4394 terrarum
975 4324 1139 4415 pingunt,
1185 4319 1302 4395 Deum
1317 4324 1528 4416 alloquaris,
1552 4348 1652 4397 mens
1667 4326 1798 4399 directa
1811 4328 1858 4400 sit
1871 4328 1911 4398 in
1924 4331 2170 4421 patefactione

152 4421 213 4514 qui
234 4420 274 4491 in
291 4420 515 4492 invocatione
530 4421 712 4501 dubitant,
737 4447 784 4493 an
804 4424 996 4518 recipiatur
1016 4448 1138 4517 preca-
1185 4424 1336 4499 divinas.
1379 4421 1554 4494 llleenim
1572 4451 1653 4497 vere
1664 4426 1763 4500 Deus
1776 4441 1841 4514 est,
1865 4430 1929 4525 qui
1946 4426 2169 4505 nsahts·

150 4522 221 4608 tio,
245 4545 292 4593 an
306 4518 375 4593 hoc
387 4522 543 4592 officium
557 4518 634 4592 Deo
651 4524 799 4614 placeat.
1185 4524 1235 4593 sia
1254 4523 1452 4595 illustribus
1466 4525 1677 4599 testimoniis
1692 4529 1871 4622 patefecit,
1896 4530 2000 4603 etsie
2015 4554 2057 4604 se
2068 4552 2169 4624 εμο-

252 4621 335 4695 Duo
347 4636 473 4712 genera
489 4646 650 4693 errorum
666 4624 705 4693 in
721 4624 829 4715 impia
842 4624 1068 4695 invocatione
1079 4650 1137 4696 re-
1184 4624 1254 4706 sci,
1286 4625 1445 4697 invocari
1471 4640 1506 4699 et
1532 4628 1600 4699 coli
1620 4631 1793 4722 postulat,
1825 4630 1976 4702 sicutte
2002 4630 2168 4727 perdetis.

152 4724 292 4809 censui,
322 4723 386 4817 qui
407 4726 511 4795 ambo
533 4717 678 4795 haerent
700 4725 741 4794 in
763 4724 923 4796 omnium
949 4722 1135 4797 hominum
1182 4750 1250 4796 nec
1271 4726 1375 4797 aliter
1397 4726 1436 4796 in
1459 4723 1567 4799 huius
1579 4729 1673 4804 vitae
1690 4732 1841 4822 caligine
1863 4734 2012 4824 agnosci
2027 4734 2169 4809 etinve-

151 4823 350 4909 mentibus,
374 4826 477 4895 etiarn
495 4848 635 4912 eornm,
660 4827 778 4918 quiin
790 4821 946 4897 Ecclesia
963 4828 1039 4895 sine
1054 4852 1135 4899 vera
1182 4828 1256 4899 cari
1270 4841 1394 4920 potest.

151 4921 229 4993 luce
252 4920 439 5016 Evangelii
463 4926 608 5009 vivunt,
650 4928 764 4998 donec
791 4941 884 4997 recte
911 4929 1135 5003 erudiuntur.
1285 4927 1341 5000 Sit
1362 4929 1472 5020 igitur
1492 4931 1530 5001 in
1552 4946 1740 5024 conspectu
1756 4945 1819 5006 ant
1836 4927 1985 5009 historia
2002 4930 2169 5032 Bapeni

152 5019 240 5092 ldeo
261 5024 354 5094 inter
375 5048 512 5096 summa
534 5026 620 5096 novi
635 5023 856 5097 Testamenti
878 5050 1025 5098 monera
1038 5025 1135 5099 Deus
1184 5027 1268 5100 Filii
1291 5029 1376 5111 Dei,
1408 5045 1469 5102 aut
1496 5032 1584 5114 alia,
1616 5034 1682 5107 ubi
1713 5057 1750 5106 se
1775 5035 1975 5109 audiendos
2004 5038 2169 5133 praebent

148 5123 325 5214 promittit
345 5149 380 5196 se
394 5129 609 5198 donaturum
632 5127 736 5198 nobis
752 5126 927 5219 Spiritum
947 5130 1079 5219 gratiae
1101 5144 1136 5202 et
1182 5144 1346 5201 aeternus
1360 5128 1483 5212 Pater,
1509 5147 1544 5204 et
1561 5131 1675 5205 Filius
1692 5136 1767 5207 eius
1782 5134 1962 5211 Dominus
1980 5154 2108 5213 noster
2121 5135 2168 5210 ΙΕ-

146 5225 395 5298 invocationis.
444 5224 548 5298 Dicat
571 5223 630 5299 hic
648 5228 778 5324 aliquis
796 5225 945 5300 Homeri
968 5244 1003 5301 et
1022 5228 1135 5303 Calli-
1181 5252 1241 5302 sus
1254 5226 1435 5317 Christus,
1460 5246 1494 5303 et
1508 5232 1662 5326 Spiritus
1677 5250 1827 5310 sanctus.
1877 5235 1928 5311 Et
1943 5239 2056 5314 sisnnl
2076 5236 2166 5315 tatt-

146 5319 265 5396 machi
278 5327 404 5398 lector:
435 5324 568 5416 Qualia
583 5324 669 5399 haec
683 5342 768 5400 sunt
781 5330 955 5401 munera?
999 5330 1133 5403 Natura
1180 5332 1300 5404 monia
1314 5333 1415 5404 verbi
1430 5335 1551 5408 traditi
1564 5336 1736 5409 divinitus
1751 5340 1961 5429 cogitentur,
1976 5364 2072 5437 qnae
2083 5336 2166 5414 hatte

144 5449 269 5499 omnes
285 5441 405 5519 gentes
418 5441 624 5512 moventur,
648 5443 689 5501 ut
702 5429 840 5503 amissis
854 5428 1018 5505 humanis
1031 5456 1133 5527 prae-
1180 5434 1224 5503 de
1243 5433 1319 5506 Deo
1335 5436 1533 5512 doctrinam
1555 5438 1661 5510 nobis
1685 5454 1912 5533 proponunt,
1936 5456 1974 5517 et
1995 5445 2165 5517 affirmant

2211 502 2214 631 ι

2208 2544 2214 2823 l
