4664 6022
53 302 153 388 525
561 295 725 376 DECL.
766 297 843 373 DE
875 290 1285 373 IMPERATORE
1318 290 1569 370 OTTONE
1602 296 1632 374 l.
2043 304 2127 419 526¹

56 472 189 576 gloria
201 471 400 554 diminuta,
425 468 599 544 honorem
620 474 762 566 imperii
778 471 939 551 Ducibus
957 470 1068 557 Saso·
1119 467 1264 539 vivendi
1286 467 1394 537 finem
1420 469 1577 541 facturus
1603 484 1779 564 utranque
1802 474 1951 564 speciem
1975 471 2115 546 Coenae

58 582 157 656 niae
181 575 482 646 communicatum
511 598 596 650 esse.
655 575 697 647 ln
723 571 791 648 hoc
816 576 912 646 bello
940 572 1069 645 Gallus
1118 568 1328 641 Dominicae
1344 571 1497 643 voluerit
1513 574 1582 643 sibi
1598 575 1863 661 communicari,
1877 600 1953 644 rem
1966 577 2114 649 minime

66 702 158 755 eum
178 689 254 748 toto
271 674 500 769 Imperatoris
523 681 694 765 exercitu,
727 677 861 750 veritus
880 702 956 748 uno
979 691 1069 748 tem-
1118 687 1253 762 gratam
1267 668 1451 743 monachis
1466 690 1499 746 et
1513 673 1690 751 Pontifici.
1728 673 1788 763 Et,
1810 679 1965 771 quodad
1980 680 2115 750 doctri-

10 740 38 957 Κ
73 803 163 875 pore
186 778 361 872 praelium
389 781 629 867 committere,
660 780 748 851 locis
775 780 1006 876 sylvestribus
1028 778 1068 847 in
1118 800 1201 845 nam
1216 774 1371 861 attinuit,
1386 777 1562 867 praestitit
1576 780 1745 871 prolecto,
1761 780 1984 873 quodpotuit
1998 782 2115 868 etiam,

80 881 165 971 ripis
195 875 339 964 Rheni,
373 906 479 976 quem
511 884 723 955 traiecturus
754 896 829 953 erat
861 881 1068 973 Imperator,
1118 902 1200 948 cum
1220 877 1422 948 universale
1444 882 1637 949 concilium
1658 896 1797 970 cogeret
1820 895 1967 974 propter
1987 881 2112 955 Ponti-

10 990 43 1077 ζ
87 984 248 1054 uertitus
268 1005 351 1053 suos
374 983 590 1071 occultabat,
617 998 660 1056 nt
677 986 808 1057 milites
831 980 1068 1077 llnperatoris,
1118 981 1240 1066 licem,
1265 980 1400 1050 maiora
1416 975 1648 1068 hauddubie,
1673 983 1703 1052 si
1718 983 1899 1074 potuisset,
1925 985 2112 1076 praestitu-

10 1092 48 1145 Ι
90 1078 324 1181 quilihenum
341 1086 479 1156 traduci
494 1111 617 1156 omnes
632 1112 705 1158 uno
721 1100 896 1178 tempore,
922 1099 1069 1179 propter
1118 1106 1189 1152 rus.
1241 1078 1290 1153 Ut
1305 1083 1401 1152 enim
1422 1098 1586 1155 externae
1603 1085 1811 1176 disciplinae
1833 1110 1917 1156 cura
1940 1089 1983 1156 ad
1998 1082 2112 1157 Otto-

10 1172 53 1729 ἰ
91 1190 221 1258 navium
237 1186 409 1278 inopiam,
433 1213 508 1258 non
525 1202 700 1280 poterant,
725 1191 877 1260 navibus
892 1189 1068 1282 expositos
1119 1209 1200 1254 nem
1216 1185 1405 1278 pertinuit,
1431 1185 1480 1255 ita
1498 1187 1671 1259 indicium
1689 1190 1734 1257 de
1751 1188 1936 1279 religionis
1950 1189 2111 1260 doctriua

90 1290 314 1380 stimperatos
336 1288 632 1384 inopinantesque
651 1294 910 1382 aggrederetur.
958 1289 1068 1380 Quod
1117 1287 1227 1357 totius
1253 1286 1322 1355 fuit
1344 1287 1506 1373 concilii,
1539 1289 1596 1358 cui
1626 1314 1708 1360 cum
1731 1290 1807 1381 ipse
1825 1303 1866 1361 ut
1893 1289 2113 1382 legisperitus

87 1412 156 1462 turn
171 1390 373 1482 accidisset,
406 1404 441 1462 et
464 1390 641 1479 Saxones,
670 1397 816 1464 absente
838 1392 1066 1485 lmperatore,
1118 1388 1357 1480 praescribere
1374 1414 1448 1457 non
1464 1405 1593 1483 posset,
1613 1392 1814 1467 laudandus
1828 1406 1890 1477 est,
1916 1393 2012 1485 quod
2027 1393 2112 1463 libi·

81 1493 204 1585 inipso
219 1493 366 1580 negocio
382 1495 571 1564 consilium
589 1496 859 1587 caperecoacti,
883 1490 976 1564 nihil
996 1493 1067 1563 iam
1117 1490 1195 1559 dini
1218 1490 1341 1559 saltem
1358 1488 1542 1562 Pontificis
1565 1494 1668 1585 impii
1689 1495 1829 1564 fortiter
1853 1495 2113 1584 repugnaverit,
2208 1485 2212 1491 ’

80 1593 233 1667 &esuris
256 1595 444 1685 imperium
469 1610 707 1687 expectarent,
733 1598 794 1668 sed
814 1621 951 1689 perse,
977 1618 1068 1690 quae
1117 1617 1163 1661 ne
1186 1589 1302 1662 Deum
1327 1592 1365 1660 in
1391 1606 1441 1663 tot
1463 1596 1632 1667 scelerum
1654 1595 1937 1666 dissimulatione
1959 1596 2112 1667 alliceret

10 1754 20 1775 .
76 1697 297 1775 viderentur,
329 1697 636 1783 administrarent,
665 1700 811 1793 asrcipiti
840 1700 975 1792 praelio
1000 1696 1068 1767 ali·
1116 1695 1342 1780 contumelia,
1366 1708 1401 1765 et
1414 1696 1578 1787 plurimis
1592 1712 1696 1768 autor
1710 1698 1869 1767 scandali
1884 1710 1985 1772 esset.
2036 1694 2112 1768 Ex·

10 1794 23 1879 ¹,
74 1798 236 1895 mundio
268 1808 375 1892 atque
406 1798 537 1870 scriter
566 1802 736 1895 utrinque
773 1816 968 1894 pugnatum
1004 1811 1066 1870 est.
1116 1798 1220 1888 posui
1246 1821 1318 1890 quo
1349 1812 1452 1888 pacto
1484 1801 1713 1884 coiireendos,
1750 1813 1857 1893 atque
1883 1800 2110 1869 deterrendos

71 1898 163 1974 Otto
176 1922 276 1984 vero,
293 1923 374 1970 cum
387 1901 693 1974 animadvertisset
705 1925 834 1993 magno
850 1903 888 1971 in
907 1901 1074 1996 periculo
1116 1894 1207 1970 Otto
1239 1899 1391 1970 voluerit
1418 1897 1606 1971 Pontifices
1637 1924 1725 1971 esse.
1776 1899 1830 1971 De
1856 1901 2111 1971 donationibus
2157 1974 2160 1979 ,

10 2054 26 2087 5
69 2026 154 2075 nos
177 2002 332 2087 versari,
361 2004 457 2096 quod
479 2023 581 2095 suos,
607 2006 670 2099 qni
690 2006 825 2075 llumen
840 2005 1065 2084 transierant,
1116 2023 1191 2070 aron
1223 2000 1339 2070 dicam
1364 2001 1487 2073 multis
1518 2017 1663 2096 propter
1694 2003 1862 2095 temporis
1898 2002 2109 2092 angustiam.

10 2102 43 2147 ·’-
69 2105 207 2179 virtme
221 2116 257 2174 et
271 2126 421 2174 numero
438 2108 620 2196 pugnandi
640 2102 803 2178 hostibus
823 2130 897 2176 nou
914 2128 987 2176 esse
1003 2128 1067 2197 pa·
1117 2101 1251 2192 Magno
1280 2117 1314 2172 et
1338 2102 1601 2192 impudentiore
1631 2105 1734 2176 iactat
1761 2106 1991 2175 donationem
2013 2101 2112 2175 Con·

69 2206 265 2290 resseiret,
290 2207 895 2301 quodferresuiseodemtempore
912 2210 1065 2278 intanto
1116 2203 1264 2274 stantini
1285 2202 1466 2274 Pontifex:
1504 2206 1612 2279 Suam
1629 2206 1678 2276 ait
1701 2230 1775 2277 esse
1796 2208 1923 2278 urbem
1945 2205 2112 2292 Romam,

72 2306 232 2400 periculo
254 2308 448 2389 auxilium,
481 2324 626 2402 propter
650 2312 811 2381 fluminis
838 2310 1065 2382 altitudinem
1116 2302 1893 2403 suumregnumSiciliaeNeapolitanumque,
1912 2332 2012 2378 suam
2025 2306 2111 2378 nni-

70 2410 371 2502 lsts'tndiuemque
385 2434 460 2480 non
483 2425 615 2501 posset,
642 2406 836 2505 plurimum
859 2424 1067 2496 commotus,
1116 2430 1253 2477 versam
1269 2406 1420 2493 ltaliam,
1442 2424 1513 2480 tres
1527 2408 1675 2497 Gallias,
1697 2413 1786 2481 duas
1798 2409 2001 2503 Hispanias,
2017 2406 2111 2480 Ger·

69 2509 259 2585 stnullius
274 2509 427 2580 iniuriae
442 2512 510 2583 sibi
527 2514 700 2595 conscius,
724 2527 798 2584 toto
813 2515 965 2584 exercitu
981 2537 1067 2605 pro-
1116 2532 1258 2594 manos,
1296 2507 1512 2598 Britannos,
1556 2536 1659 2583 suum
1686 2513 1841 2607 denique
1867 2508 2111 2597 Occidentem,

69 2612 239 2687 omdari
261 2611 374 2683 iubet:
400 2611 551 2685 Nullum
566 2617 702 2686 bellum
724 2615 802 2686 sine
822 2615 946 2686 divino
965 2614 1067 2685 auxi·
1116 2612 1262 2683 alteram
1277 2626 1412 2703 partem
1427 2614 1526 2685 orbis
1542 2629 1730 2687 terrarum.
1780 2614 1892 2688 Cuius
1919 2614 2111 2708 possessio·

10 2598 117 2987 blio
139 2714 319 2785 foeliciter
341 2715 484 2800 conlici,
517 2730 621 2811 atque
644 2714 798 2788 hominis
820 2718 903 2787 iusti
933 2718 1065 2788 oratio·
1116 2738 1198 2782 uem
1221 2738 1303 2784 cum
1325 2716 1487 2786 obtinere
1503 2742 1578 2788 non
1601 2718 1738 2811 possint
1753 2714 1960 2807 Pontifices,
1985 2722 2042 2792 ius
2057 2736 2111 2794 te·

66 2842 149 2891 un
169 2817 361 2889 autoritate
370 2814 490 2889 lacobi
506 2819 700 2911 plurimum
717 2843 836 2890 coram
853 2817 932 2891 Deo
948 2842 1065 2912 posse:
1116 2839 1199 2884 men
1220 2815 1426 2907 possidendi
1449 2819 1582 2892 iactant
1604 2841 1709 2891 suum
1730 2844 1823 2907 esse,
1858 2835 1892 2893 et
1912 2822 2020 2895 licere
2041 2821 2111 2895 sibi

65 2936 98 2995 et
120 2944 145 2990 s
167 2916 275 2989 Mose
298 2920 522 2990 orationibus
544 2922 707 2993 ellectum
728 2944 819 3007 esse,
845 2934 885 2992 ιιι
907 2923 944 2991 in
969 2920 1065 2992 bello
1116 2919 1241 3012 quavis
1263 2920 1401 2989 ratione
1424 2922 1677 3011 patrimonium
1697 2918 1876 2994 Ecclesiae
1897 2922 2112 2997 aConstan·

10 3014 15 3099 ξ
60 3025 243 3097 adversus
254 3015 664 3115 Amalaehitassuscepto
680 3022 826 3093 victoria
842 3025 919 3093 sine
936 3046 1065 3112 magno
1116 3020 1192 3088 tino
1209 3020 1401 3102 donatum,
1427 3024 1473 3093 ab
1488 3025 1744 3117 occupantibus
1760 3038 1981 3120 extorquere.
2013 3025 2110 3099 llius

10 3106 196 3213 ,thuere
222 3121 270 3193 sit
299 3122 443 3213 potitus.
495 3120 616 3213 Quare
644 3124 776 3196 milites
800 3148 923 3195 omnes
947 3126 985 3193 in
1010 3118 1066 3193 his
1115 3120 1262 3206 accidit,
1291 3124 1389 3215 quod
1411 3126 1573 3196 omnium
1595 3128 1698 3196 adse
1720 3151 1806 3217 opes
1828 3129 2019 3215 traxerint,
2051 3154 2111 3200 ra·

55 3224 239 3303 numnis
255 3225 380 3305 rebus,
406 3222 529 3295 divina
549 3226 738 3297 autoritate
760 3227 866 3309 iussi,
892 3227 1065 3297 auxilium
1115 3223 1309 3316 piendique
1326 3225 1465 3295 nullum
1482 3227 1630 3296 modum
1647 3228 1813 3315 fecerint,
1839 3230 1878 3298 in
1901 3230 2110 3300 remissione

55 3356 83 3405 a
104 3330 195 3402 neo
212 3325 457 3418 implorarent
514 3325 677 3399 Statuere
696 3351 787 3415 sese,
819 3325 937 3400 Deum
960 3328 1066 3397 invo-
1115 3337 1338 3416 peccatorum
1368 3327 1526 3418 precium
1555 3329 1760 3415 statuerint,
1799 3332 2028 3402 vendiderint
2049 3331 2109 3401 io-

59 3427 238 3503 cantibus
249 3451 300 3514 se,
317 3428 356 3497 iu
371 3428 433 3520 pio
448 3442 483 3500 et
498 3429 592 3502 iusto
606 3431 764 3520 negocio,
789 3425 1065 3524 haudquaquam
1114 3427 1207 3497 liniti
1219 3429 1357 3517 generis
1375 3429 1509 3515 bullas,
1535 3431 1740 3520 praesertim
1759 3427 1961 3517 Germanis,
1985 3446 2110 3527 utpote

56 3530 279 3606 defuturum
292 3552 379 3605 esse.
431 3528 575 3620 Quibus
586 3533 810 3604 denuncietis
825 3533 1007 3603 descendit
1023 3554 1064 3601 ex
1115 3551 1205 3623 quos
1218 3531 1402 3599 cerebrum
1419 3555 1493 3601 non
1510 3526 1642 3601 habere
1655 3533 1857 3606 credebant.
1890 3531 2010 3604 Taceo
2027 3556 2109 3626 pos·

52 3656 182 3732 equo-
193 3629 407 3723 imperator,
431 3647 537 3727 atque
559 3657 707 3728 corpore
729 3634 900 3705 inclinato
916 3633 1067 3707 clariore
1114 3630 1287 3701 sessiones
1302 3632 1400 3703 mille
1415 3634 1552 3704 artibus
1566 3648 1752 3725 occupatas
1766 3658 1787 3704 a
1803 3636 1998 3707 coniuratis
2011 3633 2109 3707 Pon-

49 3756 157 3811 νοω
187 3734 402 3827 pronunciat
433 3736 631 3807 orationem
666 3736 901 3820 dominicam,
945 3750 987 3807 ut
1018 3737 1065 3805 ab
1114 3734 1266 3815 tibrum,
1291 3747 1343 3815 ut.
1368 3732 1569 3829 Episcopis,
1591 3733 1798 3824 Canonicis,
1821 3732 2019 3825 monachis,
2045 3735 2108 3833 qui

48 3835 261 3921 omuibus,
293 3835 356 3930 qui
379 3850 518 3928 praesto
539 3852 672 3925 cuent,
701 3839 939 3913 exaudiretur.
988 3836 1066 3908 llae
1116 3850 1259 3931 propter
1277 3836 1537 3909 intolerabilem
1553 3837 1759 3923 avariciam,
1785 3863 1860 3910 non
1877 3840 1954 3909 sine
1968 3863 2108 3911 summo

48 3938 235 4019 ustione
249 3938 360 4024 lecta,
383 3962 457 4008 non
477 3939 602 4011 lelellit
621 3964 700 4032 spes
719 3964 782 4011 sua
801 3939 1065 4033 lmperatorem.
1114 3938 1243 4008 scelere
1255 3939 1417 4010 oxonium
1436 3942 1511 4011 sere
1533 3940 1716 4011 laurltates
1730 3939 1769 4010 in
1785 3964 1884 4012 suam
1898 3954 2107 4034 potestatem

49 4046 163 4123 &xo
178 4040 311 4135 sliquis
326 4064 508 4133 pugnans,
533 4066 614 4113 cum
630 4043 760 4136 reliqui
780 4040 937 4114 Saxones
952 4043 1066 4113 victo-
1116 4040 1336 4129 redegerant.

46 4148 160 4223 riam
183 4143 467 4229 conclamarent,
500 4141 688 4214 Gallorum
711 4145 833 4234 lingna
858 4145 939 4235 luge
961 4142 1066 4216 Galle
1213 4139 1373 4215 Hoccine
1395 4144 1465 4215 luit
1484 4169 1526 4214 ex
1547 4140 1655 4214 Petro
1670 4143 1795 4214 ludam
1817 4145 1913 4232 lieri,
1938 4145 2108 4216 miserum

45 4253 149 4342 luge
173 4244 359 4317 exclamat.
409 4243 513 4316 Hanc
537 4269 659 4316 vocem
682 4271 763 4316 cum
780 4244 877 4317 Galli
898 4259 1066 4340 putarent
1115 4246 1288 4336 populum
1322 4271 1442 4316 amore
1471 4247 1641 4338 pecuniae
1667 4245 1706 4313 in
1732 4270 1909 4317 summum
1935 4248 2109 4317 deducere

44 4378 76 4429 a
94 4348 217 4425 Gallo
234 4346 364 4432 efferri,
387 4361 493 4441 etque
508 4343 683 4418 Ottonem
695 4373 776 4419 cum
791 4349 930 4442 reliquo
946 4350 1067 4420 adesse
1116 4347 1312 4435 periculum
1327 4348 1485 4439 corporis
1499 4360 1534 4418 et
1546 4346 1711 4418 animae?
1742 4344 1903 4418 Hoccine
1918 4363 1970 4419 est
1984 4343 2108 4417 Eccle-

45 4451 248 4536 uersitu,
269 4472 404 4536 omnes,
428 4451 597 4521 omuibus
616 4451 721 4521 rebus
739 4451 931 4542 desperatis
946 4451 1066 4540 lugam
1115 4448 1220 4533 siam,
1246 4447 1320 4518 imo
1342 4451 1458 4539 ipsum
1483 4448 1588 4519 etiam
1603 4447 1777 4538 Spiritum
1799 4462 1962 4520 sanctum
1977 4443 2108 4518 habere

46 4555 263 4657 petiemnt.
1115 4549 1304 4644 quaestui?
1343 4548 1456 4624 Recte
1480 4574 1526 4620 ue
1550 4552 1595 4621 ad
1618 4544 1684 4621 hos
1700 4551 1804 4642 lupos
1820 4573 1963 4622 voraces
1977 4549 2108 4619 dixeris

168 4650 257 4727 Dixi
279 4646 484 4737 historiam,
508 4654 610 4745 petiit
625 4647 716 4724 Otto
730 4654 916 4724 victoriam
939 4653 978 4723 in
997 4677 1064 4724 no-
1115 4650 1266 4721 Paulum
1282 4652 1478 4744 scripsisse,
1502 4675 1632 4722 nomen
1641 4649 1708 4723 Dei
1725 4676 1789 4744 per
1807 4676 1868 4722 vos
1884 4645 2108 4742 blasphema·

47 4762 168 4837 suine
182 4755 250 4827 ulii
264 4752 344 4837 Dei,
369 4778 443 4825 nou
453 4752 604 4828 Ursulae
619 4770 677 4825 aut
691 4752 851 4845 Georgii,
876 4780 946 4849 qna
963 4778 1067 4826 causa
1115 4767 1175 4822 tur
1190 4753 1285 4824 inter
1299 4768 1432 4845 gentes.
1479 4750 1554 4843 Qui
1569 4754 1658 4823 alios
1673 4755 1817 4837 docetis,
1844 4777 1906 4822 vos
1922 4753 2017 4844 ipsos
2033 4774 2108 4821 non

44 4870 203 4941 fedum
218 4871 284 4940 est,
302 4871 354 4944 ut,
378 4857 599 4950 paucissimis
612 4852 942 4928 militibusOttonis
959 4858 1066 4926 dimi·
1115 4856 1262 4926 docetis.
1314 4855 1388 4946 Qui
1401 4855 1611 4948 praedicatis
1634 4880 1709 4925 nou
1725 4855 1937 4934 furandum,
1963 4852 2109 4924 latroci-

45 4962 254 5047 untibus,
293 4961 477 5053 pugnandi
500 4984 604 5032 causa
629 4986 669 5030 ex
702 4955 864 5029 hostibus
885 4974 1064 5051 postremo
1115 4958 1263 5026 numini.
1314 4954 1389 5047 Qui
1404 4956 1660 5029 abominamini
1677 4956 1790 5041 idola,
1815 4955 2038 5045 sacrilegium
2055 4954 2110 5025 la·

45 5070 246 5147 resisteret
262 5086 379 5135 nemo.
432 5059 553 5151 Quare
567 5062 661 5146 satis,
684 5076 725 5132 ut
740 5061 888 5155 opinor,
913 5062 1066 5130 demon·
1114 5059 1218 5128 citis?
1250 5056 1445 5130 Maximam
1461 5060 1579 5152 itaque
1596 5057 1737 5128 laudem
1761 5057 1855 5126 inter
1875 5054 2109 5148 Imperatores

45 5182 203 5251 stunt.
232 5162 435 5236 Christiana
457 5159 605 5236 Ottonis
631 5164 765 5249 oratio,
797 5178 833 5233 et
861 5163 1065 5255 inopinatus
1113 5160 1204 5231 ferat
1219 5156 1333 5251 Otto,
1358 5163 1454 5256 quod
1471 5163 1510 5231 in
1528 5173 1624 5231 tanta
1647 5159 1836 5253 tyrannide
1853 5157 2028 5249 impedire
2045 5182 2109 5227 vo-

44 5272 155 5352 belli
184 5281 348 5354 eventus,
384 5263 532 5339 Ottonis
557 5267 766 5336 sententiam
790 5266 835 5335 de
857 5266 1065 5335 remissione
1114 5262 1222 5334 luerit
1243 5262 1449 5334 Pontifices:
1491 5286 1571 5333 cum
1595 5285 1659 5331 nec
1679 5259 1867 5330 donaverit
1891 5284 1931 5329 ea
1959 5258 2108 5351 imperia

46 5386 294 5479 peecatorum
309 5370 424 5442 multo
446 5369 623 5440 saniorem
644 5369 771 5453 fuisse,
797 5390 903 5461 quam
919 5382 971 5441 est
986 5365 1064 5438 Ro·
1114 5362 1392 5452 Constantinus,
1417 5390 1500 5446 nec,
1526 5364 1556 5433 si
1572 5366 1753 5447 donasset,
1779 5361 1857 5432 iure
1879 5361 1917 5429 id
1933 5362 2110 5431 diceretur

46 5476 171 5557 mani
190 5470 374 5568 Episcopi.
429 5466 568 5544 Eodem
592 5470 786 5564 pertinebit
808 5468 933 5559 etiam,
966 5470 1064 5563 quod
1112 5466 1246 5546 fecisse.
1292 5466 1376 5559 Quo
1390 5483 1494 5562 pacto
1508 5466 1604 5538 enim
1622 5466 1787 5537 donasset
1801 5462 1984 5560 sylvestro
2002 5461 2124 5532 dimi·-
