4664 6022
377 292 544 371 DECL.
583 292 658 370 DE
690 278 1051 389 AEQUlTATE
1080 284 1155 364 ΕΤ
1191 287 1343 366 tUItE
1374 290 1657 372 STRICTO.
1964 296 2041 377 554

111 452 514 563 ‚speeiem'probabilem
537 470 576 538 in
599 463 837 540 humanarum
860 468 989 539 volun·
1012 464 1017 573 ξ
1041 464 1135 534 ferre
1148 464 1194 533 ad
1210 487 1328 535 casum
1344 465 1502 537 alienum
1519 491 1539 536 a
1557 467 1747 559 principali
1769 469 1968 543 intentione
1985 471 2037 540 le·

120 572 341 658 actionibus,
367 596 457 665 quae
474 595 536 642 sua
551 585 679 641 natura
696 572 889 642 admodum
907 581 991 640 sunt
1012 578 1017 663 ξ
1041 565 1108 657 gis.
1167 561 1255 637 Erat
1284 567 1322 635 in
1354 567 1430 658 lege
1454 567 1603 641 Sabbati
1632 572 1840 666 principalis
1868 574 2039 644 intentio:

111 676 185 761 des,
209 687 245 746 ει
267 687 414 767 propter
433 673 638 746 varietatem
660 695 845 744 causarum
869 684 905 743 et
918 671 991 743 cir·
1042 661 1240 738 Prohibere
1256 692 1381 761 operas
1403 669 1567 757 serviles,
1593 667 1662 744 hoc
1676 687 1744 757 est,
1771 677 1947 760 assiduas,
1974 676 2040 745 ab·

111 778 277 850 rutiarum
291 776 416 866 agitari
433 777 530 848 varie
547 786 707 867 possunt.
952 790 955 795 “
1040 771 1210 841 ducentes
1222 794 1242 841 a
1256 772 1466 841 ceremoniis
1481 773 1627 847 divinis.
1678 772 1742 847 llst
1758 777 1868 867 igitur
1875 777 2037 848 strictum

111 876 218 969 luere
240 878 419 948 laudanda
450 892 501 949 est
526 872 800 948 Atheniensium
825 874 991 966 gravitas,
1042 871 1116 957 ius,
1141 872 1177 941 id
1191 887 1242 942 εει
1256 873 1535 959 calumniosum,
1559 878 1745 969 complecti
1758 903 1859 950 casus
1871 893 2040 964 caeteros,

111 1004 150 1073 ge
165 981 443 1061 constituerunt,
469 992 511 1051 ut
523 980 607 1050 lecti
622 979 757 1051 iudices
774 978 932 1048 iurarent
954 1000 991 1047 se
1041 975 1077 1044 id
1094 985 1145 1044 cst
1161 974 1374 1045 domesticae
1384 977 1600 1049 necessitatis
1614 1004 1755 1071 operas,
1778 1006 1869 1076 (prae
1882 1006 1957 1052 non
1974 983 2038 1051 ab·

111 1085 292 1155 uciaturos
307 1105 381 1153 esse
395 1083 493 1152 iuxta
508 1083 619 1170 leges,
644 1075 713 1151 hoc
728 1091 798 1164 est,
822 1105 897 1149 non
914 1079 990 1170 pri·
1041 1076 1177 1147 ducunt
1200 1100 1221 1146 a
1243 1079 1463 1152 ceremoniis.
1523 1078 1645 1175 ltaque
1674 1095 1795 1154 noster
1813 1096 1927 1155 textus
1956 1106 2038 1153 sen·

112 1186 261 1269 rbitrio,
287 1207 362 1253 non
378 1184 622 1253 commenticia
637 1183 755 1277 aliqua
777 1183 893 1273 legum
911 1206 991 1251 mo·
1040 1178 1186 1249 tentiam
1218 1179 1342 1248 utilem
1374 1181 1487 1266 vitae,
1525 1184 1705 1270 moribus,
1748 1186 1826 1276 paci
1853 1185 2037 1269 continet.

111 1310 188 1363 une.
242 1283 470 1378 Experieutia
497 1287 620 1358 docuit
641 1285 750 1356 vitam
784 1308 858 1354 non
887 1306 990 1378 posse
1040 1275 1130 1350 Cum
1160 1280 1258 1351 iubet
1286 1281 1451 1373 scriptam
1480 1286 1690 1378 aequitatem
1715 1287 1833 1382 sequi,
1869 1282 2037 1380 prohibet

125 1391 256 1481 scripto
275 1389 370 1474 iure,
391 1390 451 1457 sed
470 1412 533 1458 vos
550 1412 623 1458 nou
640 1389 755 1459 solum
774 1386 990 1479 experientia
1042 1382 1246 1477 tyrannides
1281 1395 1316 1452 et
1343 1386 1547 1475 potentibus
1576 1388 1716 1458 frenum
1747 1390 1881 1474 inlicit,
1916 1412 1962 1459 ue
1994 1414 2036 1459 ex

111 1491 226 1577 unini,
261 1491 320 1560 sed
356 1491 468 1560 multo
496 1491 609 1582 magis
643 1490 827 1561 voluntate
852 1488 989 1559 divina:
1041 1484 1179 1576 privato
1202 1483 1351 1554 arbitrio
1378 1510 1434 1556 res
1456 1488 1627 1564 iudicent.
1685 1490 1892 1563 Deusenim
1907 1490 2038 1563 vultet

111 1594 188 1665 vult
211 1593 342 1683 scripto
364 1593 444 1662 iure
472 1592 579 1663 vitam
602 1594 695 1682 regi,
727 1616 746 1661 a
773 1614 844 1684 qtro
864 1591 991 1661 silicet
1041 1587 1136 1677 ipsos
1154 1588 1407 1677 gubernatores
1420 1590 1533 1659 teneri
1551 1591 1705 1680 legibus,
1729 1618 1803 1663 non
1827 1594 1904 1664 vult
1919 1616 2037 1664 caecas

114 1682 174 1767 ere
197 1696 336 1786 privato
366 1695 533 1775 arbitrio,
569 1694 658 1764 levis
681 1694 748 1765 erit
774 1694 829 1762 ius
854 1692 991 1763 autori-
1042 1711 1165 1758 eorum
1186 1688 1397 1780 cupiditates
1421 1691 1619 1780 dominari,
1652 1696 1730 1765 vult
1750 1696 1889 1787 legibus
1903 1696 2036 1767 civium

111 1812 127 1871 t
146 1812 319 1892 qrrantum
335 1798 372 1864 in
390 1797 551 1887 exemplo
572 1797 656 1866 mali
672 1810 735 1870 est.
786 1791 925 1865 Deinde
941 1793 990 1865 ita
1041 1791 1171 1879 vitam,
1196 1814 1361 1886 corpora,
1386 1794 1566 1882 fortunas,
1592 1798 1774 1868 connubia
1791 1800 1927 1870 munita
1950 1821 2036 1871 esse.

117 1948 129 1981 ,
154 1912 197 1971 ut
211 1898 435 1988 Magistratui
451 1898 606 1969 officium
627 1912 720 1970 recte
737 1896 879 1970 facienti
894 1894 991 1967 Deus
1040 1892 1124 1965 Non
1146 1894 1254 1986 igitur
1276 1898 1487 1967 sumendum
1511 1913 1561 1970 est
1583 1924 1625 1970 ex
1650 1902 1879 1973 facultatibus
1903 1900 2036 1970 civium

111 2022 205 2073 scere
232 2000 350 2085 iussit,
386 2000 434 2070 ita
458 2000 576 2091 legum
602 1999 680 2071 voci
704 2001 901 2094 parendum
927 2012 991 2075 est.
1041 2010 1214 2090 qrrantum
1244 1999 1347 2067 aulae
1375 2014 1523 2091 possunt
1554 2004 1788 2094 profundere,
1816 2026 1893 2073 non
1911 2016 2035 2073 contra

111 2102 252 2194 sigitur
269 2097 464 2173 Architecti
483 2104 667 2174 dixerunt:
701 2102 806 2193 Lapis
825 2104 869 2171 ad
884 2124 990 2191 regu-
1041 2099 1207 2191 scriptam
1230 2100 1443 2193 aequitatem
1468 2104 1697 2175 saeviendum
1718 2106 1758 2175 in
1779 2128 1949 2198 corpora,
1976 2117 2038 2175 aut

111 2230 182 2277 uon
208 2207 328 2294 regula
354 2206 397 2274 nd
418 2204 572 2297 lapidem
594 2206 895 2276 accommodanda
921 2218 989 2275 est:
1041 2201 1149 2270 vitam
1172 2204 1415 2274 modestorum
1445 2206 1588 2278 civium.
1649 2205 1773 2278 Cernit
1792 2205 1891 2278 Deras
1914 2207 2036 2276 omnia

111 2309 160 2403 gis
179 2310 403 2401 probandum
422 2321 494 2391 est,
521 2332 627 2403 quam
649 2310 742 2401 quod
764 2308 808 2377 de
823 2307 990 2399 plumbea
1042 2302 1191 2387 vindex,
1217 2304 1279 2397 qui
1296 2318 1479 2394 potentum
1499 2309 1627 2378 iniusta
1640 2310 1797 2380 facinora
1811 2310 1948 2399 magnis
1964 2309 2036 2379 cla-

111 2408 448 2501 tdixitAristoteles.
492 2406 601 2482 Recte
617 2410 726 2500 igitur
742 2422 855 2479 textus
869 2421 991 2477 noster
1027 2405 1395 2503 'dibuspuniresolet
1433 2407 1614 2501 Scriptum
1629 2427 1697 2482 est:
1723 2410 2036 2501 Regnumagentc

111 2504 297 2597 lPlacnit,
331 2512 430 2582 iubet
456 2508 855 2605 scriptam'aequitatem
881 2508 990 2604 sequi.
1040 2505 1236 2597 ingentem
1259 2510 1486 2595 transfertur,
1512 2528 1656 2604 propter
1677 2514 1837 2585 iniurias.
1895 2508 2036 2585 Rursus

129 2636 268 2705 semper
289 2612 540 2707 aequissimum
565 2628 638 2684 es'se
650 2616 866 2696 statuamus,
892 2612 988 2705 quod
1040 2608 1145 2677 etiam
1179 2622 1294 2682 textus
1327 2625 1450 2683 noster
1473 2615 1627 2685 occurrit
1661 2617 1764 2687 alteri
1792 2617 1904 2701 malo,
1938 2617 2035 2710 quod

111 2738 148 2809 ge
178 2716 277 2809 gravi
308 2716 457 2785 consilio
496 2728 633 2807 recepta
666 2715 988 2786 constitutum'est.
1040 2724 1222 2803 praetextu
1242 2713 1365 2805 scripti
1390 2729 1515 2785 contra
1537 2716 1707 2788 iustitiam
1732 2718 1833 2798 facit,
1869 2717 2036 2788 videlicet

111 2814 195 2937 pltur
206 2818 375 2889 discernit
390 2828 506 2888 textus
521 2816 582 2887 ille
596 2816 762 2909 scriptam
776 2814 988 2910 aequitatem
1040 2806 1269 2904 sophisticae,
1294 2840 1355 2884 seu
1368 2815 1608 2888 calumniosae
1622 2818 1909 2913 interpretationi
1915 2844 1924 2906 ;
1951 2843 2035 2889 nam

113 2920 264 3013 ⁸stricto,
289 2923 384 3013 quod
402 2919 500 2988 aliud
515 2942 590 2988 non
608 2918 856 3007 videturesse,
882 2940 988 3010 quam
1040 2915 1078 2983 in
1105 2926 1200 2985 textu
1223 2929 1346 2986 nostro
1373 2917 1532 2988 strictum
1559 2920 1615 2989 ius
1631 2924 1674 2991 de
1691 2922 1912 2991 calumnioso
1929 2920 2032 2990 intel-

111 3002 269 3107 llserba,
304 3022 363 3091 sed
391 3044 455 3110 ego
477 3021 637 3090 strictam
664 3022 720 3091 ins
745 3015 813 3090 hoc
835 3019 915 3099 loco
931 3006 989 3087 cal
1039 3010 1288 3105 ligitur‚'cum
1313 3013 1381 3089 lroc
1404 3041 1544 3112 semper
1565 3036 1699 3112 pugnat
1721 3025 1854 3114 scripta·
1866 3025 2037 3116 aequitas.

111 3130 210 3195 esem
226 3122 555 3215 interpretationem
570 3122 745 3213 intelligo.
777 3138 780 3149 ·
801 3118 919 3191 ludaei
938 3132 989 3190 te·
1039 3117 1121 3188 Non
1140 3132 1190 3188 est
1212 3133 1328 3190 autem
1356 3144 1476 3189 rarum
1494 3122 1615 3214 scripti
1633 3139 1813 3215 praetextu
1832 3126 1976 3211 ludere,
2001 3138 2037 3194 ct

111 3210 250 3315 t·s'erba
270 3225 390 3316 scripti
408 3227 453 3293 de
470 3224 635 3305 sabbato,
659 3223 845 3293 uellerent
861 3244 989 3312 operae
1039 3244 1079 3289 es
1099 3220 1234 3308 legibus
1250 3220 1385 3312 optimo
1400 3235 1436 3291 et
1450 3222 1575 3294 divino
1588 3225 1739 3296 consilio
1756 3228 1909 3298 conditis
1923 3250 1965 3297 ae
1979 3248 2035 3295 re·-

111 3308 169 3401 d·
206 3327 291 3398 ldeo
313 3326 353 3396 in
376 3326 521 3397 sabbato
545 3349 643 3397 nunc
658 3349 801 3421 quoquc
821 3324 909 3394 adeo
928 3346 988 3393 su-
1039 3322 1149 3412 ceptis
1162 3318 1368 3392 Cotbumos
1384 3322 1515 3410 facere,
1538 3326 1601 3419 qni
1615 3350 1742 3419 magna
1765 3324 1916 3422 imperia
1931 3350 2034 3418 saepe

111 3427 233 3501 tiosum
249 3442 301 3499 est
315 3429 442 3508 otium.
467 3441 507 3498 ut
522 3451 597 3498 non
612 3428 729 3498 solum
744 3450 819 3497 non
833 3438 989 3519 coquant
1038 3422 1480 3517 graviterconcusserunt.
1539 3425 1622 3496 Dixi
1647 3430 1692 3500 d'e
1722 3442 1820 3502 testu
1845 3430 1934 3521 legis
1950 3427 2034 3507 Pla,-

114 3556 224 3617 ,uon
239 3533 433 3601 accendant
448 3530 546 3619 ignes
561 3530 600 3599 in
614 3529 839 3613 fornacibus,
863 3529 923 3597 sed
943 3551 988 3597 ne
1039 3524 1128 3609 cuit,
1153 3539 1326 3619 quantum
1342 3518 1451 3597 huius
1466 3530 1636 3623 temporis
1646 3532 1807 3624 angustia
1820 3530 1900 3606 fert.
1950 3518 2034 3602 Κει-

111 3650 138 3701 ss
155 3646 287 3703 'mucos
318 3634 509 3723 decerpant
539 3655 601 3702 sua
636 3656 746 3701 manu
785 3652 806 3699 a
837 3623 988 3725 lychnis.
1039 3650 1108 3721 que
1123 3626 1349 3707 summa-rei,
1373 3652 1413 3697 ex
1437 3630 1578 3721 scriptis
1591 3632 1731 3723 legibus
1747 3657 1802 3704 res
1827 3623 2034 3705 iudicandas

111 3735 296 3829 rb'dicunt
331 3757 407 3803 non
434 3758 555 3804 rerum
585 3732 887 3823 magnitudinem,
927 3742 987 3801 aut
1039 3751 1132 3815 esse,
1158 3750 1224 3798 uec
1238 3730 1523 3820 concedendum,
1547 3747 1588 3804 ut
1602 3734 1750 3825 privatis
1766 3726 1943 3821 arbitriis,
1967 3736 2036 3819 lin·

111 3846 165 3907 ste
186 3837 403 3906 aestimanda
427 3856 501 3906 esse
521 3830 607 3906 haec
631 3834 765 3929 officia,
791 3834 851 3905 sed
870 3832 986 3922 legum
1038 3844 1168 3921 gantur
1205 3831 1488 3919 moderationes,
1534 3838 1595 3905 sed
1630 3839 1856 3910 statuendum
1892 3840 1931 3909 id
1961 3858 2036 3908 esse

111 3986 124 4010 .
194 3938 359 4031 Speciosa
384 3950 435 4007 est
460 3936 575 4017 oratio
596 3949 632 4010 et
651 3961 754 4031 saepe
776 3936 886 4006 valet:
926 3936 987 4005 sed
1038 3932 1311 4026 aequissimum,
1337 3936 1432 4028 quod
1451 3959 1533 4020 yere
1559 3939 1665 4008 sentit
1685 3938 1759 4027 lex,
1784 3956 2034 4037 nequctatnen

111 4102 113 4109 ,
143 4032 211 4111 bse
239 4042 431 4110 verborum
464 4038 665 4131 angustiae,
705 4064 778 4111 non
812 4062 894 4108 raro
924 4060 987 4129 pa-
1038 4035 1258 4107 calumniose
1293 4034 1576 4131 interpretandas
1609 4062 1692 4111 esse.
1752 4038 1837 4112 'lam
1873 4042 2036 4133 cogitate,

111 4142 282 4215 sbsurdas
304 4139 516 4223 sententias,
541 4154 577 4213 et
595 4142 746 4213 rectiora
771 4138 885 4211 ollicia
901 4164 988 4210 con·
1037 4160 1144 4231 quam
1159 4136 1315 4208 difficilis
1331 4151 1366 4208 et
1381 4161 1507 4229 magns
1523 4162 1578 4209 res
1597 4140 1663 4223 sit,
1689 4130 1886 4237 simplicem
1902 4142 2035 4214 verita-

111 4258 151 4319 ιι.
1038 4251 1108 4309 tem
1127 4236 1166 4308 in
1182 4251 1253 4310 tam
1275 4238 1492 4310 flexibilibus
1513 4243 1670 4315 materiis
1694 4245 1848 4317 retinere
1870 4260 1906 4317 et
1931 4242 2034 4316 tueri.

111 4346 188 4417 llud
204 4345 312 4435 igitur
334 4343 463 4415 rectius
479 4357 548 4429 est,
572 4367 653 4414 cum
673 4342 851 4437 quaelibet
868 4342 923 4411 les
941 4343 986 4413 de
1037 4336 1118 4411 Sint
1141 4340 1251 4430 igitar
1278 4342 1441 4411 custodes
1473 4342 1560 4413 iuris
1589 4345 1747 4438 primum
1769 4348 1838 4419 riri
1859 4348 1964 4431 boni,
1999 4358 2034 4415 et

111 4448 210 4543 liquo
229 4471 312 4517 casu
343 4450 406 4541 qui
430 4446 628 4540 plerunque
653 4445 782 4515 eccidit
806 4445 986 4539 loquatur.
1036 4456 1195 4513 amantes
1208 4440 1367 4513 veritatis
1382 4443 1597 4532 etiustitiae3
1620 4448 1750 4517 deiude
1770 4450 1875 4519 etism
1892 4446 2035 4532 eruditi,

111 4573 175 4623 eus
186 4549 226 4617 in
240 4548 538 4620 accommodanda
554 4549 629 4639 lege
643 4547 838 4616 intuendus
852 4559 923 4633 est,
945 4558 986 4617 ut
1036 4541 1242 4632 vigilantes,
1278 4544 1470 4618 exercitati.
1530 4542 1624 4617 Nam
1657 4564 1692 4619 et
1720 4551 1807 4621 boui
1839 4550 2033 4643 aliquando

111 4676 184 4723 rena
214 4650 558 4741 interpretationum.
617 4646 691 4719 Lex
719 4671 811 4743 quae
843 4646 985 4739 capitali
1035 4644 1150 4737 specie
1170 4645 1257 4717 recti
1281 4644 1464 4721 labuntur.
1517 4644 1603 4719 ldeo
1617 4650 1790 4721 acerrimo
1807 4650 1928 4721 studio
1941 4672 2032 4743 opus

111 4754 164 4827 rio
186 4754 282 4823 fures
303 4750 429 4844 punit,
457 4748 622 4841 intelligit
645 4762 857 4840 grassatores
876 4763 910 4820 et
927 4750 984 4816 in·
1035 4759 1107 4829 est,
1129 4760 1170 4817 ut
1182 4748 1276 4818 intra
1295 4761 1404 4818 metas
1421 4760 1455 4819 et
1472 4761 1570 4841 septa
1585 4752 1743 4825 veritatis
1759 4753 1948 4845 opiniones
1965 4778 2034 4823 no-

111 4878 192 4940 sres,
224 4877 377 4947 qrrorum
400 4867 495 4926 aetas
517 4867 551 4924 et
575 4852 794 4923 consuetudo
811 4851 983 4921 intuenda
1034 4858 1124 4917 stras
1138 4846 1373 4922 includamus.
1425 4846 1534 4937 Quod
1551 4853 1587 4922 in
1603 4851 1759 4947 Reipub.
1774 4854 2032 4945 gubernatione

111 4954 187 5031 hlia
210 4979 266 5025 res
286 4969 356 5039 εει,
390 4956 420 5025 si
447 4977 536 5048 puer
556 4954 717 5025 nondum
740 4953 825 5023 satis
848 4952 984 5021 intelli·
1035 4972 1167 5020 munus
1188 4965 1308 5023 rsoster
1332 4951 1422 5020 ordo
1449 4952 1640 5041 sustineat,
1665 4980 1740 5025 non
1764 4969 1815 5028 εει
1830 4956 2034 5043 obscurum,

111 5071 271 5157 guantum
288 5058 335 5128 sit
357 5058 395 5127 in
420 5057 516 5127 furto
538 5054 792 5148 turpitudinis,
823 5054 981 5123 alienum·
1033 5050 1165 5122 nostris
1188 5050 1347 5123 consiliis
1369 5066 1402 5125 et
1425 5056 1612 5128 sententiis
1635 5057 1787 5141 iudicia,
1811 5058 1974 5145 foedera,
1998 5071 2033 5130 et

111 5186 141 5233 u
165 5160 288 5232 aetatis
308 5159 463 5231 stulticia
483 5159 638 5243 auferat,
670 5170 732 5229 aut
753 5156 785 5225 si
805 5153 886 5250 quis
901 5178 983 5227 nro-
1032 5176 1124 5245 pene
1147 5152 1268 5224 omnis
1292 5152 1435 5225 vincula
1458 5154 1554 5247 pacis
1568 5159 1643 5249 regi
1658 5160 1787 5234 solent.
1843 5156 1884 5232 ld
1900 5181 2033 5231 munus

114 5320 126 5353 ,
156 5287 220 5357 per
244 5261 495 5352 negligentiam
529 5286 602 5331 nou
625 5258 784 5333 reddidit
806 5255 980 5327 alienum:
1033 5257 1138 5345 longe
1156 5255 1272 5327 maius
1296 5268 1367 5343 est,
1398 5281 1505 5351 quarn
1527 5260 1585 5329 eoi
1603 5256 1758 5335 humana
1778 5263 1951 5357 sapientia
1968 5285 2033 5353 par

111 5366 269 5439 ³rssibus
286 5364 396 5453 legem
412 5386 486 5433 non
508 5362 607 5457 loqui
625 5374 900 5433 consentaneum
915 5371 978 5432 est.
1031 5379 1106 5429 csse
1134 5358 1263 5449 possit,
1292 5360 1355 5431 sed
1378 5356 1480 5431 Deus
1502 5360 1669 5433 facientes
1691 5364 1864 5439 scb’usst.
1913 5362 2034 5449 Fides,

111 5468 218 5564 igitur
238 5464 400 5539 strictum
422 5463 479 5539 ius
495 5464 777 5551 calumniosum,
800 5460 907 5534 verba
921 5484 980 5535 rs-
1029 5458 1237 5553 diligentis,
1261 5461 1440 5551 studium,
1463 5461 1575 5535 suimi
1593 5466 1792 5541 moderatio
1815 5490 1836 5539 s
1851 5466 1960 5539 uobis
1975 5490 2033 5539 re·
