4664 6022
147 264 231 345 649
722 265 885 343 DECL
924 266 1002 342 DE
1035 258 1193 341 onto
1228 259 1634 340 sorfltsttctts.
2121 288 2199 366 550

148 455 256 528 runt,
287 453 327 513 ut
352 436 595 513 Theramenes
619 463 700 513 cnm
724 439 870 534 quidem
894 439 1045 511 subinde
1063 438 1151 515 Rei·
1202 450 1358 508 vestrum
1375 436 1530 527 ingentia
1547 440 1741 511 certamina
1759 443 1904 516 veniens
1925 462 2020 524 aetas
2036 457 2195 547 paritura

145 547 240 639 pub.
269 544 420 615 sormam
450 544 628 629 mutabat,
662 554 780 614 tamen
809 543 948 636 quoties
975 543 1151 615 labescere
1201 539 1267 619 sit,
1300 562 1391 633 quae
1419 540 1491 608 iarn
1513 541 1633 610 aniano
1668 542 1845 616 intuentes
1867 553 2035 627 omnibus
2059 559 2193 650 ingenii

146 662 289 743 partem
307 668 407 717 suam
431 645 543 732 vidit,
577 644 765 717 inclinavit
783 646 828 716 ad
851 644 1022 726 alteram,
1056 658 1091 716 et
1113 669 1150 714 se
1200 641 1337 710 viribus
1349 664 1388 711 ac
1405 640 1523 709 nervis
1539 645 1758 730 contendite,
1782 660 1821 717 ut
1842 650 2005 728 instructi
2024 672 2057 729 et
2078 667 2192 752 parati

145 764 225 823 arte
248 772 290 819 ex
319 747 487 841 periculis
514 746 665 834 evolvit,
698 760 739 819 ut
767 747 854 818 dicit
875 741 1148 839 Aristophanes:
1197 744 1242 812 sd
1260 743 1493 813 maximarum
1508 764 1627 812 remm
1644 745 1913 838 explicationem
1936 769 1970 829 et
1985 783 2191 855 propugng.

145 848 282 923 Subito
299 873 365 942 pro
380 845 599 936 Chioconm,
625 849 750 935 idest,
774 849 870 921 utin
886 850 973 920 ludo
994 848 1147 922 talorum
1197 844 1331 914 tionem
1361 844 1546 915 accedatis.
1606 841 1653 917 Et
1685 843 1776 919 hanc
1804 878 1925 924 curam
1957 863 2192 940 memineritis

145 953 295 1036 dicitur,
317 976 383 1043 pro
392 953 545 1022 monade
560 951 745 1023 senionem
759 949 923 1037 extitisse,
948 946 1150 1037 πέπτωκεν,
1195 942 1273 1016 Deo
1293 946 1432 1037 placere
1456 961 1490 1017 et
1511 959 1648 1036 gratnm
1675 952 1883 1024 sacrificium
1910 982 2003 1047 esse,
2029 966 2092 1058 qui
2109 970 2190 1064 qui-

145 1052 289 1150 inquit,
312 1050 382 1137 ὲξω
398 1056 477 1126 τῶν
492 1056 640 1146 κακῶν,
667 1046 793 1147 origine
807 1048 900 1124 ἀλλὰ
915 1056 1023 1135 arios.
1194 1048 1276 1117 dem
1299 1062 1333 1118 et
1358 1049 1476 1119 studia
1498 1048 1652 1135 iuvabit,
1687 1052 1731 1120 ad
1756 1048 1852 1143 hamc
1877 1058 2010 1135 directa
2034 1067 2140 1140 finem
2157 1088 2192 1144 et

251 1152 416 1251 Denique
437 1179 503 1226 suo
532 1155 611 1226 ocio
635 1156 828 1226 consulunt
857 1179 931 1225 non
956 1152 1148 1236 Ecclesiae,
1195 1171 1354 1241 scopum.
1406 1148 1479 1220 Nec
1493 1170 1578 1239 ego,
1604 1176 1683 1222 cnm
1699 1154 2190 1245 lucosasconciliationesde-

141 1257 211 1355 qni
234 1257 457 1351 applaudunt
479 1250 536 1327 his
559 1252 849 1351 sophismatibus.
909 1254 951 1328 ln
977 1251 1043 1328 hos
1065 1279 1146 1325 vere
1194 1264 1321 1336 testor,
1354 1265 1538 1344 propterea
1574 1256 1753 1325 moderata
1795 1262 1960 1350 consilia,
1992 1272 2190 1347 moderatas

145 1360 317 1452 nompetit
352 1358 412 1428 illa
448 1358 669 1430 acerbissima
703 1359 846 1454 querela
878 1350 1147 1431 Andromaches
1194 1352 1387 1423 sententias
1413 1354 1595 1445 improbo,
1633 1359 1692 1425 sed
1716 1364 1933 1452 corruptelas
1952 1371 2068 1440 caveri
2097 1377 2190 1461 volo,

144 1463 242 1556 apud
260 1456 491 1553 Euripidem,
521 1485 629 1555 qnam
651 1463 819 1532 scelerate
836 1458 1023 1531 Menelaus
1042 1459 1145 1527 dece·
1194 1478 1332 1546 semper
1345 1468 1394 1525 est
1411 1457 1752 1541 moderatissimum,
1779 1466 1875 1553 quod
1897 1481 2105 1560 assuerum,
2132 1502 2189 1547 re.

144 1576 263 1659 perat.
313 1559 405 1634 Cum
421 1562 516 1633 enim
533 1562 748 1654 confugisset
763 1563 807 1633 ad
825 1587 940 1649 aram,
965 1587 1011 1631 ne
1027 1586 1047 1631 a
1064 1558 1146 1628 Me-
1193 1568 1266 1641 cte,
1292 1559 1454 1648 proprie,
1479 1560 1662 1651 perspicue
1679 1572 1713 1631 et
1729 1561 1858 1635 diserte
1874 1569 2054 1646 traditum.

138 1652 254 1737 ¹nelao
285 1663 564 1752 interficeretur,
594 1665 692 1737 iubet
722 1666 784 1736 ille
815 1665 948 1735 adferri
974 1664 1143 1733 infantem
1294 1656 1428 1730 Notum
1444 1671 1497 1729 est
1511 1660 1600 1729 illud
1620 1658 1823 1733 Aristotelis
1838 1667 1924 1739 scite
1938 1672 2090 1747 dictum:
2118 1674 2189 1751 hr-

138 1767 263 1845 filium
287 1762 418 1863 Pyrrhi
439 1778 474 1838 et
496 1761 783 1853 Andromaches,
816 1790 966 1861 eamque
987 1766 1085 1835 iubet
1099 1765 1144 1832 ab
1194 1774 1246 1830 tes
1256 1783 1380 1830 omnes
1396 1761 1672 1831 mediocritatem
1681 1766 1862 1858 quandam
1879 1795 2067 1863 quaerere,
2091 1787 2187 1874 qood

143 1894 208 1942 sra
225 1868 466 1941 discedentem
483 1869 599 1938 redire
622 1893 661 1940 ac
676 1892 932 1961 percussorem,
959 1870 1055 1963 quod
1075 1865 1142 1933 nisi
1192 1875 1287 1932 certe
1309 1886 1384 1931 non
1409 1865 1454 1930 de
1473 1864 1592 1953 pravis
1616 1876 1649 1932 et
1669 1868 1846 1958 corruptis
1863 1873 1992 1945 artium
2009 1882 2189 1972 operibus,

141 1972 272 2056 iaciat,
298 1970 455 2041 minatur
469 1993 506 2039 se
522 1970 634 2040 lilium
649 1970 760 2063 ipsius
774 1970 1043 2042 interfecturum
1059 1989 1144 2040 esse.
1191 1964 1253 2033 sed
1269 1964 1361 2032 veris
1377 1964 1647 2054 intelligendum
1662 1980 1723 2036 est.
1777 1967 1819 2039 ln
1835 1965 1898 2042 his'
1905 1990 1957 2047 est
1970 2002 2032 2049 sua
2047 1996 2081 2053 et
2094 1986 2188 2056 veris

137 2070 216 2145 llic
230 2095 399 2163 generosa
414 2085 527 2143 mater
540 2071 604 2141 filii
617 2073 767 2144 salutern
781 2072 966 2163 anteponit
979 2094 1082 2161 suae,
1104 2090 1143 2137 ac
1193 2066 1387 2157 praeceptis
1415 2067 1631 2136 conveniens
1658 2069 1905 2161 mediocritas,
1936 2093 1970 2150 et
1992 2093 2031 2152 ut
2058 2086 2186 2176 dicam,

136 2174 305 2271 ,descedit
322 2174 367 2243 ab
379 2196 452 2246 ara.
505 2170 698 2268 Postquam
714 2174 824 2264 igitur
838 2175 881 2243 ad
902 2194 1142 2267 percussorem
1192 2180 1271 2260 apta
1289 2162 1487 2241 harmonia.
1539 2165 1586 2237 Et
1602 2193 1681 2238 cum
1699 2171 1736 2240 in
1751 2177 1934 2249 sententiis
1950 2189 2186 2261 constantiam

137 2276 258 2363 godis,
291 2274 440 2347 insultat
466 2272 654 2371 Menelaus
676 2277 842 2369 deceptae
867 2274 1019 2348 mulieri.
1079 2270 1144 2356 Tc,
1193 2269 1320 2350 lando,
1346 2292 1420 2338 non
1445 2271 1617 2339 confirmo
1640 2273 1815 2343 melorum
1844 2281 2092 2374 pertinaciam,
2125 2307 2185 2366 aut

129 2370 286 2481 puduit,
311 2375 536 2473 ego-quidem
552 2377 779 2461 interficiam,
803 2378 864 2448 sed
883 2374 1142 2451 inlantemlilia
1192 2372 1419 2461 ingeniorum
1447 2372 1689 2463 petulantiam.
1748 2373 1961 2453 Retineatur
1982 2386 2043 2457 illa
2068 2389 2187 2465 sPla·

127 2468 227 2583 ,paea
248 2470 380 2573 perdet.
438 2474 508 2550 Hic
532 2478 593 2549 illa
616 2480 709 2550 iusto
732 2491 767 2550 et
786 2479 921 2569 ingenti
938 2479 1063 2559 dolore
1079 2477 1144 2547 ad·
1192 2488 1277 2545 tone
1297 2474 1437 2542 laudata
1458 2475 1618 2544 coelestis
1639 2477 1880 2566 mediocritas,
1912 2485 2078 2562 videlicet
2103 2516 2188 2584 geo-

129 2562 238 2677 spata
262 2581 452 2653 exclamat:
486 2573 523 2649 Ο
552 2579 751 2671 dignissimi
779 2581 862 2653 odio
891 2580 1075 2671 Spartani,
1108 2594 1143 2647 et
1192 2575 1355 2658 metrica,
1380 2597 1470 2668 quae
1492 2590 1587 2647 arcet
1612 2580 1839 2672 tyrannidem
1856 2597 1889 2654 et
1912 2587 2054 2661 frenum
2070 2593 2188 2670 iniicit

130 2674 337 2767 execrandi
357 2684 402 2751 ab
426 2680 594 2754 omnibus
619 2677 845 2768 bominibus,
876 2683 1010 2767 dolosi,
1041 2702 1143 2751 men·
1192 2677 1321 2766 vulgo,
1348 2677 1447 2746 iubet
1468 2701 1541 2747 esse
1558 2678 1707 2750 idoneos
1727 2682 1861 2754 iudices
1875 2702 1909 2758 et
1922 2692 2186 2779 gubernatores.

128 2764 332 2877 Morum
348 2777 549 2869 architecti,
572 2784 755 2870 insidiosi,
788 2784 995 2879 flexiloquas
1019 2783 1142 2853 amba·
1192 2776 1299 2847 'l'ales
1317 2793 1528 2869 cognoscant
1550 2782 1731 2869 dogmata,
1757 2808 1797 2854 ac
1812 2787 2008 2866 diiudicent
2029 2821 2071 2867 ex
2084 2802 2187 2889 veris,

128 2874 206 2981 jes
230 2898 428 2981 captantes,
462 2884 560 2956 aliud
585 2886 791 2981 loquentes,
823 2886 919 2957 aliud
939 2886 1142 2962 sentientes,
1191 2880 1296 2950 certis
1317 2895 1351 2951 et
1375 2904 1449 2950 non
1476 2882 1694 2953 calumniose
1710 2887 1856 2958 detortis
1875 2894 2103 2986 testimoniis,
2128 2926 2185 2974 re-

128 2986 241 3091 ¹natale
255 2987 417 3081 pereatis.
469 2985 553 3077 Quo
569 3001 718 3078 possunt
730 2988 868 3061 veriore
884 2986 998 3079 elogio
1009 2985 1142 3055 descri-
1191 2981 1349 3073 primant
1387 2995 1575 3077 tyrannos,
1619 2984 1759 3060 frenent
1800 2992 1996 3079 petulantia
2028 2998 2184 3093 ingenia:

128 3088 183 3183 ,bt
199 3082 311 3161 huius
328 3088 496 3183 temporis
517 3083 713 3182 sophistae,
737 3113 844 3185 qttam
866 3083 924 3158 bis
939 3086 1142 3159 Androma·
1191 3082 1346 3174 denique
1366 3097 1491 3155 mrent
1506 3085 1543 3153 in
1559 3081 1715 3156 Ecclesia
1733 3103 1851 3160 extare
1871 3118 1990 3166 veram
2007 3115 2039 3171 et
2055 3120 2185 3177 certam

133 3184 235 3271 ,chae
255 3188 398 3263 verbis?
450 3187 549 3280 Quid
573 3192 707 3283 precari
732 3190 859 3263 iustius
883 3203 954 3271 est,
976 3213 1082 3285 mam
1101 3198 1143 3259 nt
1192 3185 1411 3266 doctrinam,
1443 3186 1586 3275 proprie
1611 3201 1646 3257 ct
1669 3190 1826 3261 dilucide
1853 3198 2078 3290 explicatam,
2111 3232 2184 3279 non

130 3282 138 3377 ,’
189 3284 379 3365 nservetur
401 3292 583 3364 doctrinae
608 3292 764 3384 puritas,
798 3292 912 3363 deleta
936 3306 970 3363 et
989 3287 1141 3361 extincta
1191 3286 1342 3355 dilutam
1366 3279 1568 3376 sophistica.
1636 3286 1714 3358 Hoc
1745 3305 1820 3361 toto
1846 3311 1987 3384 pectore
2011 3320 2186 3395 optamus,

135 3318 219 3481 ,ῖς
235 3387 439 3488 sophistica.
492 3390 542 3465 Et
554 3409 595 3465 ut
609 3386 862 3465 Andromache
875 3392 954 3464 dira
970 3393 1142 3487 impreca-
1191 3401 1233 3458 nt
1259 3387 1430 3456 tollantur
1457 3410 1497 3456 ex
1524 3382 1677 3457 Ecclesia
1703 3389 1987 3487 εἰδωλομανίαι,
2018 3419 2053 3475 et
2085 3410 2186 3482 Deus

137 3506 214 3597 ,tut
231 3486 499 3591 impostoribus:
524 3494 573 3567 ita
596 3495 780 3568 minantur
795 3495 846 3567 eis
865 3518 995 3590 poenas
1018 3493 1141 3565 divina
1191 3486 1299 3558 Pater
1314 3488 1514 3560 liberatoris
1529 3490 1640 3560 nostri
1658 3488 1735 3563 lesu
1751 3490 1886 3568 Christi
1905 3526 1985 3574 vere
2000 3505 2187 3585 invocetur

132 3596 290 3689 ,oracula
309 3599 404 3690 apud
419 3590 585 3683 Esaiam,
612 3594 685 3670 Vae
699 3598 762 3685 iis,
781 3597 843 3694 qui
866 3597 1000 3669 malum
1017 3596 1143 3668 dicunt
1192 3603 1228 3662 et
1249 3590 1404 3676 colatur,
1437 3603 1477 3662 ut
1496 3592 1628 3682 fulgeat
1642 3588 1776 3666 Christi
1800 3599 1930 3688 gloria,
1956 3620 1996 3677 ut
2017 3612 2123 3683 multi
2138 3619 2183 3686 ad

132 3682 303 3781 honum,
337 3701 500 3772 tenebras
529 3698 655 3774 lucem.
712 3696 811 3772 Ilaec
829 3698 981 3771 fulmina
1006 3696 1141 3777 exusci-
1192 3692 1358 3785 pietatem
1381 3705 1416 3764 et
1435 3692 1584 3766 salutern
1599 3693 1808 3773 invitentur.
1861 3699 1960 3776 llaec
1973 3724 2078 3801 opto,
2103 3739 2184 3787 cum

126 3792 226 3885 tent
240 3825 306 3871 nos
321 3802 367 3871 ad
385 3825 540 3871 amorem
557 3799 736 3885 veritatis,
761 3815 798 3875 et
817 3813 858 3874 ut
876 3824 1000 3872 cavere
1018 3792 1143 3894 sophi·
1188 3796 1330 3867 iocosae
1349 3795 1617 3867 conciliationes
1640 3798 1825 3888 fugiendas
1848 3814 1990 3879 censeo:
2023 3835 2063 3884 ac
2086 3818 2184 3908 prius

127 3898 258 3989 'sticen
275 3900 470 3997 possimus,
494 3902 628 3973 maiore
643 3928 728 3977 curs
742 3903 992 3977 incumbamus
1004 3902 1044 3972 in
1066 3913 1142 3974 sto·
1191 3892 1374 3968 debiscere
1393 3892 1484 3967 mihi
1510 3912 1638 3969 terram
1661 3902 1785 3988 velim,
1818 3914 1933 3995 aarum·
1945 3910 1991 3979 ab
2013 3907 2078 3986 hac
2102 3940 2184 3990 sen.

129 3994 327 4101 'disseras
343 4004 548 4090 doctrinae,
568 4018 601 4076 et
620 4004 837 4078 instruamus
860 4030 900 4078 ac
916 4003 1142 4098 praemunia-
1192 3998 1302 4070 tentia
1322 4000 1486 4072 deducar.
1539 3998 1611 4069 Nec
1628 4025 1749 4072 moror
1765 4018 1824 4075 aut
1846 4003 2097 4099 Theramenis,
2123 4037 2183 4095 aut

124 4094 229 4213 'pua
241 4106 379 4179 mimo,
395 4108 499 4180 recti,
514 4107 709 4181 sententiis,
1191 4100 1364 4172 similium
1378 4101 1528 4185 iudicia,
1555 4101 1617 4195 qui
1631 4103 1812 4176 clamitant
1825 4103 2053 4186 scholasticos
2067 4121 2183 4195 alieno

251 4205 435 4298 Quantum
456 4206 605 4301 periculi
628 4223 698 4294 eat,
725 4208 756 4279 si
781 4208 927 4281 inermia
950 4231 1031 4279 cum
1055 4207 1141 4299 lupo
1193 4202 1352 4296 periculo
1369 4204 1477 4274 fortes
1498 4226 1595 4288 esse,
1619 4204 1680 4296 qtri
1704 4207 1732 4275 si
1754 4232 1826 4278 non
1843 4228 1961 4284 autaut
1980 4213 2047 4289 hoc
2064 4225 2183 4306 decus,

137 4304 317 4400 &nardi
344 4308 452 4391 velis,
484 4323 623 4382 tanturn
656 4312 806 4404 periculi
825 4334 900 4383 esse
924 4310 1079 4394 credite,
1110 4307 1140 4377 si
1192 4316 1233 4374 ut
1248 4327 1313 4396 pro
1328 4304 1501 4394 religione
1522 4303 1676 4396 pericula
1698 4323 1732 4379 et
1746 4309 1885 4383 labores
1902 4318 2098 4406 perierant,
2125 4326 2183 4396 in·

125 4408 226 4493 [sine
257 4410 370 4483 solida
390 4412 591 4482 eruditione
619 4426 752 4483 astutos
781 4414 864 4485 illos
893 4425 929 4485 et
952 4409 1141 4481 insidiosos
1192 4405 1292 4496 digni
1306 4405 1489 4476 iudicandi
1506 4421 1607 4490 sunl,
1633 4408 1771 4501 quinos
1786 4425 1965 4488 tueantur.
2015 4416 2095 4495 Erit
2111 4421 2182 4498 Ec·

133 4498 402 4603 ,halapantam
416 4514 642 4587 adoriamini.
692 4510 740 4587 Et
753 4510 936 4600 Christus,
965 4512 1028 4582 etsi
1044 4511 1142 4582 iubet
1192 4507 1296 4578 clesia
1320 4502 1398 4578 Deo
1421 4528 1544 4590 curae,
1573 4509 1709 4579 etiamsi
1732 4515 1778 4582 ab
1792 4514 1878 4604 ipsis
1897 4521 2031 4590 deserta
2049 4538 2081 4593 et
2098 4550 2183 4617 pro·

131 4610 280 4685 'imitari
302 4615 526 4707 simplicitate
541 4612 835 4702 columbas,'hoc
858 4631 928 4700 est,
955 4615 1049 4685 iubet
1068 4636 1141 4683 esse
1192 4610 1281 4681 iecta
1312 4609 1440 4696 luerit,
1481 4633 1587 4705 quam
1614 4611 1756 4704 quidem
1784 4611 1879 4687 Deus
1909 4620 1986 4691 sine
2019 4618 2183 4701 humanis

130 4704 226 4789 'sine
251 4714 460 4803 virulentia,
491 4731 609 4789 tamen
633 4710 816 4799 hortatur,
850 4729 887 4788 ut
920 4718 1030 4786 simus
1054 4738 1140 4807 pru·
1192 4711 1377 4804 praesidiis
1392 4734 1531 4782 servare
1543 4712 1643 4787 solet.
1695 4711 1789 4786 Dixi.

134 4818 272 4905 ,dentes
294 4818 385 4890 sicut
406 4835 604 4911 serpentes,
637 4814 705 4890 hoc
722 4834 795 4904 est,
819 4819 929 4889 sinsus
955 4817 1082 4888 intenti
1102 4816 1140 4886 iu

135 4914 286 4993 hostem
300 4933 337 4991 et
359 4920 474 5007 cauti,
497 4936 534 4992 ut
556 4944 700 5013 serpens
721 4921 853 4992 dicitur
871 4918 1043 5011 singulari
1057 4931 1143 5004 arte,

140 5035 255 5115 ceput
276 5034 392 5112 tegere
418 5022 455 5091 in
477 5022 720 5093 dimicatione.
772 5020 885 5093 Porro
903 5026 946 5091 ad
971 5019 1143 5090 cavendas
1206 5018 1275 5090 No.
1292 5016 1355 5088 68.

140 5122 316 5205 insidias,
344 5124 544 5194 eruditione
569 5147 659 5216 opus
680 5137 751 5209 est,
784 5138 823 5195 ut
846 5116 1143 5217 pseudographiae
1200 5112 1374 5143 Μ

133 5216 186 5299 'in
213 5224 369 5296 numeris
390 5250 495 5295 nemo
519 5227 676 5297 iudicare
698 5240 829 5318 potest,
857 5226 924 5294 nisi
940 5224 1082 5302 artilex,
1109 5233 1142 5291 et
1318 5218 1394 5303 De
1423 5218 1657 5330 aequilale
1685 5232 1732 5305 el
1764 5224 1862 5309 t'stre
1889 5231 2061 5317 atrs‘oto.
2142 5246 2146 5253 ’

134 5316 199 5401 'its
223 5328 426 5417 dogmatum
441 5328 711 5419 depravationes
726 5328 872 5399 relutari
895 5350 969 5396 non
986 5337 1144 5418 possunt,
1266 5381 1298 5435 ,a
1316 5382 1466 5437 nam
1484 5379 1519 5435 Τ.
1535 5381 1556 5437 Ι·
1573 5398 1601 5452 P·
1612 5382 1689 5447 m..

142 5427 218 5501 nisi
236 5428 404 5520 aperitis.
455 5426 527 5500 Nec
545 5438 628 5501 ve'ro
649 5430 827 5517 dubitate,
860 5431 948 5523 quio
969 5429 1162 5547 plerisque⁸
1298 5449 1425 5507 nawa,
1442 5451 1474 5503 ιι,
1492 5451 1594 5596 ⁹33⁶:

1200 4901 1665 4916 μαψ-ψη-..
1679 4906 1706 4913 -.
1731 4906 1738 4913 .
1756 4907 1766 4914 .

1714 5384 1743 5439 ir
1761 5384 1881 5444 Servent.
1899 5389 1921 5448 l.
1939 5406 1967 5462 p.
1980 5392 2040 5449 Μ.
2066 5406 2093 5450 et
2111 5402 2181 5471 apud
