4664 6022
153 278 242 355 ,198

662 272 825 353 arcu.
859 276 919 352 ru
947 242 1192 353 cauouu
1228 269 1406 351 sarrs
1440 270 1716 352 usercae.

2130 292 2203 372 194

164 448 422 544 suspiciamus,
461 463 523 523 aut
552 446 738 546 pulchrius
765 454 862 547 quod
892 451 1162 543 investigemus,
1212 448 1434 539 godonem,
1462 473 1532 544 qua
1558 445 1651 522 nibil
1675 453 1876 543 cognitione
1904 458 2141 554 splendidius,
2166 484 2202 544 et

160 568 224 625 aut
245 554 439 625 iucundius
456 556 552 648 quod
573 578 837 645 cognoscamus.
888 553 1041 625 Videtur
1064 554 1159 622 euim

161 656 231 750 ipsi
247 670 399 727 naturae
413 657 532 727 studio
546 657 669 744 luisse,
695 680 773 727 rara
791 682 881 751 quae
897 680 979 726 suae
994 657 1157 745 benigni-

161 757 246 831 tatis
262 781 430 842 munera,
455 772 490 829 ct
505 782 579 828 non
595 761 807 831 mediocrem
826 759 912 829 boni
930 758 1018 844 vim,
1044 760 1082 826 iu
1101 759 1159 827 iu·

153 860 263 935 limis
286 854 479 931 herbarum
501 862 668 933 medullis
692 863 885 932 recondere
916 875 950 932 et
972 862 1159 946 occultare,

160 986 236 1057 quo
261 963 377 1031 bonos
391 977 427 1034 et
447 962 577 1032 alacres
597 965 693 1035 viros
718 964 1034 1056 adinquirendum
1053 987 1156 1032 actae·

161 1080 215 1137 ret
250 1078 287 1134 et
322 1088 449 1134 eorum
478 1065 594 1135 studia
628 1080 662 1137 et
702 1066 915 1136 industriam
951 1065 1157 1134 liberalibus

162 1165 336 1261 praemiis
360 1176 618 1237 remuneraret:
653 1170 954 1261 quemadmodum
971 1168 1039 1236 viri
1056 1168 1157 1258 prin-

168 1271 279 1361 cipes,
305 1290 430 1337 eonem
447 1269 568 1340 virtuti
591 1270 652 1362 qai
676 1271 712 1340 iu
736 1271 987 1339 certaminibus
1010 1270 1157 1362 praesti-

165 1384 307 1455 terunt,
332 1371 525 1464 exquisitos
545 1366 699 1442 bonores
722 1367 853 1441 babere
870 1375 994 1442 solent.
1044 1369 1157 1441 Cuius

161 1473 213 1545 rei
229 1473 393 1564 locuples
411 1473 508 1543 testis
521 1471 699 1544 Hesiodus
717 1488 784 1559 est,
812 1475 980 1570 antiquae
996 1474 1076 1542 fidei
1095 1499 1157 1541 va-

161 1590 233 1657 tes,
272 1575 339 1668 qul
368 1575 532 1667 deplorat
553 1572 728 1646 -bomiues
759 1568 941 1665 ignorare,
983 1590 1156 1670 qnantum

161 1680 249 1749 boni
265 1679 305 1746 in
323 1679 439 1746 malva
457 1691 490 1748 et
504 1678 630 1748 albuco
647 1681 868 1749 reconditum
888 1681 944 1754 sit.
995 1676 1041 1747 Et
1057 1677 1157 1747 Mer-

160 1781 285 1851 curius
299 1779 362 1848 ille
377 1778 533 1851 Deorum
550 1783 739 1871 apparitor,
767 1778 883 1874 Ulyssi
898 1782 993 1874 moly
1010 1775 1156 1848 herbam

161 1896 472 1966 commonstrans,
510 1882 626 1974 iuquit
660 1880 867 1952 bominibus
895 1883 1039 1952 difficile
1071 1904 1155 1971 esse,

162 2008 239 2065 eam
262 1976 444 2067 invenire,
470 1984 549 2055 Diis
563 2001 678 2056 autem
698 2010 771 2055 non
791 1986 886 2057 item.
938 1983 1034 2055 Haec
1048 1984 1158 2073 igitur

161 2088 289 2179 procul
312 2089 358 2156 ab
372 2086 533 2157 onmium
551 2088 663 2156 oculis
681 2088 719 2156 in
742 2088 903 2156 extremis
926 2110 1044 2157 rernm
1069 2088 1155 2155 late-

162 2188 235 2259 bris
257 2190 420 2260 abslrusa
447 2189 699 2279 pervestigare,
732 2202 766 2259 ct
789 2213 957 2280 maguum
981 2191 1065 2257 inde
1089 2182 1157 2255 lut·

161 2315 289 2361 manae
312 2290 469 2360 societati
492 2293 646 2362 fructum
674 2307 705 2362 et
736 2292 804 2360 sibi
826 2292 1033 2383 sapientiam
1055 2290 1157 2360 calli-

160 2416 261 2483 gerc,
288 2406 341 2463 est
367 2394 536 2484 praeclari
556 2406 591 2462 ct
614 2396 731 2483 magni
754 2394 834 2467 vici.
887 2394 984 2483 Quid
1006 2417 1088 2460 vero
1113 2395 1157 2460 de

159 2518 382 2586 gemmarum
406 2496 542 2564 naturis
565 2509 598 2565 et
614 2497 803 2566 virtutibus
826 2497 960 2577 alicam,
985 2520 1072 2588 quas
1089 2494 1156 2562 viri

163 2596 300 2668 Medici
327 2597 498 2685 singulari
526 2599 659 2687 ingenii
686 2600 880 2668 acrimonia
901 2615 935 2669 et
955 2597 1156 2666 incredibili

161 2699 341 2771 industria
375 2703 631 2792 perpendentes
660 2700 900 2771 invenerunt?
930 2701 1060 2794 quibus
1083 2713 1155 2769 tam

161 2802 353 2895 splendida
380 2802 434 2870 vis
459 2815 600 2896 tamque
620 2803 908 2895 incomparabilis
925 2805 1038 2873 virtus
1053 2804 1157 2886 inest,

161 2919 199 2977 ul
215 2900 315 2973 nibil
329 2902 374 2973 sit
393 2904 431 2973 in
448 2905 552 2974 rebus
567 2899 750 2986 humanis,
776 2908 871 2998 quod
896 2929 976 2975 cum
995 2904 1040 2973 iis
1057 2929 1154 2974 com-

167 3006 280 3099 parari
298 3005 419 3096 possit.
471 3003 520 3076 Et
536 3032 579 3074 ue
602 3008 742 3097 longior
759 3032 870 3100 aequo
889 3009 974 3092 sim,
1001 3006 1155 3098 reliquas

161 3107 383 3181 naturalium
402 3132 519 3177 rerucn
536 3123 650 3198 partes
668 3111 781 3200 placet
796 3111 937 3178 silentio
955 3109 1156 3200 persteterice,

161 3212 189 3281 si
212 3212 316 3303 prius
331 3213 377 3280 de
402 3204 567 3295 bomine,
601 3213 645 3279 de
669 3238 739 3304 quo
763 3225 876 3281 tacere
900 3211 952 3279 ias
981 3234 1053 3279 csse.
1081 3234 1155 3277 nnn

160 3327 284 3406 puto,
304 3312 473 3394 dixerim,
502 3337 575 3406 quo
602 3336 621 3381 a
645 3327 771 3383 natura
798 3337 871 3380 nou
900 3313 998 3381 aliud
1023 3312 1156 3380 animal

164 3413 297 3484 melius
309 3426 368 3485 sut
382 3415 628 3506 praestantius,
646 3428 708 3484 ant
722 3415 879 3484 divinius
894 3415 1076 3485 conditum
1095 3427 1156 3486 est.

164 3514 225 3587 Ad
248 3538 352 3611 qttetn
373 3516 707 3608 contemplandum,
739 3515 940 3596 Medicina,
974 3539 1064 3609 quae
1087 3509 1155 3583 boc

164 3620 202 3689 iu
222 3620 469 3709 cognomndo
492 3620 689 3688 accuratior
706 3632 741 3689 et
757 3619 964 3708 diligentior
985 3631 1056 3699 est,
1084 3641 1155 3710 quo

162 3721 251 3816 quid
270 3721 500 3790 excellentius
523 3733 556 3790 et
579 3722 730 3790 melius?
763 3746 904 3790 omnem
933 3720 1064 3810 ingenii
1082 3721 1153 3786 viru

165 3840 197 3895 et
219 3822 334 3893 animi
359 3823 470 3894 cohor
491 3824 683 3907 corrvertit,
709 3847 832 3893 omnes
848 3824 922 3891 eius
945 3836 1059 3913 partes
1074 3845 1154 3912 per-

166 3926 302 4009 lustrat,
323 3924 462 4014 singula
479 3928 637 3995 membra
653 3950 809 3994 seorsum
826 3926 971 4016 propius
987 3925 1156 4006 intuetur,

168 4042 196 4097 et
213 4028 289 4099 acri
307 4026 439 4097 iudicio
458 4028 646 4112 examinat,
672 4027 899 4120 singulasque
917 4028 991 4094 eius
1008 4025 1156 4115 angulas

170 4142 343 4222 perreptat
357 4143 393 4199 et
408 4130 599 4217 cognoscit,
626 4141 660 4197 et
677 4130 713 4198 iu
733 4129 933 4221 admirabili
951 4128 1011 4196 illa
1028 4143 1060 4195 et
1077 4128 1156 4195 viva

172 4232 324 4325 corporis
338 4226 485 4300 humani
503 4231 774 4321 compositione,
800 4230 919 4300 onmia
938 4229 1156 4315 singulatim,

175 4336 275 4406 veluti
313 4334 532 4403 luculentum
567 4346 600 4401 et
635 4334 773 4402 illustre
806 4333 939 4401 nobilis
973 4327 1156 4399 architecti

1213 552 1444 645 inquisitione
1470 554 1615 633 melius,
1642 569 1679 627 et
1699 558 1934 631 oblectatione
1953 569 2096 638 suavius
2113 596 2200 641 con-

1211 654 1321 747 sequi.
1374 653 1432 723 De
1446 678 1514 747 qua
1531 680 1636 748 quam
1654 654 1848 730 bortorifice
1862 678 1998 737 veteres
2011 670 2084 752 illi,
2112 674 2200 759 veri,

1210 755 1322 826 sancti
1347 769 1381 828 et
1404 758 1580 847 sapientes
1605 754 1767 831 homiues
1791 762 2000 855 iudicarint,
2028 772 2106 843 luce
2127 777 2200 846 cla-

1209 859 1285 928 rius
1302 869 1365 931 est.
1414 855 1592 929 Homerus
1615 861 1711 932 enim
1735 876 1832 935 vates
1852 867 1927 938 siue
1946 873 2056 944 dubio
2078 900 2198 948 rerum

1210 955 1447 1030 humanarum
1467 962 1718 1051 peritissimas,
1743 991 1854 1035 tratrem
1877 968 2077 1061 Medicum,
2100 983 2198 1049 mul·

1207 1063 1253 1131 tis
1276 1063 1354 1130 aliis
1372 1057 1578 1134 homiuibus
1602 1081 1775 1155 praestare
1797 1074 1951 1144 censuit:
1977 1084 2072 1170 quod
2090 1078 2197 1155 Poeta

1208 1163 1371 1232 acerrimi
1390 1164 1514 1234 iudicii
1530 1191 1713 1260 uunquam
1733 1171 1892 1255 elimasat,
1919 1178 1946 1244 si
1967 1204 2037 1249 uon
2054 1182 2199 1258 vidisset

1207 1280 1346 1336 tantum
1372 1282 1535 1356 oportere
1558 1271 1668 1339 tribui
1696 1285 1765 1341 tam
1791 1274 1940 1362 eleganti
1958 1305 2075 1351 rerum
2094 1302 2199 1356 natu-

1207 1392 1267 1437 rae
1291 1369 1498 1458 cognitioni.
1552 1369 1649 1459 Quid
1671 1377 1765 1466 quod
1784 1372 1940 1447 Homero
1964 1408 2035 1453 non
2058 1399 2197 1457 tantum

1208 1472 1437 1556 vetustiores,
1462 1473 1520 1540 scd
1539 1474 1644 1542 etiam
1661 1477 1840 1565 graviores
1855 1480 1940 1563 viri,
1971 1482 2122 1557 Medicis
2139 1491 2196 1557 di-

1208 1573 1312 1640 viuos
1333 1567 1488 1642 bonores
1511 1570 1736 1667 babuerunt,
1761 1604 1891 1673 eosque
1917 1586 2143 1659 beneficentia
2164 1608 2199 1662 ct

1207 1675 1327 1744 studio
1349 1676 1386 1742 iu
1411 1698 1598 1746 numerum
1622 1676 1779 1749 Deorum
1803 1686 2032 1763 sustulerunt.
2089 1691 2198 1781 Quod

1208 1778 1362 1865 graviter
1392 1778 1536 1870 quidem
1569 1780 1622 1847 illi
1656 1797 1688 1851 et
1716 1798 1918 1856 constanter
1947 1791 2104 1863 iecerunt
2138 1796 2198 1888 (ut

1208 1902 1330 1947 cortem
1355 1880 1487 1950 ferebat
1513 1883 1655 1974 religio)
1680 1885 1884 1959 iudicabant
1906 1892 2002 1963 euim
2029 1895 2081 1963 illi
2105 1891 2197 1968 banc

1208 1981 1416 2071 sapientiam
1454 2007 1526 2053 non
1563 1980 1773 2071 humanam,
1806 1992 1865 2058 sed
1895 1994 2077 2065 coelestem
2115 2023 2198 2083 esse,

1208 2106 1298 2174 quae
1314 2095 1385 2152 tam
1402 2107 1547 2153 arcanas
1564 2110 1684 2156 rerum
1701 2089 1866 2176 virtutes,
1895 2094 1932 2162 in
1953 2096 2038 2188 ipsis
2052 2114 2198 2172 naturae

1208 2185 1308 2254 venis
1332 2187 1532 2256 reconditas
1554 2201 1588 2256 et
1608 2185 1786 2259 abstrusas
1812 2196 1993 2277 evolvere,
2020 2213 2053 2269 et
2076 2201 2114 2271 in
2141 2204 2198 2272 lu-

1208 2309 1282 2355 cem
1301 2288 1457 2378 proierre
1475 2302 1606 2379 posset,
1633 2314 1748 2383 neque
1761 2287 1929 2381 hominis,
1955 2303 2013 2368 sed
2030 2298 2095 2371 Dei
2114 2329 2198 2392 esse,

1209 2401 1304 2459 tanta
1324 2383 1531 2459 bominibus
1549 2396 1733 2461 commoda
1754 2397 1900 2467 adferre.
1935 2398 2055 2489 Quare
2070 2409 2196 2477 merito

1208 2493 1302 2582 apud
1320 2514 1379 2561 eos
1395 2492 1433 2561 iu
1452 2493 1577 2561 divino
1592 2488 1728 2563 bonore
1746 2513 1864 2582 erant,
1890 2524 1908 2569 a
1926 2504 2057 2594 quibus
2074 2509 2196 2579 divina

1210 2594 1375 2662 beneficia
1393 2595 1645 2684 percipiebant.
1697 2594 1768 2666 Eos
1781 2624 1883 2685 vero,
1910 2605 1971 2694 qui
1988 2609 2032 2674 cle
2047 2608 2123 2679 iure
2141 2637 2196 2679 re-

1208 2696 1451 2785 spondebant,
1480 2698 1672 2787 plurimum
1697 2702 1985 2796 adrnicabaatur‚
2014 2723 2046 2779 et
2069 2715 2196 2783 asserito

1208 2798 1371 2890 quidem,
1406 2799 1485 2891 quis
1505 2799 1600 2867 euim
1619 2814 1689 2870 tam
1712 2818 1849 2872 sanctos
1866 2806 2018 2878 iustitiae
2036 2818 2198 2885 custodes

1207 2924 1282 2969 non
1306 2901 1577 2990 magnifaceret?
1628 2900 1697 2972 Sed
1730 2917 1846 2974 tamen
1874 2932 1977 2978 uento
1999 2914 2113 2982 ullum
2138 2916 2198 2986 lu-

1208 3002 1413 3092 risperitum
1437 3006 1533 3070 eaelo
1557 3004 1722 3093 dignatus
1744 3020 1813 3092 est,
1834 3034 1955 3079 verum
1980 3013 2023 3082 iis
2044 3042 2197 3110 quorum

1208 3127 1333 3192 taragna
1348 3117 1383 3173 et
1398 3105 1546 3186 celebris
1562 3105 1715 3176 iustitiae
1731 3122 1762 3178 et
1778 3113 1963 3202 aequitatis
1979 3117 2102 3208 opinio
2118 3121 2198 3213 luit,

1208 3201 1298 3275 banc
1311 3202 1532 3296 provirtciam
1552 3208 1767 3291 detulerunt,
1789 3227 1828 3281 ut
1846 3217 1937 3300 apud
1956 3217 2088 3289 inferos
2106 3222 2198 3293 inter

1209 3309 1351 3378 umbras
1384 3331 1504 3376 causas
1528 3325 1789 3397 cognoscerent.
1857 3312 1910 3381 De
1938 3314 2197 3393 Mtbematicis

1209 3422 1365 3478 veterum
1390 3408 1562 3478 iudicium
1588 3410 1692 3479 etiam
1711 3412 1842 3481 salariis
1860 3430 2022 3486 testatum
2040 3435 2108 3507 est,
2135 3427 2195 3519 qui

1205 3504 1416 3581 Promethea
1441 3510 1600 3579 nobilem
1624 3535 1707 3581 sane
1728 3509 2017 3588 Mathematicum
2040 3520 2197 3598 Caucaso

1206 3613 1416 3702 alligarunt,
1450 3613 1483 3682 ei
1498 3636 1563 3704 pro
1580 3608 1823 3686 honestissima
1845 3619 2033 3711 disciplina
2055 3630 2198 3715 tradita,

1207 3714 1471 3786 solicitudinem
1487 3727 1522 3786 et
1539 3717 1714 3785 miseriam
1733 3734 1951 3808 reponentes.
2004 3724 2125 3821 Neque
2141 3725 2197 3802 bis

1207 3817 1322 3888 maior
1336 3811 1454 3886 honor
1467 3812 1695 3909 Philosopbis
1711 3813 1864 3893 babitus.
1916 3821 2009 3895 Hinc
2024 3830 2196 3900 nimirum

1209 3919 1324 4010 palam
1355 3936 1425 3998 est,
1464 3918 1559 3989 iuter
1585 3915 1849 3991 honestissimas
1866 3923 2070 4018 disciplinas
2097 3935 2198 4025 prin-

1208 4022 1321 4112 cipem
1346 4021 1464 4089 locum
1485 4035 1617 4091 veteres
1642 4020 1842 4095 Medicinae
1863 4028 2017 4115 dedisse,
2044 4045 2083 4102 ut
2106 4035 2199 4106 inte-

1208 4125 1276 4193 rim
1301 4134 1431 4191 taceam
1448 4119 1652 4207 Graeciam,
1681 4148 1761 4193 curu
1780 4128 1878 4195 omui
1898 4152 2024 4217 genere
2040 4135 2199 4230 discipli-

1209 4250 1336 4295 narum
1362 4222 1513 4292 maxime
1536 4224 1694 4310 lloreret,
1723 4223 1932 4319 Hippocrati
1958 4258 2017 4304 eos
2046 4230 2199 4310 bonores

1208 4323 1392 4405 habuisse,
1420 4348 1509 4417 quos
1524 4326 1623 4416 prius
1636 4324 1783 4398 Herculi
1799 4347 1954 4402 monstra
1979 4338 2119 4408 tollenti
2137 4344 2199 4409 de-

1209 4431 1346 4500 tulerat.
1398 4422 1451 4495 Ex
1474 4452 1544 4519 quo
1569 4426 1770 4515 Medicinae
1797 4433 1950 4522 dignitas
1972 4452 2005 4508 et
2030 4442 2199 4526 splendor

1208 4527 1385 4601 aestimari
1405 4530 1528 4612 debet,
1553 4554 1633 4599 cum
1657 4554 1695 4599 ea
1715 4535 1828 4621 regio,
1856 4560 1945 4627 qum
1967 4540 2016 4607 sic
2036 4541 2120 4609 viris
2144 4566 2199 4609 sa·

1208 4633 1388 4725 pientibus
1406 4632 1620 4720 praestabat,
1645 4633 1694 4701 sic
1717 4636 1931 4725 optimarum
1960 4664 2076 4708 rerum
2103 4643 2199 4711 iudi-

1209 4737 1263 4805 cio
1278 4733 1452 4825 pollebat,
1474 4731 1691 4801 Medicinam
1713 4749 1781 4803 tam
1804 4740 1984 4829 exquisitis
2002 4736 2198 4817 lrauoribas

117 4452 148 4539 q,
178 4438 366 4506 aedilicium
396 4436 569 4529 perquirit
605 4449 638 4505 et
667 4435 828 4527 inspicit,
873 4435 994 4526 ibique
1016 4447 1095 4523 apte
1121 4445 1156 4501 et

117 4584 136 4623 ,
180 4538 344 4629 eleganter
356 4538 525 4628 disposita
542 4538 749 4621 admiratur,
775 4539 804 4605 si
820 4561 911 4630 quae
924 4536 1050 4604 vitium
1066 4535 1156 4601 lece-

117 4678 140 4724 2
182 4656 266 4726 mut,
293 4652 411 4724 notat,
439 4653 623 4732 totumque
646 4634 713 4708 boc
737 4640 869 4708 animal
891 4641 933 4707 ad
954 4662 994 4705 eo
1018 4636 1155 4726 perple-

129 4744 143 4833 ς’
183 4762 247 4811 xnus
262 4758 297 4815 et
311 4743 516 4827 sinuosum,
535 4755 666 4811 utnon
689 4742 819 4810 iniuria
837 4741 981 4810 Momus
1003 4739 1033 4807 ei
1059 4736 1157 4805 ien'e-

122 4854 142 4927 ..ὲ
185 4855 255 4915 stras
278 4847 462 4915 addendas
480 4844 674 4928 censuerit,
699 4867 770 4936 quo
787 4867 825 4912 ea
842 4866 931 4935 quae
945 4841 1042 4911 intus
1063 4852 1156 4918 scint,

117 4982 144 5035 ς
185 4949 326 5035 toguosci
345 4960 500 5038 possent,
528 4947 661 5040 lynceis
676 4946 789 5014 oculis
805 4945 981 5036 perspicit.
1033 4936 1073 5012 Si
1089 4942 1155 5029 igi-

135 5054 145 5141 μ’,
187 5050 345 5145 torquis,
375 5051 472 5143 quod
504 5044 783 5137 pulcherrimum
813 5060 845 5115 et
869 5043 1156 5115 honestissimum

120 5150 145 5233 ἑ
186 5162 238 5227 ‘lb
260 5153 487 5244 semetipsum
504 5151 600 5220 intus
616 5165 649 5220 et
665 5151 701 5217 in
721 5163 799 5217 cute
819 5170 1027 5237 cognoscere
1049 5145 1157 5233 cupit,

188 5250 278 5325 aelati
303 5248 549 5348 labyrinthum
573 5254 812 5343 ingressurus,
847 5250 1063 5318 Medicinam
1089 5252 1156 5314 du·

120 5416 139 5437 ,
188 5368 260 5439 tem,
281 5380 348 5427 ceu
363 5353 493 5424 'l'besei
508 5354 625 5438 filum,
649 5368 832 5446 sequetur,
855 5355 882 5420 si
898 5374 1017 5421 errore
1035 5350 1156 5439 impli-

117 5464 147 5543 ,ς’
189 5457 242 5522 tari
271 5472 305 5528 et
329 5482 350 5527 a
372 5482 455 5528 vero
479 5458 606 5525 deduci
628 5479 700 5526 non
723 5455 827 5539 velit,
865 5467 898 5522 et
921 5453 1071 5520 minimo
1093 5474 1156 5519 ue-

143 5572 148 5665 ξ
224 5560 394 5629 lteram.
421 5564 525 5632 Orsa.
554 5551 635 5629 Vos.
664 5562 729 5628 Xl.

1211 4834 1406 4916 exornarit,
1433 4850 1472 4903 ut
1496 4833 1666 4923 dignitate
1688 4837 1791 4905 etiam
1808 4835 1996 4909 Herculem
2020 4844 2198 4917 minorum

1209 4938 1366 5030 gentium
1383 4933 1497 5004 Deum
1519 4939 1741 5029 adaequaret.
1802 4935 1849 5007 Et
1866 4955 1902 5010 ut
1923 4937 2124 5033 honestate,
2151 4953 2199 5020 ita

1210 5055 1243 5111 et
1267 5040 1418 5110 utilitate
1441 5051 1474 5105 et
1499 5038 1686 5106 derleediue
1710 5040 1856 5133 reliquis
1874 5044 2073 5136 disciplinis
2098 5077 2199 5135 prae-

1209 5158 1288 5213 stat.
1340 5137 1650 5227 Quemadmodum
1676 5141 1770 5209 euim
1796 5142 1831 5208 iu
1849 5141 1994 5219 Platone
2017 5163 2047 5218 et
2067 5136 2200 5221 Deam-

1209 5242 1351 5326 stbene,
1392 5256 1424 5310 et
1454 5240 1609 5308 eiusdem
1634 5256 1796 5311 monetae
1828 5247 1929 5316 tanis
1957 5252 2200 5339 scriptoribus,

1209 5372 1282 5415 uon
1306 5356 1441 5414 tautum
1465 5364 1589 5430 magua
1614 5344 1775 5411 maiestas
1807 5358 1840 5414 et
1872 5349 1997 5438 ingens
2029 5357 2201 5425 sermonis

1210 5449 1398 5542 splendor,
1424 5447 1484 5513 sed
1516 5445 1620 5511 etiam
1645 5440 1904 5535 pulcherrimus
1928 5454 2062 5522 l'ructus
2089 5469 2121 5525 et
2143 5457 2201 5525 in-

1509 5540 1586 5615 ‘ts
