4620 6008
494 345 658 423 unct„
707 343 782 423 DE
814 339 1157 419 DIGNITATE
1189 336 1409 417 LllGUM.
1902 346 1979 423 858

753 542 800 581 an.
825 518 921 584 1538.
983 509 1089 593 dam,
1121 506 1331 578 Romanum
1354 507 1411 578 ius
1431 509 1642 579 antecellere
1664 509 1802 602 legibus
1826 513 1978 585 aliarum

753 608 926 639 Μ
982 610 1161 702 gentium,
1183 606 1236 679 ¹et
1267 633 1349 680 vere
1381 612 1561 705 quandam
1590 607 1861 706 Philosophiam
1893 640 1977 691 esse.

156 723 233 808 De
263 722 499 833 dignitate
529 722 701 831 legum,
973 712 1066 815 ,Scio
1092 712 1190 782 enim
1213 724 1297 782 ante
1311 712 1449 807 aliquot
1466 736 1597 800 annos,
1631 719 1809 809 quendam
1833 716 1978 790 ludaico

984 814 1127 905 ingenio
1143 814 1358 906 praeditum,
1383 816 1605 886 contendisse
1626 811 1685 888 hic
1703 819 1809 891 etiarn
1825 820 1979 912 publice,

125 902 183 960 ³⁸²
203 897 288 1021 iiii.
297 914 329 1040 ξ’,
340 894 771 1038 {ggss‘l‘lgffssffifflffi
781 889 936 1032 hibin-⁹
983 942 1057 987 non
1075 917 1180 987 licere
1192 912 1407 988 Christianis
1419 911 1576 988 Ethnico
1590 910 1669 989 itire
1682 923 1747 1009 nti,
1774 923 1856 1015 qnia
1870 919 1979 994 Chri-

125 979 202 1095 iiiii
220 1037 301 1105 Myttt
321 1035 445 1089 chronol.
464 1036 632 1106 scriptorum
652 1033 719 1088 Met.
737 1052 782 1088 an.
798 1032 874 1085 lass.
895 1039 936 1085 es
982 1020 1117 1091 stianos
1138 1032 1300 1112 oporteat
1321 1020 1431 1089 verbo
1447 1020 1518 1091 Dei
1536 1022 1741 1111 grabernari.
1789 1023 1916 1096 Postea
1938 1025 1977 1094 in

125 1130 150 1165 ⁸·
185 1106 276 1165 ΝΜ
292 1106 379 1160 ’Μ’
394 1116 550 1177 ‚egumeno
565 1103 806 1160 '⁵³·¹¹¹f‘⁸'⁶⁸⁰·
822 1099 899 1155 ¹⁵⁴³·
983 1122 1136 1214 publicis
1167 1121 1401 1193 concionibus
1436 1124 1654 1195 damnabant
1680 1127 1758 1196 eius
1790 1139 1978 1197 sectatores

984 1249 1135 1318 poenam
1156 1224 1323 1295 usitatam
1345 1225 1452 1311 furti,
1477 1237 1511 1296 et
1532 1226 1701 1323 pleraque
1723 1229 1792 1299 alia
1817 1230 1977 1300 instituta

983 1327 1101 1399 civilia
1119 1327 1261 1420 imperii
1279 1322 1410 1398 borum
1426 1341 1640 1421 temporum.
1691 1329 1805 1402 Porro
1822 1328 1888 1401 hae
1910 1332 1979 1403 tri·

125 1437 197 1507 rita
216 1435 341 1506 utilius
357 1445 427 1516 est,
454 1455 560 1525 quam
577 1430 732 1499 inserere
752 1440 858 1520 atque
875 1423 933 1493 in·
983 1430 1143 1500 bonitiae
1166 1430 1285 1520 legum
1307 1430 1555 1521 abrogationes
1577 1445 1613 1502 et
1633 1432 1788 1505 iniustae
1810 1448 1914 1521 sunt,
1943 1447 1978 1506 et

126 1539 235 1611 nimis
259 1539 390 1608 bonam
414 1549 449 1606 et
471 1529 703 1603 honorificam
726 1530 933 1621 opinionem
983 1532 1192 1603 concutiunt
1216 1529 1377 1623 Respub.
1408 1547 1451 1604 nt
1484 1547 1631 1604 eventus
1656 1535 1694 1604 in
1725 1536 1789 1606 illo
1823 1536 1978 1607 terribili

125 1666 173 1714 ns.
223 1640 297 1711 Nec
318 1640 394 1709 nlla
426 1637 540 1706 maior
567 1648 621 1706 est
644 1634 738 1705 vitae
763 1655 803 1702 ac
825 1629 935 1700 morti
984 1648 1083 1705 motu
1105 1634 1204 1724 vulgi
1227 1648 1310 1705 ante
1329 1659 1443 1705 annos
1466 1636 1637 1707 tredecim
1659 1639 1828 1710 ostendit.
1884 1638 1979 1711 Sunt

126 1803 130 1831 ‚
153 1768 263 1840 quam
286 1742 500 1813 assuefacere
517 1738 657 1807 animos
673 1738 720 1806 ad
738 1736 833 1823 leges
848 1756 934 1804 con·
983 1749 1018 1807 et
1040 1731 1148 1806 hodie
1172 1737 1212 1806 in
1234 1737 1545 1809 administratione
1563 1740 1745 1811 civitatum
1767 1764 1842 1811 non
1861 1741 1977 1833 pauci,

126 1862 221 1920 saut
238 1845 465 1916 cavillandas.
517 1839 614 1911 Haec
637 1862 740 1930 saepe
762 1835 935 1907 inculcari
983 1863 1137 1933 quorum
1175 1840 1412 1910 conscientiae
1453 1842 1708 1933 superstitiosis
1744 1843 1979 1936 opinionibus

126 1953 196 2025 tiae
220 1973 299 2021 curn
318 1948 363 2016 sit
385 1945 635 2022 utilissimum,
661 1954 756 2011 recte
778 1939 854 2009 lieri
878 1938 935 2007 iu·
984 1942 1207 2026 cruciantur,
1237 1942 1416 2035 quianon
1441 1955 1534 2013 recte
1557 1944 1739 2016 institutae
1761 1960 1845 2016 sunt
1862 1948 1907 2017 de
1921 1969 1980 2016 re·

126 2056 165 2127 od
184 2055 224 2123 in
250 2047 306 2121 his
329 2048 595 2141 promotionum
610 2043 818 2137 spectaculis
831 2063 935 2131 saepe
984 2067 1063 2114 rum
1084 2043 1312 2135 politicarum
1333 2067 1413 2115 neu.
1462 2043 1536 2115 Nec
1557 2039 1597 2114 hi
1619 2071 1757 2119 errores
1783 2073 1880 2119 nnnc
1904 2048 1980 2140 pri-

126 2170 314 2251 punentum
344 2155 387 2223 de
412 2151 585 2241 dignitate
606 2146 726 2238 legum
751 2145 933 2236 repetitur.
983 2170 1082 2219 mum
1098 2160 1304 2230 nascuntur,
1330 2159 1446 2216 vetera
1464 2143 1728 2219 Monachorum
1745 2151 1979 2221 deliramenta

126 2256 294 2333 lanestius
309 2269 380 2340 est,
408 2279 515 2347 quam
535 2251 736 2343 praedicare
754 2261 789 2320 et
805 2266 935 2317 ornare
983 2261 1087 2334 sunt,
1119 2273 1208 2341 quae
1230 2246 1406 2319 Diabolus
1429 2272 1526 2318 nunc
1547 2250 1645 2320 velut
1678 2252 1831 2343 sopitum
1861 2253 1979 2341 ignem

126 2416 137 2451 ,
160 2377 194 2434 et
209 2364 254 2431 ad
271 2384 391 2429 earum
414 2381 532 2427 rerum
549 2353 769 2425 intellectum
784 2363 822 2420 et
834 2372 936 2419 reve·
984 2374 1108 2421 rursus
1126 2351 1306 2436 exuscitat,
1331 2365 1373 2422 ιιι
1389 2351 1480 2420 solet
1494 2354 1633 2421 easdem
1651 2348 1811 2425 haereses
1824 2355 1979 2425 subinde

126 2466 298 2539 suscitare
313 2460 513 2552 imperitam
530 2455 821 2537 adolescentiam,
845 2474 936 2545 quae
987 2477 1172 2524 renovare.
1224 2452 1345 2543 Quare
1374 2454 1517 2546 prodest
1541 2454 1688 2525 iuvenes
1709 2457 1921 2543 admonere,
1944 2470 1980 2528 et

127 2573 168 2642 ita
183 2564 416 2639 utilissimae?
441 2559 516 2633 Ant
531 2582 683 2654 quarum
701 2579 820 2627 rerum
837 2578 935 2623 com·
985 2570 1026 2627 nt
1050 2558 1096 2625 de
1121 2549 1188 2624 hac
1215 2555 1422 2649 quaestione
1447 2555 1578 2627 rectius
1601 2557 1780 2641 iudicent,
1814 2573 1851 2632 et
1873 2573 1914 2630 ut
1940 2559 1978 2629 in

144 1271 207 1343 De
232 1267 422 1370 dignitate
448 1267 572 1367 legum
593 1271 726 1339 oratio.

127 2694 197 2743 one
230 2669 348 2763 potius
380 2687 571 2759 personare
596 2663 783 2732 doctorum
816 2669 936 2729 coetus
984 2658 1211 2748 dogmatibus
1233 2657 1433 2729 iudicandis
1456 2681 1560 2729 verae
1579 2655 1760 2731 Ecclesiae
1788 2661 1980 2732 sententias
2104 2708 2110 2715 -

127 2798 222 2872 qnam
237 2768 294 2843 his
310 2768 552 2851 sermonibus,
577 2764 640 2859 qni
656 2772 804 2854 prosunt
817 2761 862 2830 ad
875 2782 935 2828 or·
985 2759 1185 2831 consulant.
1225 2755 1280 2830 Ac
1296 2760 1452 2851 primum
1468 2761 1603 2832 diluam
1619 2776 1866 2853 argumentum
1881 2764 1981 2857 quod

127 2878 261 2965 :loriam
275 2873 363 2956 Dei,
381 2885 415 2942 et
429 2872 473 2939 ad
488 2867 713 2959 disciplinam
730 2861 937 2946 iuventutis,
986 2863 1200 2956 opponitur,
1234 2857 1459 2935 Christianos
1487 2865 1682 2953 gubernari
1711 2866 1842 2936 debe„
1871 2864 1979 2935 verbo

127 3004 146 3051 n
172 3003 252 3050 cnm
273 2978 501 3046 indoctorum
523 2970 749 3042 etmalorum
771 2986 936 3054 congres-
986 2964 1072 3051 Dei;
1096 2988 1206 3058 quare
1221 2967 1455 3048 contendunt,
1479 2988 1570 3058 opus
1586 2990 1661 3039 esse
1676 2968 1851 3060 scriptura
1868 2967 1908 3037 in
1925 2967 1981 3038 iu-

126 3087 200 3154 lent
217 3078 382 3151 convitiis
403 3074 545 3165 legum?
581 3067 635 3145 Ac
655 3065 744 3140 mihi
771 3091 874 3159 saepe
896 3067 935 3135 in
986 3067 1088 3139 diciis
1112 3066 1289 3139 civilibus.
1339 3064 1515 3159 Expedita
1539 3083 1576 3140 et
1599 3069 1706 3162 plana
1731 3071 1913 3164 responsio
1930 3082 1983 3141 est

127 3185 228 3265 enit,
254 3178 340 3254 baec
360 3177 515 3251 convitia
532 3198 606 3244 non
629 3186 768 3242 tantum
791 3194 832 3239 ex
847 3191 933 3262 qua·
987 3173 1031 3240 de
1055 3169 1233 3260 corporali
1254 3169 1344 3249 vita,
1369 3182 1409 3243 ut
1433 3171 1478 3239 de
1499 3171 1605 3255 cibis,
1638 3172 1836 3258 medicina,
1863 3167 1982 3242 archi-

127 3289 227 3359 innm
246 3283 385 3357 iusticia
406 3295 468 3351 ant
493 3275 733 3369 imprudentia
748 3272 849 3357 oriri,
874 3271 935 3339 sed
986 3272 1170 3344 tectonica.
1213 3266 1436 3341 Christianos
1447 3273 1553 3342 ctiam
1567 3273 1760 3361 gubernari
1775 3276 1885 3344 verbo
1899 3273 1983 3359 Dei,

127 3389 279 3463 Diabolo
303 3401 472 3477 tanquam
493 3379 629 3472 spicula
655 3378 701 3447 ad
729 3373 937 3446 sanciendas
985 3376 1046 3445 sed
1063 3372 1239 3462 generali,
1264 3396 1336 3464 quo
1350 3373 1437 3443 sinit
1452 3396 1554 3445 usnm
1571 3370 1699 3444 harum
1716 3399 1836 3445 rernm
1850 3399 1982 3469 appro-

128 3509 217 3578 nes,
236 3506 278 3562 ut
293 3491 409 3579 legum
428 3480 623 3556 reverentia
641 3478 875 3568 extinguatur,
902 3487 938 3545 et
987 3478 1108 3548 batum
1124 3496 1197 3545 esse
1211 3497 1231 3544 a
1248 3471 1336 3557 Deo,
1357 3472 1430 3542 imo
1445 3467 1511 3544 has
1526 3475 1619 3567 ipsas
1632 3499 1689 3547 res
1702 3472 1772 3547 Dei
1788 3478 1881 3548 dona
1896 3502 1982 3563 esse,

129 3593 317 3686 dissipatio
340 3587 568 3678 disciplinae,
600 3606 691 3676 qnae
716 3596 749 3653 et
770 3576 935 3669 religioni
987 3578 1129 3650 condita
1147 3577 1192 3646 ad
1207 3597 1310 3646 nsum
1327 3586 1501 3648 nostrum.
1552 3574 1740 3651 Caeterum
1759 3592 1802 3651 ut
1822 3581 1981 3650 mediet„

128 3698 243 3770 illitati
260 3691 440 3766 communi
457 3700 593 3761 noceat.
644 3682 711 3755 Est
733 3696 853 3755 antem
868 3704 937 3750 no·
987 3706 1050 3754 seu
1071 3675 1285 3751 architectus
1303 3700 1379 3748 non
1400 3694 1547 3751 sumunt
1562 3696 1747 3773 praecepta
1763 3704 1908 3753 suarum
1922 3707 1982 3753 ar-

128 3819 228 3895 uque
250 3796 380 3880 officii,
411 3791 582 3864 revellere
604 3788 665 3858 illa
689 3786 845 3879 spicula,
869 3776 937 3853 hoc
987 3785 1077 3855 tium
1100 3780 1369 3872 exscriptoris,
1395 3781 1446 3852 ita
1473 3805 1539 3853 nec
1560 3782 1796 3873 legislatorem
1812 3786 1857 3854 de
1876 3785 1982 3855 rebus

128 3930 144 3977 s
169 3899 416 3996 persuasiones
441 3918 482 3967 ex
508 3892 637 3963 animis
653 3885 870 3971 ¹hominnm,
903 3899 938 3955 et
987 3884 1142 3978 politicis
1157 3907 1248 3976 opus
1262 3896 1332 3969 est,
1357 3896 1496 3975 praeter
1512 3886 1711 3975 generalem
1727 3886 1896 3976 regulam,
1921 3910 1982 3957 su.

128 4013 224 4090 ione,
259 4017 335 4073 tum
356 3997 525 4091 exemplis
546 3995 725 4065 illustrare
747 4004 853 4084 atquc
876 4011 937 4056 or·
988 4012 1083 4059 mere
1098 3986 1211 4080 ipsam
1227 3999 1339 4056 artem
1353 4010 1394 4056 ex
1408 3987 1596 4078 scriptura.
1636 3985 1727 4057 Nam
1744 3984 1980 4079 Evangelium

128 4137 158 4180 ω
182 4132 222 4179 ³⁰
244 4105 332 4176 5⁰5⁸
346 4101 575 4191 ἆῖἔῦῑῑῆῖθῐῦ,
600 4121 639 4166 ³⁶
661 4094 814 4165 relinere
831 4088 937 4162 disci·
987 4115 1068 4163 cnm
1094 4089 1238 4183 proprie
1264 4088 1497 4160 concionetur
1516 4091 1562 4160 de
1583 4101 1724 4160 aeterna
1749 4104 1782 4160 et
1803 4090 1982 4183 spirituali

128 4224 275 4285 uantum
299 4226 496 4300 possumus.
556 4197 648 4270 Cum
678 4197 788 4286 igitur
807 4194 847 4263 in
869 4188 937 4263 hoc
987 4196 1079 4279 vita,
1105 4216 1179 4264 non
1194 4203 1330 4276 mutat,
1355 4213 1429 4259 non
1452 4190 1615 4265 labefacit
1636 4193 1899 4278 oeconomiam,
1921 4206 1983 4263 aut

128 4341 134 4385 ι
154 4316 211 4384 vir
236 4310 450 4381 clarissimus
471 4301 517 4374 Ι).
532 4301 667 4374 Doctor
682 4297 937 4391 Hieronymus,
987 4295 1169 4390 politicam
1185 4293 1312 4376 vitam,
1338 4316 1429 4387 quae
1447 4294 1587 4365 cottam·
1599 4295 1645 4366 gd
1664 4294 1850 4367 tumim,
1864 4295 1982 4365 cordis

128 4417 268 4489 tsolutn
286 4424 431 4506 propter
445 4405 613 4477 beneficia
630 4425 721 4496 quae
735 4402 774 4470 in
789 4422 847 4469 me
862 4396 939 4489 pri-
988 4411 1127 4482 motus,
1152 4394 1343 4488 persimilis
1365 4407 1417 4466 est
1438 4397 1574 4471 domni.
1610 4394 1769 4469 Utenim
1783 4400 1912 4467 domu,
1930 4410 1982 4466 032

129 4520 226 4592 ttulit
248 4516 420 4609 plurima,
445 4512 504 4580 sed
530 4507 635 4580 etiam
657 4516 809 4597 propter
824 4499 939 4571 excel·
988 4496 1160 4591 singulari
1182 4510 1257 4568 arte
1280 4511 1455 4583 extructa,
1476 4510 1557 4590 apte
1579 4499 1792 4589 contignatis
1813 4498 1981 4569 omnibus

129 4636 259 4695 “utem
274 4633 309 4689 ⁸²
322 4615 520 4686 d⁰⁰i¹l¹¹³¹¹¹
537 4631 701 4693 venem,
717 4620 752 4679 el
768 4617 936 4696 linquam
988 4603 1168 4697 partibus,
1193 4623 1233 4670 ac
1254 4599 1342 4690 tegit
1362 4595 1535 4693 hospitem
1550 4602 1717 4672 adversus
1735 4613 1981 4692 tempestatum

129 4728 195 4809 ilo,
221 4718 428 4813 gravissime
445 4738 511 4784 nos
524 4705 735 4783 adhortatus
752 4707 798 4778 sit
815 4727 939 4778 omnes
988 4706 1158 4788 iniurias,
1181 4702 1317 4772 interea
1333 4715 1452 4773 tamen
1471 4698 1621 4795 hospitis
1641 4704 1781 4772 animus
1797 4726 1871 4772 non
1887 4702 1981 4774 intra

129 4829 236 4899 ntiam
254 4826 382 4913 legum,
409 4818 537 4888 deinde
555 4815 662 4884 etiam
677 4811 858 4883 auditores
871 4832 940 4877 no-
990 4805 1056 4878 hos
1077 4806 1226 4900 parietes
1243 4799 1468 4890 cohaeretur,
1489 4808 1549 4877 sed
1572 4804 1698 4877 tacitus
1713 4805 1759 4875 de
1770 4803 1837 4877 Dei
1852 4806 1982 4876 volun-

131 4928 328 5021 iligentiam
344 4924 382 4993 in
394 4920 575 5003 discendo,
601 4911 678 5005 Ego
695 4906 764 4984 boc
780 4927 940 5002 tempore
990 4925 1060 4983 tate
1076 4922 1113 4981 et
1127 4910 1172 4978 de
1186 4906 1394 4978 aeternitate
1412 4907 1586 4997 cogitans,
1610 4907 1735 4998 procul
1752 4921 1923 5003 tanquam
1941 4908 1981 4980 in

129 5048 333 5109 omentum,
358 5025 424 5095 etsi
441 5023 620 5100 vicinum,
647 5038 795 5087 sumam.
845 5011 941 5084 Tra·
990 5013 1127 5095 coelum
1151 5010 1329 5094 sublevat;
1362 5010 1561 5081 considerat
1581 5009 1678 5079 enim
1701 5010 1864 5082 omnium
1886 5022 1981 5081 κῃ.

129 5164 158 5207 m
172 5130 416 5205 scholasticam
432 5122 708 5215 disputationem
723 5117 848 5189 utilem
865 5129 941 5186 stn-
990 5130 1067 5190 tum
1088 5113 1318 5194 mutationes,
1345 5112 1560 5201 religionum
1583 5125 1682 5182 ortus
1700 5136 1741 5185 ac
1763 5113 1981 5193 discrimina,

133 5239 206 5310 uod
227 5230 443 5306 Christianis
464 5251 538 5297 non
561 5225 607 5294 sit
628 5219 864 5293 necessarium
886 5217 941 5287 nti
989 5216 1223 5309 imperiorum
1246 5214 1359 5300 vices,
1385 5214 1501 5285 tristes
1525 5235 1637 5299 casus,
1664 5216 1794 5309 quibus
1808 5210 1894 5285 haec
1911 5208 1980 5283 bu-

129 5337 279 5416 losaicis,
301 5336 361 5403 sed
378 5332 477 5425 quod
489 5330 594 5398 liceat
608 5326 660 5397 nti
675 5323 824 5413 legibus,
849 5343 941 5413 quae
990 5342 1095 5389 mana
1120 5331 1247 5389 natura
1271 5316 1424 5387 obnoxia
1450 5331 1519 5401 est,
1557 5331 1592 5386 et
1611 5318 1789 5409 eregione
1810 5313 1980 5387 benefici,

130 5469 181 5515 :ae
195 5451 451 5512 consentaneae
468 5445 570 5515 sunt,
592 5426 732 5500 etiamsi
746 5426 792 5496 ab
808 5418 940 5493 Etbni-
990 5417 1142 5506 Christi3
1183 5418 1340 5511 denique
1365 5434 1400 5491 et
1425 5412 1557 5488 dehac
1581 5419 1785 5512 ipsadomo
1812 5419 1980 5510 coptum,

130 5545 292 5625 ,uatibus
313 5539 479 5619 conditae
500 5547 597 5606 sunt.
657 5529 799 5603 Deinde
820 5538 940 5596 osten·
963 5584 969 5599 .
990 5525 1142 5597 miratur
1171 5520 1373 5697 opiliqipp,
1405 5533 1440 5593 et
1473 5521 1634 5613 agnoscit
1665 5522 1771 5595 ctiam
1801 5519 1980 5616 corporali
