4664 6022
140 285 218 364 res
628 276 792 361 nucu
826 278 902 356 un
934 273 1341 356 asrxonoum
1373 279 1451 358 ur
1483 277 1709 362 eroes
2096 254 2192 363 'sss

144 461 344 537 necessitati
361 458 599 555 prospexerit,
625 459 729 530 valde
744 471 924 529 ornantem
940 480 1013 529 esse
1028 455 1163 527 nostri·
1196 456 1336 529 circiter
1356 459 1649 531 sexcentesimum
1671 458 1826 544 annum,
1858 455 2097 553 deprehendit
2117 475 2195 555 post

145 569 304 667 generis,
336 590 399 637 seu
427 577 468 636 ut
499 565 574 659 ipse
602 563 673 649 ait,
706 555 997 659 φιλάνθρωπον.
1071 559 1142 632 Sed
1195 559 1441 635 Ptolomaeum
1455 586 1545 655 opus
1561 585 1634 633 esse
1649 561 1908 639 emendatione.
1956 562 2099 635 Deinde
2112 587 2194 635 rur·

146 671 233 744 haec
273 671 421 741 fortasse
456 669 533 738 sine
570 666 735 737 doctrina
771 665 954 737 observari
986 677 1144 757 possunt,
1196 687 1255 737 sus
1278 665 1510 738 eruditissimi
1534 659 1698 736 homines
1721 666 1873 758 primam
1894 669 1991 739 viam
2008 691 2195 761 eumqua-

147 799 353 872 quanqnam
380 774 469 843 ordo
499 769 610 860 magis
636 769 869 861 conspicitur,
899 774 980 840 eum
1010 766 1146 836 accedit
1196 771 1279 839 dam
1309 768 1529 840 correctione
1558 770 1688 856 secuti,
1729 769 1934 845 maluerunt
1961 795 2099 841 aunum
2123 793 2196 842 esse

147 878 314 952 eruditio.
377 874 504 948 Dicam
528 875 638 965 igitur
659 875 704 943 de
723 874 769 942 iis
792 873 1025 956 utilitatibus,
1054 892 1145 965 quae
1196 873 1352 943 reditum
1373 871 1468 944 Solis
1488 874 1533 942 ad
1554 886 1686 944 certam
1706 873 1846 943 stellam
1868 876 1993 955 fixam,
2026 898 2110 944 cum
2129 867 2197 947 hec

148 983 415 1065 amitterentur,
448 978 607 1067 neglecta
630 977 805 1050 doctrina.
858 972 993 1061 Erunt,
1026 973 1146 1066 inquit
1198 977 1307 1045 modo
1334 975 1556 1066 longioribus
1580 975 1707 1068 spaciis
1728 976 1848 1047 minor
1869 977 2106 1073 inaequalitas
2130 976 2198 1048 cir·

56 1102 62 1109 '
149 1083 303 1167 Moises,
330 1084 369 1153 in
388 1083 508 1173 signa,
533 1095 714 1172 tempora,
739 1081 815 1150 dies
837 1094 871 1152 et
893 1103 1016 1153 annos.
1075 1076 1145 1146 Hic
1199 1080 1314 1150 cuitus
1329 1081 1417 1148 anni
1430 1081 1609 1172 adpareat.

148 1188 299 1260 coeleste
327 1187 510 1258 oraculum
540 1184 712 1276 praecipit
742 1183 861 1274 generi
895 1177 1073 1266 humane,
1106 1194 1146 1250 ut
1301 1180 1398 1253 Haec
1414 1208 1455 1252 eo
1472 1183 1651 1265 recensui,
1678 1197 1717 1253 ut
1732 1183 1952 1272 diligentiam
1975 1206 2198 1255 summorum

148 1306 262 1363 certas
282 1290 369 1360 anni
391 1303 502 1359 metas
520 1288 695 1357 divinitus
712 1287 930 1380 propositas,
953 1287 1064 1356 discut
1081 1285 1142 1352 ob-
1199 1286 1360 1356 virorum
1384 1287 1634 1372 admiremini,
1668 1287 1732 1381 qui
1753 1300 1866 1357 certos
1889 1286 2032 1374 Festos,
2066 1301 2197 1360 certam

148 1416 306 1476 servare,
328 1407 364 1465 et
378 1393 565 1464 intervalla
582 1416 759 1461 annorum
777 1390 987 1459 consideret.
1038 1386 1146 1477 Quod
1200 1390 1287 1460 anni
1300 1390 1575 1481 descriptionem
1593 1391 1697 1460 nobis
1713 1392 1851 1460 tradere
1867 1391 2096 1463 studuerunt.
2124 1387 2197 1462 lam

148 1498 227 1569 sine
250 1498 451 1569 eruditione
473 1510 507 1566 et
525 1511 685 1567 motuum
700 1494 905 1584 cognitione
921 1515 1147 1587 nequaquam
1201 1493 1368 1583 cogitate,
1394 1508 1568 1587 quantum
1586 1489 1653 1563 hoc
1669 1495 1714 1563 sit
1729 1494 1953 1568 beneficium.
2003 1493 2085 1564 Nisi
2102 1494 2198 1563 enirn

147 1601 226 1673 fieri
249 1614 375 1693 potest.
433 1595 587 1669 Addidit
608 1599 717 1688 igitur
736 1597 834 1668 Deus
855 1597 959 1666 nobis
984 1596 1146 1665 umbram
1201 1597 1352 1667 artifices
1374 1592 1467 1666 hanc
1493 1610 1692 1689 temporum
1718 1598 1845 1667 seriem
1868 1598 2198 1667 nobisconservas·

149 1704 360 1788 doctricem,
393 1716 433 1772 ut
464 1703 687 1796 aequinoctia
719 1715 753 1772 et
774 1699 870 1772 Solis
898 1699 1147 1769 conversiones
1201 1715 1299 1786 sent,
1332 1724 1422 1793 quae
1447 1714 1562 1770 esseut
1583 1700 1798 1790 religionum
1825 1714 1930 1793 atque
1951 1700 2121 1783 omnium
2141 1694 2202 1770 hi.-

151 1809 340 1878 observare
363 1828 561 1898 possemus,
588 1804 725 1875 addidit
748 1828 979 1874 numerorum
996 1814 1032 1871 et
1048 1826 1150 1871 men·
1203 1794 1397 1875 storiarum
1417 1805 1601 1888 tenebrae,
1636 1826 1726 1898 quae
1750 1802 1911 1873 conlusio
1943 1802 2056 1874 totius
2080 1802 2197 1875 vitae?

150 1934 316 1981 surarum
339 1909 539 1990 scientiam,
573 1932 663 2001 quae
685 1922 821 1978 mentes
841 1907 879 1975 in
904 1907 1043 1976 coelum
1064 1905 1148 1974 sub·
1202 1907 1284 1979 Non
1309 1906 1439 1976 animis
1460 1921 1557 1978 retro
1584 1908 1699 1997 legere
1723 1906 1850 1975 mundi
1873 1905 1977 1976 initia
2004 1928 2200 2000 possemus,

150 2008 268 2095 vehit,
302 2026 341 2082 ut
368 2026 480 2082 certas
509 2012 582 2080 vias
604 2009 819 2097 Luminum,
850 2035 889 2078 ac
914 2023 1024 2079 metas
1049 2007 1148 2102 quasi
1202 2035 1276 2080 non
1291 2011 1460 2080 sciremus
1477 2034 1568 2104 quae
1581 2009 1771 2100 religiones
1789 2009 1943 2102 priores,
1969 2033 2063 2104 quae
2084 2021 2200 2103 poste·

150 2115 264 2187 oculis
285 2115 424 2205 signare
448 2114 634 2208 possimus.
689 2111 812 2208 ltaque
836 2126 871 2184 et
891 2112 996 2205 primi
1019 2135 1148 2204 paren·
1202 2115 1314 2184 riores
1340 2114 1505 2185 luissent:
1548 2128 1636 2184 esset
1666 2114 1787 2201 ignota
1813 2113 1922 2183 series
1950 2111 2198 2207 imperiorum,

151 2232 201 2291 tes
226 2233 260 2291 et
285 2219 450 2311 deinceps
472 2232 592 2309 gentes
609 2217 839 2302 eruditiores,
873 2231 906 2287 et
922 2217 960 2285 in
976 2211 1031 2284 his
1049 2216 1149 2304 inge·
1202 2217 1424 2287 nescirentur
1447 2214 1626 2287 Ecclesiae
1654 2215 1758 2285 initia
1788 2229 1824 2287 et
1844 2216 2070 2308 propagatio.
2126 2213 2197 2287 Has

150 2321 357 2408 niosissimi,
378 2345 517 2413 semper
530 2320 760 2391 elaborarunt
774 2318 813 2388 in
826 2321 1048 2390 observando
1063 2318 1147 2386 anni
1202 2334 1318 2392 tantas
1342 2344 1398 2389 res
1417 2333 1457 2390 ut
1480 2321 1667 2401 sciremus,
1694 2316 1792 2389 Deus
1814 2333 1850 2390 et
1871 2319 2066 2412 praecipit,
2091 2318 2197 2393 utdi·

150 2424 313 2511 circuitu,
334 2438 374 2494 ut
388 2438 516 2493 certam
529 2438 732 2516 temporum
745 2423 872 2493 seriem
887 2435 1148 2505 conservarent,
1200 2448 1339 2495 scamus
1356 2423 1443 2518 quid
1458 2424 1504 2493 sit
1519 2447 1653 2509 annus,
1679 2435 1712 2494 et
1729 2434 1904 2493 monstrat
1923 2446 2064 2493 annum
2083 2422 2195 2493 conti-

150 2552 304 2622 quorum
330 2541 362 2596 et
377 2527 587 2597 beneficium
603 2540 742 2617 gratum
759 2527 864 2596 nobis
879 2549 951 2595 esse
968 2526 1089 2611 debet,
1115 2539 1148 2594 et
1202 2552 1287 2598 nere
1309 2550 1448 2597 menses
1469 2527 1679 2611 duodecim,
1712 2539 1744 2596 et
1768 2525 1873 2596 initia
1902 2525 1941 2595 in
1967 2523 2194 2620 aequinoctio

149 2631 330 2701 laudanda
355 2629 516 2714 solertia,
549 2629 754 2720 diligentia,
788 2628 992 2715 assiduitas,
1019 2628 1148 2697 volun·
1202 2631 1398 2705 constituit.
1442 2629 1537 2700 Haec
1555 2629 1680 2722 primis
1701 2625 1910 2699 hominibus
1926 2629 2116 2700 doctrinae
2128 2622 2196 2701 hu·

149 2747 204 2804 tas
220 2735 310 2804 bene
328 2732 489 2802 merendi
504 2733 547 2800 de
562 2755 691 2823 genere
705 2731 875 2807 humano.
921 2730 1017 2803 Sunt
1030 2745 1147 2802 autem
1202 2737 1257 2805 ius
1272 2734 1407 2804 semina
1423 2733 1579 2807 luerunt.
1605 2804 1614 2822 ‚
1632 2730 1752 2821 Quare
1772 2732 1915 2804 coelesti
1936 2727 1998 2802 illa
2027 2756 2117 2805 vecc
2136 2734 2195 2803 ad·

151 2837 314 2907 solertiae
339 2850 374 2906 ct
397 2835 602 2926 diligentiae
625 2835 827 2907 testimonia
851 2834 1003 2905 illustria
1026 2834 1149 2918 mults,

151 2934 398 3030 utEclipsium
417 2938 689 3030 praedictiones,
706 2952 739 3009 et
759 2940 833 3029 ipsa
848 2938 936 3008 anni
947 2935 1149 3028 descriptio,

152 3040 253 3111 cuius
278 3040 462 3125 circuitus,
496 3054 537 3111 ut
561 3057 737 3136 quantum
760 3042 836 3112 lieri
860 3054 995 3135 posset,
1024 3040 1148 3109 certis·

152 3143 241 3214 sime
257 3140 630 3236 comprehenderetur.

255 3245 364 3319 Varie
378 3261 548 3320 certatum
563 3262 626 3321 est.
658 3245 897 3321 Vetustissimi
913 3248 1066 3317 reditum
1080 3244 1148 3316 So-

150 3349 196 3420 lis
217 3351 262 3420 ad
287 3364 417 3421 certam
441 3351 579 3421 stellam
599 3352 722 3440 lixam,
748 3376 870 3422 verum
887 3350 972 3419 anni
990 3350 1146 3441 spacium

150 3476 224 3523 esse
247 3469 445 3528 senserunt.
496 3451 637 3523 Deinde
660 3479 742 3525 cum
767 3456 903 3549 aliquot
925 3454 1054 3524 seculis
1070 3465 1149 3545 post

152 3555 441 3626 animadversum
457 3570 564 3642 esset,
587 3556 706 3626 stellas
720 3580 919 3648 progressas
934 3582 1017 3642 esse,
1039 3581 1147 3649 quae-

152 3661 262 3727 renda
285 3659 354 3729 suit
375 3659 443 3727 alia
462 3661 528 3728 via.
582 3657 703 3748 Quare
724 3658 844 3749 Meto,
872 3685 976 3752 quem
995 3654 1147 3730 Athenis

151 3759 279 3829 vixisse
308 3761 486 3841 scribunt,
528 3785 615 3830 avus
642 3763 773 3853 opinor
800 3758 1045 3853 Empedoclis,
1086 3763 1148 3830 ‹le-

151 3863 292 3956 scripsit
314 3888 449 3935 annum
468 3887 540 3933 esse
554 3865 709 3935 reditum
724 3865 762 3932 iu
777 3865 871 3933 idem
887 3864 1031 3935 solstitii
1044 3865 1149 3935 aesti-

152 3966 189 4033 vi
207 3982 392 4057 punctum.
446 3964 542 4055 Quin
560 3967 655 4036 enim
672 3961 954 4038 Atheniensibus
972 3966 1058 4035 anni
1078 3967 1148 4035 iui-

152 4069 243 4139 tium
266 4082 342 4140 erat
366 4070 557 4141 solstitium
578 4071 769 4156 aestivum,
803 4072 842 4139 in
867 4096 907 4139 eo
931 4083 1061 4140 metam
1085 4095 1149 4162 po-

151 4170 225 4241 tius
244 4173 440 4244 constituit·
491 4171 649 4260 Deinde,
680 4187 758 4266 post
772 4170 969 4244 Alexandri
987 4185 1149 4255 aetatem,

149 4269 380 4364 Hipparchus
414 4275 540 4346 maluit
574 4278 762 4346 observare
793 4275 1015 4369 aequinoctia
1042 4302 1148 4369 quam

152 4375 325 4461 solstitia,
360 4378 443 4471 ‘quia
472 4378 610 4472 aliquot
638 4379 765 4449 diebus
795 4379 887 4448 circa
916 4378 1066 4473 solstitia
1089 4405 1149 4449 va-

153 4479 258 4550 riatio
289 4479 538 4551 declinationis
567 4484 612 4551 ad
640 4482 935 4574 aequinoctialem
960 4504 1067 4551 sensu
1088 4484 1150 4552 de-

149 4578 328 4675 prehendi
352 4609 425 4654 non
450 4597 575 4673 potest.
645 4582 791 4655 Dcliniit
815 4608 897 4675 ergo
923 4580 1150 4677 Hipparchus

153 4709 289 4755 annum
305 4712 378 4757 esse
391 4688 546 4758 reditum
558 4688 651 4759 Solis
668 4689 705 4754 iu
721 4688 815 4755 idem
830 4688 1046 4781 aequinoctii
1058 4713 1150 4778 pun-

153 4801 262 4857 ctum.
320 4788 427 4860 Hunc
450 4805 589 4860 secutus
605 4789 853 4878 Ptolomaeus,
884 4805 917 4862 et
932 4814 1012 4861 suas
1028 4793 1150 4862 obser-

153 4890 316 4959 vationes
337 4895 538 4975 conferens,
564 4895 709 4965 tandem
733 4895 820 4963 anui
842 4894 1018 4964 rationem
1039 4895 1150 4965 tradi-

153 4990 207 5060 dit
229 4994 503 5065 constantiorem
528 4996 792 5087 superioribus,
826 4998 990 5067 videlicet
1011 4997 1150 5067 dierum

153 5108 392 5166 trecentorum
408 5097 587 5188 sexaginta
603 5099 774 5193 quinque,
801 5094 969 5169 horarum
985 5124 1055 5179 sex,
1081 5102 1152 5168 mi-

152 5221 220 5267 nus
245 5200 498 5269 trecentissima
523 5216 620 5292 parte
641 5202 723 5270 diei.
775 5201 946 5273 Nondum
963 5199 1051 5272 haec
1067 5204 1153 5273 dili-

151 5301 268 5389 gentia
294 5303 461 5374 satisfecit
488 5305 755 5395 posterioribus.
808 5305 900 5377 Nam
924 5321 1004 5398 post
1025 5304 1152 5376 Ptolo-

1201 2836 1350 2918 meniti,
1387 2837 1558 2907 utilitates
1592 2837 1849 2927 expendamus,
1891 2848 1927 2905 et
1958 2831 2031 2906 Dei
2064 2837 2194 2907 donum

1202 2941 1474 3033 amplectamur,
1509 2963 1666 3008 amemus
1694 2952 1727 3009 et
1756 2939 1969 3009 excolamus.
2033 2935 2192 3011 Coniun-
2233 2956 2235 2999 l

1202 3060 1276 3115 ctae
1295 3057 1385 3112 artes
1403 3056 1487 3114 suut
1503 3043 1684 3123 doctrina,
1711 3043 1755 3111 de
1769 3042 1925 3112 motibus
1939 3040 2190 3115 coelestibusct

1202 3141 1447 3238 Geographia,
1474 3170 1538 3215 nec
1554 3146 1677 3214 divelli
1695 3159 1853 3235 possunt.
1905 3141 1999 3233 Quis
2015 3160 2073 3217 est
2086 3158 2182 3221 aren

1201 3252 1289 3320 adeo
1316 3250 1502 3340 imperitus
1523 3249 1722 3319 communis
1743 3247 1853 3334 vitae,
1883 3249 1972 3317 adeo
1994 3248 2079 3320 sine
2099 3268 2188 3333 seusu

1202 3353 1402 3433 communi,
1436 3366 1476 3422 ut
1506 3352 1700 3423 arbitretur
1726 3351 1836 3420 vitam
1867 3374 1987 3420 carere
2009 3374 2116 3445 posse
2134 3344 2188 3421 bre

1201 3470 1295 3541 arte,
1320 3468 1541 3526 monstrante
1558 3455 1647 3526 situs
1665 3455 1870 3544 regionum,
1900 3453 2114 3542 intervalla,
2134 3475 2188 3523 nt·

1201 3557 1324 3632 turns?
2104 3570 2107 3575 '

1306 3658 1411 3730 Nulla
1440 3660 1640 3749 navigatio,
1671 3661 1813 3730 nullum
1837 3659 1906 3730 iter
1927 3661 2038 3752 paulo
2062 3659 2185 3753 loup'nt

1201 3762 1351 3853 suscipi,
1376 3777 1437 3834 aut
1455 3777 1547 3833 certe
1564 3763 1756 3853 gubernari
1773 3777 1904 3855 potest,
1930 3765 1978 3834 ab
1991 3759 2103 3837 huius
2116 3761 2187 3835 artis

1202 3866 1345 3959 ignaris.
1413 3865 1510 3956 Quid
1543 3866 1581 3934 in
1611 3866 1794 3959 scripturis
1826 3861 2066 3959 propheticis,
2110 3862 2213 3961 quus

1201 3972 1308 4039 modo
1330 3983 1452 4059 vagata
1473 3970 1519 4040 sit
1536 3966 1710 4054 Ecclesia,
1732 3994 1821 4063 quae
1836 3992 1892 4039 res
1907 3970 2106 4059 ubigestae
2118 3968 2187 4051 sint,

1202 4075 1297 4144 unde
1315 4072 1466 4142 iudicari
1481 4086 1616 4164 posset,
1642 4073 1672 4141 si
1688 4076 1820 4143 deesset
1836 4067 1922 4141 haec
1938 4073 2128 4143 artificiosa
2142 4094 2187 4141 rs·

1202 4177 1348 4266 gionum
1372 4175 1574 4265 descriptio.
1626 4174 1799 4265 Quotidie
1816 4176 1854 4244 in
1871 4176 2185 4265 precibus-intuen-

1202 4282 1246 4349 da
1270 4292 1321 4351 est
1342 4279 1459 4370 regio,
1486 4278 1524 4346 in
1541 4302 1611 4372 qua
1628 4280 1722 4349 blius
1737 4276 1806 4349 Dei
1821 4293 1980 4348 versatus
1995 4292 2067 4365 est,
2093 4293 2127 4352 et
2143 4276 2187 4345 vi·

1202 4384 1307 4453 etima
1337 4384 1469 4467 factus,
1502 4383 1712 4470 cogitandus
1740 4394 1792 4451 est
1812 4382 1929 4467 loeus,
1965 4382 2003 4451 in
2028 4408 2102 4477 quo
2124 4378 2187 4471 pri·

1202 4511 1300 4555 mum
1324 4485 1446 4555 sonuit
1470 4510 1538 4554 vox
1563 4485 1735 4556 coelestis.
1799 4481 1858 4553 Sic
1883 4484 1978 4552 enim
2002 4488 2083 4556 vult
2105 4482 2188 4555 Deut

1204 4589 1380 4672 invocari,
1403 4601 1444 4657 ut
1461 4587 1572 4677 simul
1596 4588 1640 4656 de
1662 4587 1833 4656 sacrificio
1851 4586 1915 4654 lilii
1931 4588 2144 4677 cogitemus,
2161 4596 2189 4653 ct

1203 4695 1246 4760 de
1271 4690 1582 4782 promissionibus.
1633 4686 1676 4758 In
1700 4686 1796 4759 hisce
1822 4689 1910 4759 locis
1933 4713 2015 4759 cum
2042 4687 2189 4785 quotidie

1203 4795 1324 4864 sistere
1355 4795 1466 4863 animi
1499 4807 1580 4863 vota
1611 4794 1781 4877 debeant,
1814 4806 1947 4885 quanta
1972 4807 2026 4865 est
2051 4791 2191 4885 ignavie,

1203 4921 1277 4967 nou
1302 4898 1456 4986 cogitare
1480 4897 1544 4967 ubi
1569 4908 1742 4965 terrarum
1768 4895 1834 4965 sita
1859 4894 1942 4964 sint.
2002 4893 2103 4968 Haec
2124 4917 2191 4989 sps·

1203 5015 1297 5071 ctare
1320 5001 1425 5069 etiarn
1451 5000 1588 5069 indocti
1611 4998 1760 5089 cupiunt
1784 4999 1822 5066 in
1846 4998 2008 5089 picturis.
2062 4997 2119 5072 Ac'
2132 4992 2192 5069 niu'

1203 5127 1259 5173 ars
1291 5116 1445 5189 extaret,
1480 5125 1603 5173 omnes
1629 5097 1794 5171 homines
1822 5100 2004 5172 infinitum
2029 5103 2191 5197 quiddam

1203 5229 1276 5276 esse
1304 5220 1434 5276 terram
1465 5207 1677 5295 cogitarent,
1710 5230 1749 5274 ac
1775 5217 1914 5274 tantum
1938 5228 2063 5276 earum
2087 5202 2192 5295 regie·

1203 5334 1291 5378 num
1316 5310 1432 5400 spacia
1459 5323 1494 5380 et
1518 5308 1707 5379 intervella
1734 5307 1881 5391 scirent,
1900 5284 1999 5400 'quae'
2024 5308 2192 5378 adiissent

150 5425 291 5473 maeum
308 5402 542 5497 Albategnius
557 5433 652 5478 anno
668 5410 979 5500 septingentesimo
995 5410 1152 5503 quadra·
1202 5409 1299 5481 Hinc
1314 5413 1419 5483 multi
1434 5435 1557 5503 graves
1573 5434 1711 5481 errores
1727 5411 1766 5480 in
1782 5410 1852 5479 vita
1869 5410 2066 5485 orirentur.
2098 5407 2191 5481 Nunc

150 5505 282 5593 gesimo
299 5510 414 5596 tertio,
437 5510 601 5582 videlicet
615 5525 696 5584 ante
711 5507 802 5584 hanc
816 5527 976 5585 nostram
989 5525 1152 5597 aetatem,
1202 5538 1288 5584 vero
1317 5540 1425 5610 quam
1448 5527 1609 5607 matum,
1644 5536 1751 5606 quam
1772 5513 1863 5584 utile
1884 5526 1937 5584 est
1963 5525 2084 5586 mente
2105 5530 2189 5585 ceru-
