4664 6022
146 287 229 372 629
640 284 803 365 DECL.
855 285 931 367 DE
965 286 1372 371 IMPERATORE
1406 284 1657 363 OTTONE
1691 288 1721 364 l.
2132 291 2209 369 ⁶⁸0

147 484 385 559 nequaquam
399 456 487 535 baec
499 458 665 536 Romana
679 475 715 535 et
735 463 920 537 barbarica
940 464 1093 537 servitus
1117 464 1156 534 in
1178 465 1183 529 l
1208 461 1388 554 imperiis,
1414 487 1495 532 com
1518 463 1616 533 nulla
1633 463 1672 531 in
1691 487 1729 533 re
1744 464 1825 555 plus
1845 465 1955 556 possit
1975 489 2050 537 esse
2065 467 2207 539 virtutis

133 564 310 643 Ecclesia
326 566 511 641 toleranda
527 579 628 649 esset,
649 568 1155 660 quaevetatdiscerniveram
1205 579 1240 636 et
1265 565 1421 654 gloriae,
1458 591 1565 661 quam
1594 580 1642 636 est
1680 566 1719 635 in
1746 570 1906 637 ornanda
1934 583 1968 639 et
1994 569 2205 641 illustranda

131 670 356 747 ‚doctrinam
388 669 436 741 ab
467 668 691 755 adulterina,
720 694 810 763 quae
843 671 999 743 nefarios
1024 673 1155 741 abusus
1177 670 1180 695 '
1202 664 1339 742 Christi
1354 666 1527 741 Ecclesia.
1577 670 1714 741 Lucere
1727 670 1824 741 euim
1846 672 1942 741 eain
1967 695 2005 741 re
2023 673 2206 743 fortitudi-

133 774 359 858 confirmet,
389 796 482 866 quae
503 794 647 855 ¹stertinio
672 773 865 847 acerbitate
895 772 1152 867 suppliciorum
1202 796 1283 841 nem
1312 785 1347 842 et
1374 770 1661 863 magnitudinem
1684 771 1796 842 animi
1821 770 2031 866 Principum
2054 775 2205 848 omnino

145 877 315 949 defendit
345 874 610 947 invocationem
640 890 865 964 sanctornm,
896 873 1153 970 prophanatio·
1201 897 1343 945 necesse
1364 888 1434 959 est,
1461 877 1557 970 qnod
1581 876 1660 945 sine
1680 875 1845 945 maximis
1866 876 2035 967 periculis
2057 892 2094 948 et
2124 880 2205 969 plu-

143 1004 232 1055 nem
253 1002 384 1051 coenae
401 976 621 1065 dominicae,
651 980 933 1051 nundinationes
953 983 1153 1065 missarum,
1201 977 1375 1049 rimorum
1390 978 1484 1048 odiis
1501 993 1660 1073 receptae
1674 978 1865 1071 religiones
1878 980 1981 1049 nullo
1995 983 2103 1061 modo
2123 1007 2204 1065 rpu-

132 1082 322 1176 impuros:
333 1081 530 1165 coelibatus
553 1094 590 1153 et
610 1081 778 1175 pleraque
799 1083 868 1159 alia
883 1083 1013 1161 scelera
1031 1082 1152 1176 ponti·
1200 1094 1333 1155 tentor.
1389 1080 1465 1171 Sed
1492 1081 1580 1179 quid
1607 1074 1734 1159 attinet
1759 1083 1805 1151 ile
1829 1076 1897 1153 hae
1923 1106 1962 1152 re
1988 1104 2203 1176 magnopere

143 1185 275 1269 ficum,
294 1184 431 1279 quibos
445 1207 483 1255 se
498 1182 677 1275 principes
691 1185 806 1255 nostri
822 1198 1006 1280 tantopere
1021 1190 1151 1257 adiuu·
1199 1188 1427 1269 contendere,
1454 1208 1560 1279 quam
1577 1198 1684 1255 nemo
1702 1197 1818 1275 negat,
1844 1184 1913 1254 nisi
1931 1185 2010 1279 quis
2024 1184 2203 1257 Constan-

130 1302 238 1381 gunt
252 1282 323 1365 hos
337 1302 514 1378 tempore,
541 1301 581 1359 at
596 1291 788 1367 sententias
803 1302 838 1365 et
848 1290 1017 1379 linguam·
1027 1290 1072 1361 iis
1085 1293 1152 1361 ad·
1198 1286 1330 1373 tinuau,
1354 1285 1542 1373 Davidem,
1566 1286 1810 1373 Salomonem,
1833 1283 2036 1374 Ezechiam,
2060 1287 2202 1374 lostam,

131 1390 266 1471 dicere
286 1414 363 1467 nort
387 1403 597 1475 vereantur,
619 1390 750 1473 nescii,
772 1395 870 1485 quod
902 1393 1147 1484 turpissimum
1198 1389 1321 1461 lecerit
1338 1391 1509 1481 ignavos,
1537 1393 1635 1484 quod
1655 1392 1828 1462 acerrime
1853 1390 2116 1486 fortissimeque
2136 1417 2199 1483 pro

132 1491 216 1573 ‚albi
238 1493 307 1577 sit,
335 1505 450 1577 ,tantm
463 1493 920 1586 monridepetulatori,
943 1496 1007 1590 qui
1027 1496 1094 1571 etsi
1111 1497 1149 1565 in
1196 1488 1356 1562 Ecclesia
1372 1494 1628 1584 pugnaverint,
1654 1517 1745 1587 quos
1760 1517 1829 1564 uua
1847 1518 1928 1563 cum
1945 1490 2086 1565 Ottone
2102 1510 2199 1567 vete-

131 1594 387 1691 posessione
402 1596 563 1686 ipsorum
578 1612 699 1687 aperta
721 1598 757 1666 vi
775 1622 849 1681 uon
867 1599 1003 1680 veniat,
1030 1612 1149 1669 tamen
1195 1594 1297 1664 ribus
1326 1595 1434 1666 etiam
1460 1594 1635 1669 Romanis
1662 1598 1769 1686 longe
1797 1596 1918 1666 iudico
1948 1599 2198 1688 praeferendos

130 1698 336 1783 madibus
355 1697 560 1789 innumeris
574 1692 722 1784 solemni
739 1700 1008 1779 coniugatorum
1024 1701 1075 1773 ita
1091 1724 1147 1773 re-
1197 1719 1290 1782 esse,
1315 1700 1378 1792 qni
1404 1712 1490 1770 sunt
1510 1696 1678 1784 Camilli,
1703 1696 1823 1784 Decii,
1848 1696 2055 1791 Scipiones,
2082 1700 2197 1773 Fabii.

131 1802 238 1889 tinet
258 1823 326 1887 eos,
339 1798 694 1903 ciroqmventas,÷,ut
717 1817 756 1875 et
769 1804 999 1897 principibus
1021 1807 1147 1896 parum
1196 1795 1275 1870 Etsi
1290 1802 1387 1870 enim
1400 1799 1501 1871 Decii
1518 1815 1633 1874 morte
1650 1826 1712 1873 sua
1727 1826 1849 1895 pacem
1866 1798 2026 1874 Deorum
2049 1804 2197 1879 immor-

131 1892 370 1999 ,raliqoi-sit,
386 1904 423 1975 si
440 1904 839 1996 ,subditis-stipendium
866 1906 1087 1979 remiserint:
1112 1919 1148 1977 et
1194 1902 1320 1973 talium
1343 1904 1519 1974 redimere
1540 1928 1614 1976 non
1635 1905 1896 1990 dubitaverint,
1920 1905 2094 1977 Camillos
2111 1933 2195 1978 vero

128 2006 425 2097 willardum
444 2006 518 2091 leus
530 1994 722 2091 atlhllsit,
743 2034 819 2103 quo
831 2028 836 2045 ·
846 2011 995 2081 tolerare
1017 2010 1147 2081 famem
1194 2018 1293 2076 tanta
1310 2006 1443 2077 virtute
1458 2032 1525 2100 pro
1538 2007 1801 2099 salute-patriae
1817 2007 2058 2093 dimicaverit,
2083 2026 2124 2083 ut
2140 2034 2195 2081 se-

128 2111 321 2205 ,ftastittb'¹
340 2109 642 2201 sidependesinl-
689 2108 991 2207 Undacoosequi
1016 2113 1147 2183 deinde
1192 2109 1333 2178 condus
1341 2107 1480 2182 Ronrae
1494 2112 1718 2182 conditorsit
1732 2110 1946 2202 appellatus:
1972 2126 2091 2183 tamen
2109 2114 2196 2185 illu·

142 2212 324 2307 oportuit,
349 2215 446 2306 quod
463 2213 812 2306 omnibnsapecmn
825 2229 898 2300 eat,
920 2230 980 2300 ut,
1006 2229 1145 2307 postea·
1194 2211 1358 2281 atriorem
1384 2212 1530 2306 reliquit
1544 2215 1590 2284 de
1612 2238 1651 2283 se
1668 2212 1830 2298 virtutis,
1853 2227 1889 2284 ct
1907 2210 2195 2289 bellicae'laudis

143 2400 149 2415 Ι
192 2338 394 2419 ,ῃῃβεεῑ
411 2314 603 2427 principes,
626 2316 720 2389 cives
738 2319 888 2408 pecunia
905 2320 953 2389 ita
968 2318 1147 2411 despolia·
1193 2314 1422 2405 opinionem,
1450 2313 1562 2399 Otto,
1587 2318 1685 2411 quod
1710 2340 1785 2385 non
1801 2330 1939 2387 tantum
1965 2320 2133 2408 patriam,
2158 2334 2193 2389 et

129 2338 535 2519 'strik'ltaec‘lfabm'a'na
559 2410 684 2505 factio,
710 2443 850 2490 necesse
872 2420 919 2493 sit
940 2420 1023 2491 illos
1040 2422 1145 2490 vicis·
1193 2414 1400 2489 Romanum
1430 2418 1640 2510 imperium,
1679 2420 1738 2489 sed
1768 2416 1963 2489 Ecclesiam
1993 2434 2030 2491 et
2057 2415 2192 2493 Christi

126 2508 238 2621 ¹aam,.
249 2520 326 2617 'sive
339 2510 492 2619 pessimo
513 2520 673 2614 exemplo
690 2520 830 2615 induci,
855 2522 929 2594 sive
940 2524 1146 2595 necessitate
1193 2517 1344 2608 gloriam
1360 2519 1490 2591 acriter
1504 2522 1796 2613 propugnaverit,
1822 2545 1887 2592 nac
1902 2524 2055 2595 eundem
2071 2547 2191 2594 casum

126 2618 223 2715 'cogi
238 2614 341 2723 (lacet
350 2628 425 2715 iqon
441 2620 586 2723 sitve'ra
601 2621 809 2737 necessitas)
826 2624 875 2709 ad,
886 2626 1078 2725 auferenda
1095 2651 1147 2712 ea,
1191 2622 1302 2701 ferre,
1335 2636 1397 2695 aut
1421 2647 1486 2714 pro
1509 2620 1669 2695 Ecclesia
1691 2625 1781 2695 mori
1801 2640 2014 2710 recusasset,
2048 2625 2079 2695 si
2103 2628 2191 2719 quid

125 2706 601 2849 'afipaa'e'suntllcclesiaeij3''3
647 2784 679 2827 ;.
806 2718 822 2819 ,¹
863 2806 868 2819 ,
906 2820 910 2833 Ι
1001 2724 1005 2729 ’
1191 2725 1342 2817 pervim
1364 2727 1557 2798 accidisset.
1613 2726 1994 2799 Decertantibusenim
2021 2752 2085 2819 pro
2105 2731 2191 2801 reli-

123 2832 132 2855 '
166 2834 189 2925 ,Γ
198 2828 215 2837 ”
234 2812 395 2909 ''l‘aceo.,'
418 2824 516 2925 ¹quod
549 2826 907 2924 nequaquam'etiam
938 2832 1007 2905 iam
1040 2832 1145 2903 arinis
1191 2829 1298 2918 gione
1312 2851 1386 2898 oon
1402 2854 1482 2899 cum
1498 2844 1635 2901 armato
1653 2826 1753 2900 boste
1768 2843 1919 2916 tantum,
1938 2833 1997 2901 sed
2012 2856 2094 2903 cum
2111 2856 2191 2924 per·

123 2910 770 3027 'Sicci'te'nsescentis'ba'ec'Romana
795 2936 957 3033 tyrannis
974 2932 1067 3005 bell'a
1086 2935 1143 3005 in·
1191 2933 1308 3023 petuis
1335 2934 1617 3004 devastatoribus
1642 2930 1821 3005 Ecclesiae
1849 2929 2014 3005 Diabolis
2041 2958 2098 3005 res
2125 2951 2190 3020 est,

317 3128 487 3231 secordias
498 3134 677 3241 saevissqt,
702 3144 817 3239 ¹neque
832 3130 900 3210 boc
915 3155 1038 3212 nostro
1052 3156 1145 3212 tem·
1189 3136 1316 3206 divino
1334 3137 1469 3205 auxilio
1483 3161 1558 3207 esse
1576 3163 1735 3231 unquam
1755 3152 1961 3228 potnerunt,
2011 3137 2190 3212 Ecclesiae

123 3240 390 3417 parentique
406 3236 597 3337 tantopere
621 3234 795 3341 arderent?
807 3243 911 3335 impii
935 3258 974 3317 et.
984 3243 1144 3313 scelerati
1178 3240 1296 3310 etiam
1311 3239 1483 3310 autoritas
1505 3242 1671 3327 anteferri
1687 3241 1848 3317 omnium
1872 3242 2006 3331 patriae
2024 3268 2064 3312 eo
2081 3244 2190 3314 debe.

174 3316 330 3465 nudipes
343 3344 383 3414 iu
403 3338 553 3417 deleiida
575 3322 745 3431 lirnglitu'sg
756 3338 969 3441 Germania,
997 3360 1144 3439 propter
1186 3343 1264 3422 bit,
1288 3342 1405 3435 quod,
1431 3366 1512 3412 cum
1530 3338 1694 3415 Christus
1708 3356 1743 3415 et
1759 3338 1916 3413 Ecclesia
1931 3368 2043 3414 unum
2060 3370 2189 3437 corpus

123 3014 284 3137 ‘fulisan
290 3032 434 3211 pacatis
455 3028 615 3126 populis:
649 3048 683 3108 et
707 3026 802 3125 inter
826 3038 986 3110 civitates
1000 3036 1146 3127 Princi-
1191 3058 1345 3127 quorum
1370 3035 1509 3104 viribus
1523 3050 1731 3128 parescerte
1750 3036 1844 3105 nulli
1861 3034 2094 3128 lmperatores
2114 3039 2190 3108 sine

127 3426 384 3537 'Eliange'liluil
394 3426 773 3543 Cli'rlsti'Jsi'Oltonis
790 3442 1027 3535 Im'peratoris'
1041 3444 1159 3521 auto-¹
1189 3446 1281 3528 aiot,
1306 3446 1473 3516 omuibus
1488 3447 1648 3516 studium
1666 3445 1916 3539 propugnandi
1935 3441 2127 3516 Ecclesiam
2149 3448 2186 3517 io

142 3530 396 3641 iitis¹vlilereb
430 3542 538 3621 'Otto'
561 3549 674 3639 certe,
709 3546 805 3647 quod
827 3550 897 3621 rivi
914 3553 1026 3623 amari
1047 3565 1144 3636 stant,
1191 3549 1310 3640 priore
1340 3548 1466 3618 tabula.
1477 3550 1529 3619 'sit
1553 3553 1778 3621 mandatum:
1810 3548 1944 3639 palriae
1964 3551 2188 3621 verodelen·

126 3644 281 3726 ’lor't'te'm
302 3646 772 3753 iudidasset3obstruendum
797 3677 891 3735 esse,
927 3657 1023 3748 quod
1052 3656 1144 3725 rami
1189 3653 1244 3721 sio
1259 3672 1384 3721 eorum
1399 3674 1551 3721 numero
1573 3649 1764 3738 habeatur,
1790 3676 1879 3746 quae
1902 3653 2109 3745 posterioris
2135 3668 2188 3724 ta·

124 3738 607 3855 'qiiitjmmundieradice
621 3756 851 3828 intellexisset
865 3756 994 3827 vitium
1011 3758 1144 3843 venire,
1191 3755 1296 3826 bulae
1317 3777 1394 3823 esse
1418 3755 1600 3827 dicuntur.
1660 3756 1793 3827 Merito
1815 3757 1934 3849 itaque
1954 3759 2049 3848 apud
2077 3752 2189 3829 Otto-

124 3852 241 3959 'quod
259 3852 372 3931 massa
389 3872 508 3930 sancta
529 3873 688 3945 nonest,
714 3860 967 3931 delibationem
988 3874 1145 3954 putasset
1191 3882 1273 3928 uem
1295 3858 1409 3929 valuit
1429 3859 1600 3929 autoritas
1621 3856 1818 3942 Ecclesiae,
1851 3872 1893 3931 ut
1915 3883 2018 3929 verae
2041 3862 2186 3951 patriae.

126 3940 425 4033 ¹'altotlaiuilndam
449 3985 538 4032 esse:
578 3974 632 4047 et,
656 3978 697 4034 ut
717 3963 825 4033 semel
842 3961 977 4051 dicam,
1002 3962 1144 4034 Princi-
1190 3960 1240 4031 Et
1264 3961 1353 4054 quid
1379 3956 1511 4030 Ottoni
1537 3963 1648 4051 magis
1681 3961 1805 4032 luisset
1831 3962 2048 4050 gloriosum,
2079 3987 2184 4058 quam

139 4078 267 4159 patum
290 4066 469 4155 potentiae
492 4064 626 4160 papalis
656 4089 730 4135 non
753 4089 794 4135 ex
810 4064 901 4151 Deo,
922 4068 982 4136 sed
1000 4091 1040 4136 ex
1053 4062 1143 4135 Dia·
1189 4066 1359 4133 omnibus
1371 4064 1428 4133 sui
1444 4063 1588 4154 imperii
1605 4064 1724 4134 nervis
1742 4063 1833 4133 tueri
1850 4065 2052 4135 venerabile
2068 4068 2186 4136 conci-

126 4164 228 4239 ·bolo
246 4167 424 4258 ostiginem
448 4162 580 4239 babere
603 4168 811 4251 iudicasset,
841 4170 937 4263 quod
961 4184 1141 4240 tantorum
1190 4167 1280 4237 lium
1295 4166 1386 4236 illud
1400 4167 1643 4247 credentium,
1669 4167 1726 4237 cni
1742 4181 1877 4258 praeest
1890 4163 1958 4236 Dei
1975 4168 2088 4252 filius,
2107 4170 2187 4240 Do-

127 4270 337 4355 saetarum,
375 4284 630 4366 tantorumque
654 4270 772 4339 omnis
803 4272 941 4360 generis
965 4273 1141 4341 malorum
1191 4270 1311 4338 minus
1325 4282 1446 4339 noster
1459 4266 1556 4339 lesus
1570 4266 1745 4353 Christus,
1771 4293 1842 4338 arna
1859 4294 1938 4339 cum
1956 4273 2187 4360 praestantis·

127 4386 304 4447 *temeret
319 4394 459 4445 caumm
477 4378 607 4446 esse-in
628 4371 816 4451 Domitios,
843 4376 995 4463 superbe
1011 4388 1045 4447 et
1060 4398 1144 4445 cns·
1191 4372 1291 4440 simis
1313 4370 1499 4455 Patribus,
1527 4367 1734 4464 Propbetis,
1760 4369 1963 4461 apostolis,
1996 4373 2188 4466 multisque

125 4475 512 4569 deliteeimperaute.¹
549 4476 698 4567 Quanto
717 4476 847 4546 rectius
870 4476 982 4567 igitur
997 4476 1144 4549 Princi-
1192 4470 1499 4565 hominibuspiis‚
1525 4476 1780 4547 excellentibus
1797 4473 2187 4551 donisaDeoornatis,

125 4574 357 4676 pachorum
377 4593 580 4671 temporum
599 4579 711 4651 acerui
734 4579 869 4649 luerint
885 4574 1035 4650 Ottonis
1062 4604 1143 4650 sen·
1192 4592 1232 4648 ut
1254 4581 1382 4646 docere
1405 4574 1601 4659 Ecclesias‚
1636 4592 1670 4649 et
1699 4600 1819 4665 regere
1851 4575 1999 4666 imperia
2028 4577 2187 4667 possint?

124 4682 313 4764 tantiam,
337 4695 444 4776 atque
456 4677 528 4754 ltoa
547 4682 840 4775 depopulatores,
866 4679 1141 4771 Magistratnum
1190 4678 1299 4750 Hunc
1320 4679 1580 4749 sanctissimum
1604 4694 1742 4751 coetum
1758 4678 1875 4748 decuit
1899 4679 2061 4747 venerari
2078 4673 2188 4749 Otto-

123 4784 429 4883 pouostoatbos
450 4788 591 4877 pulsos,
623 4797 677 4856 tot
699 4785 878 4879 tantisque
900 4786 1036 4877 rapinis
1058 4808 1143 4876 pro-
1191 4808 1294 4865 nem,
1320 4782 1528 4875 decebitque
1550 4808 1691 4866 omnes,
1716 4794 1892 4877 quotquot
1907 4804 1948 4850 ex
1972 4775 2039 4849 hac
2059 4781 2186 4850 misera

136 4886 345 4972 bibuerint,
368 4889 605 4983 dederintque
621 4912 784 4981 operam,
811 4910 856 4957 oe
878 4900 931 4959 tot
952 4883 1144 4959 horrendis
1191 4887 1264 4956 vita
1291 4885 1328 4953 in
1352 4897 1537 4954 aeternum
1563 4880 1699 4956 Christi
1721 4907 1869 4974 regnum
1892 4883 2055 4974 cupimus
2072 4896 2188 4955 trans·

123 4990 321 5069 motuis
333 4992 583 5065 obscuraretur
599 4991 761 5063 doctrina
776 4985 930 5076 Cbristi,
955 4993 1000 5062 de
1016 4990 1143 5061 remis·
1191 4989 1288 5062 ferri.
1340 4985 1436 5060 Dixi.

123 5096 245 5177 ,atone
267 5107 514 5186 peccatorum,
549 5108 586 5167 et
609 5093 882 5165 ¹vitaaeterna?
918 5093 1013 5167 Sunt
1046 5093 1142 5164 enim

123 5197 311 5277 mnino·
327 5198 407 5269 siue
435 5198 601 5282 cerebro,
618 5250 623 5259 .
640 5207 818 5291 quotquot
850 5191 1036 5290 Principes
1069 5220 1144 5267 ease

123 5304 293 5397 lgnavos
316 5300 532 5394 opinantur,
555 5298 675 5394 quiin
697 5296 931 5390 religionibus
949 5300 1144 5377 emendan-

123 5406 198 5489 ab
219 5405 303 5497 plus
323 5427 453 5498 npetu
479 5417 625 5481 amant
646 5426 754 5496 quam
782 5400 823 5474 in
851 5402 1143 5485 administrandis

152 5558 155 5565 Ι
190 5554 376 5681 Elssarrlr.
395 5610 500 5679 Orsa.
528 5612 610 5677 Vos.
628 5614 693 5686 Xl.
