4664 6022
155 298 229 374 648
608 289 766 369 DECE
810 284 887 365 DE
920 284 1085 363 BONO
1115 281 1729 368 INTERPRETATIONIS.
2111 295 2179 368 ost

156 487 309 544 satorem
325 470 399 541 irae
414 484 504 553 tuae,
526 467 640 537 lilium
656 480 757 536 tuum
773 488 811 533 ac
827 456 1051 558 ἱλαστήριον,
1074 456 1143 531 hoc
1192 459 1434 531 testimonium
1447 458 1621 530 citabatur
1634 458 2006 550 adversustristum,
2030 460 2092 535 hic
2104 489 2182 535 con·

156 587 347 668 praeeunte
368 573 564 650 sacerdote,
589 569 674 637 iussi
697 569 759 636 abs
775 580 808 636 te
825 564 975 657 petimus
991 579 1024 635 et
1040 588 1144 652 expe·
1193 585 1315 632 sensus
1336 558 1532 646 Ecclesiae,
1560 575 1601 631 ut
1622 585 1719 631 nunc
1741 588 1868 635 vocare
1889 567 2018 638 solent.
2080 564 2133 638 lta
2149 583 2179 639 et

142 686 291 746 'ctamus
305 674 453 756 veniam,
477 683 511 740 et
525 669 762 739 calamitatum
777 666 1044 756 mitigationem.
1085 663 1144 733 Tu
1194 664 1298 733 nohis
1326 685 1516 732 consensus
1538 663 1732 734 multorum
1756 666 1955 737 seculorum
1980 681 2017 738 et
2041 689 2180 756 maguae

155 777 337 870 pollicitus
357 787 425 858 est,
449 785 483 841 tc
505 771 610 840 etiam
635 783 872 839 senescentem
885 765 1079 837 Ecclesiam
1105 765 1143 832 in
1195 764 1436 836 multitudinis
1449 763 1653 855 opponitur.
1699 763 1773 837 Nec
1787 792 1871 838 vero
1885 768 1982 839 ullus
1996 782 2050 838 est
2064 769 2179 839 durior

156 880 237 947 alvo
268 890 328 946 tuo
359 887 573 964 gestaturum
604 894 686 944 esse.
740 867 860 958 Quare
890 891 956 938 nos
985 869 1144 936 intanta
1196 881 1384 960 tyrannus,
1417 889 1523 958 quam
1554 889 1673 950 error,
1704 868 1766 959 qui
1797 883 1942 961 propter
1966 869 2177 940 diuturnita-

157 977 361 1048 confusione
381 973 632 1063 imperiorum,
658 973 696 1039 in
711 983 808 1041 tanta
822 968 1063 1040 imbecillitate
1078 991 1145 1035 no·
1195 981 1265 1038 tem
1290 968 1477 1057 temporis,
1503 967 1572 1035 iam
1595 967 1665 1037 alte
1685 971 1822 1040 radices
1837 972 1906 1062 egit
1921 970 1961 1039 in
1976 970 2108 1041 animis
2123 966 2179 1041 ho·

157 1093 249 1162 stra,
275 1092 309 1148 et
331 1076 427 1146 inter
450 1073 585 1144 diaboli
608 1068 829 1142 horribiliter
850 1071 1037 1160 grassantis
1055 1068 1144 1138 insi·
1195 1069 1350 1152 minum,
1375 1081 1410 1137 et
1426 1068 1668 1138 multitudinis
1681 1074 1939 1143 asseveratione
1955 1073 2166 1150 defenditur.
2217 1028 2220 1125 l

157 1181 266 1261 dias„
285 1179 477 1247 clementer
499 1187 641 1266 protege
662 1187 697 1243 et
717 1172 884 1262 guberna.
942 1171 1040 1242 Haec
1063 1183 1144 1239 vota
1295 1169 1456 1239 Pericula
1487 1168 1596 1258 igitur
1628 1171 1666 1238 in
1695 1185 1845 1264 utraque
1878 1189 1976 1265 parte
2005 1174 2180 1264 adparent,
2217 1198 2220 1249 i

157 1280 316 1375 quotidie
342 1280 530 1369 repetenda
554 1289 655 1358 sunt,
688 1298 752 1343 nec
777 1273 1020 1343 existimentur
1039 1272 1145 1339 inane
1195 1272 1269 1341 sive
1291 1266 1454 1341 detrahas
1475 1271 1770 1360 gubernatoribus
1785 1272 1965 1345 Ecclesiae
1981 1289 2179 1366 potestaten
2216 1278 2220 1357 ἐ

156 1404 318 1450 murmur
345 1402 430 1450 csse.
490 1376 626 1446 Perfert
653 1374 748 1443 enim
773 1388 912 1444 nostros
931 1373 1079 1462 gemitus
1100 1374 1145 1441 ad
1196 1374 1508 1463 interpretationis,
1528 1372 1602 1442 sive
1617 1374 1801 1445 attribuas.
1833 1373 1924 1447 Cum
1939 1392 2061 1448 autern
2075 1371 2179 1471 drup-

155 1476 289 1572 patrem
305 1472 673 1559 aeternumeristus,
699 1477 861 1545 sacerdos
875 1488 1005 1547 noster.
1046 1471 1143 1542 Haec
1193 1469 1259 1566 χία
1290 1474 1451 1543 videatur
1480 1474 1595 1543 maius
1624 1476 1758 1545 malum
1785 1499 1878 1557 esse,
1913 1493 1948 1548 et
1974 1478 2180 1568 petulantiae

156 1583 260 1652 initio
285 1581 460 1671 praefatus
484 1600 561 1647 sum
582 1577 620 1645 in
643 1571 711 1646 boc
731 1600 938 1666 congressu,
964 1576 1059 1668 quod
1078 1570 1143 1642 hae
1196 1576 1293 1663 vulgi
1314 1577 1424 1664 magis
1439 1575 1683 1645 obsistendum
1701 1577 1882 1664 videatur,
1907 1578 2050 1670 politici
2069 1578 2180 1650 viriut

156 1682 441 1752 renunciationes
461 1677 745 1750 testimoniorum
766 1681 809 1747 de
826 1677 954 1746 studiis
968 1673 1144 1764 theologi·
1194 1678 1232 1745 in
1255 1678 1433 1768 imperiis,
1459 1677 1507 1745 ita
1531 1677 1569 1745 in
1586 1672 1745 1748 Ecclesia
1763 1703 1902 1748 armare
1919 1682 2179 1771 gubernatores:

155 1784 205 1853 cis
215 1776 257 1878 ')
282 1782 467 1874 praecipue
489 1803 555 1850 nos
578 1782 623 1848 de
645 1778 812 1848 omnibus
828 1776 1006 1848 Ecclesiae
1027 1778 1143 1864 honis,
1195 1793 1229 1847 et
1249 1779 1389 1847 munire
1412 1802 1529 1848 rerum
1545 1778 1779 1850 iudicatarum
1796 1784 2025 1852 autoritatem
2040 1782 2180 1853 student

154 1886 199 1953 de
227 1883 394 1952 omnibus
423 1880 590 1973 periculis
616 1894 651 1950 et
676 1880 928 1949 certaminibus
953 1880 1143 1947 admonere
1194 1877 1253 1948 sic
1276 1877 1464 1949 Sadoletus
1493 1880 1596 1968 longa
1620 1882 1790 1950 concione
1810 1883 1969 1965 disserit,
2004 1906 2084 1952 non
2104 1906 2179 1976 opus

155 1984 296 2053 dehent.
348 1980 439 2053 Cum
470 1995 588 2051 autem
617 1980 753 2073 aliquid
786 1975 844 2049 hic
877 1981 983 2050 etiam
1009 1980 1052 2048 de
1078 1980 1143 2046 do·
1194 2003 1266 2049 esse
1290 1975 1359 2049 hoc
1383 1993 1541 2072 tempore
1562 2004 1654 2049 nova
1678 1982 1860 2052 doctrinae
1881 1984 2111 2074 cognitione,
2134 2007 2178 2054 res

155 2084 268 2154 ctrina
291 2082 480 2152 dicendum
501 2083 565 2166 sit,
589 2095 623 2151 et
644 2075 712 2150 boc
727 2094 884 2170 tempore
899 2080 1009 2149 multa
1026 2081 1070 2149 de
1086 2080 1142 2148 iu·
1193 2081 1363 2150 iudicatas
1384 2104 1457 2149 esse
1480 2081 1518 2149 in
1543 2082 1689 2152 vetustis
1704 2081 1879 2176 Synodis,
1905 2080 2038 2155 barum
2057 2087 2177 2156 autori-

154 2184 257 2255 diciis
271 2185 476 2273 dogmatum
489 2181 695 2276 acSynodis
711 2181 953 2272 disputentur,
976 2203 1143 2274 quaeram
1192 2196 1298 2253 tatem
1322 2205 1396 2251 non
1419 2204 1492 2250 esse
1514 2205 1607 2251 nova
1632 2184 1872 2274 disputatione
1894 2185 2177 2261 labefactandam.

153 2288 198 2354 dc
221 2296 390 2376 potestate
411 2283 713 2375 interpretationis
728 2284 766 2351 in
783 2280 959 2367 Ecclesia,
985 2308 1031 2351 an
1047 2282 1143 2352 utin
1192 2282 1231 2353 si
1246 2285 1443 2373 exemplum
1460 2284 1566 2369 semel
1583 2285 1774 2352 admissum
1790 2285 1897 2357 luerit
1910 2287 1956 2357 dc
1969 2287 2083 2358 rebus
2095 2288 2175 2359 iudi·

153 2386 330 2477 imperiis,
354 2398 506 2476 potestas
529 2384 574 2454 sit
589 2384 684 2473 regia
701 2406 762 2454 seu
777 2384 952 2476 praetoria
969 2384 1142 2473 interpre·
1192 2386 1277 2453 catis
1304 2383 1517 2453 disserendi:
1549 2384 1689 2454 nullum
1713 2387 1819 2455 linem
1843 2388 1893 2457 ait
1915 2389 1994 2458 lore
2019 2390 2173 2459 dissidio·

151 2487 253 2557 tandi
269 2486 416 2555 obscura
432 2487 524 2555 dicta
538 2484 576 2553 in
587 2485 725 2576 scriptis
733 2482 991 2576 Prophetarum
1001 2481 1142 2574 etApo-
1191 2510 1291 2570 rum,
1315 2499 1349 2555 et
1365 2485 1553 2555 monstrari
1566 2486 1668 2554 malis
1683 2487 1835 2576 ingeniis
1850 2489 1945 2558 viam
1960 2490 2172 2582 dissipandae

152 2588 346 2671 stolorum,
371 2587 512 2676 alligata
534 2601 628 2657 certo
646 2588 783 2666 ordini,
809 2611 869 2655 seu
885 2587 977 2656 loco.
1030 2583 1141 2675 Saepe
1191 2585 1368 2658 Ecclesiae
1383 2586 1548 2657 omnibus
1564 2589 1792 2678 temporibus,

151 2686 190 2755 in
213 2682 309 2757 bunc
330 2689 514 2779 scopulum
535 2710 715 2757 sermones
728 2687 924 2779 sapientum
943 2687 1142 2770 incurrunt,
1293 2685 1401 2756 Nulla
1438 2701 1490 2757 est
1532 2690 1624 2777 apud
1663 2713 1759 2778 reges
1797 2689 2028 2780 plausibilior
2067 2691 2174 2771 oratio,

152 2802 336 2879 propterea
358 2790 453 2882 quod
476 2789 575 2858 nulla
598 2788 814 2858 iudiciorum
831 2788 1000 2857 autoritas
1017 2787 1053 2853 in
1070 2781 1141 2854 Ec·
1191 2812 1297 2880 quam
1321 2784 1425 2872 haec,
1451 2790 1532 2880 quia
1556 2790 1761 2859 servitutem
1780 2792 1904 2881 populi
1921 2795 2173 2880 confirmaret

152 2889 255 2958 clesia
280 2912 353 2958 esse
373 2890 532 2972 videtur,
556 2889 587 2956 si
607 2887 890 2979 interpretationi
906 2888 1064 2957 iudicum
1082 2910 1140 2955 re·
1191 2889 1289 2958 iubet
1312 2912 1431 2977 regum
1454 2891 1639 2959 sententiis
1657 2915 1720 2959 seu
1744 2892 1836 2961 veris
1858 2917 1920 2962 scu
1934 2895 2040 2965 salsis
2059 2920 2171 2986 parere.

153 2991 305 3059 clamare
334 2989 432 3060 licet:
465 3002 500 3059 et
530 2989 722 3079 petulantia
750 2989 974 3078 ingeniorum
1000 2988 1141 3057 nullum
1190 2988 1412 3060 Demetrium
1434 3013 1570 3078 regem,
1597 2992 1697 3061 cuius
1718 3006 1753 3062 et
1766 2996 1907 3064 fortuna
1926 2997 2029 3066 varia
2045 2998 2128 3082 suit,
2146 3009 2173 3065 et

151 3085 315 3160 habitura
339 3105 391 3162 est
413 3092 572 3172 frenum,
593 3091 622 3158 si
646 3091 853 3159 labefactare
877 3090 1031 3159 iudicata
1054 3112 1140 3157 con·
1190 3091 1373 3180 ingenium
1392 3091 1549 3175 varium,
1575 3118 1654 3162 cum
1672 3092 1734 3163 diu
1749 3096 1956 3166 antecellere
1974 3096 2170 3188 regibusri·

125 3192 300 3262 ¹ceditur.
351 3189 424 3261 Nec
452 3193 572 3280 ignota
602 3204 686 3260 sunt
713 3191 870 3281 exempla
900 3204 976 3260 tum
1009 3203 1140 3272 vetera,
1191 3192 1280 3260 cinis
1303 3194 1340 3259 in
1358 3187 1503 3282 Europa
1527 3205 1561 3261 et
1585 3194 1622 3260 in
1641 3189 1747 3280 Asia,
1773 3190 2016 3268 Athenienses
2040 3197 2175 3269 delinire

151 3306 226 3362 tum
257 3292 422 3364 recentia.
482 3289 526 3361 In
548 3287 771 3360 Antiochena
798 3290 944 3384 Synodo
973 3294 1140 3360 adversus
1189 3294 1357 3364 omnibus
1373 3293 1530 3362 artificiis
1545 3307 1579 3363 et
1595 3295 1732 3364 infinita
1751 3298 1955 3369 adulatione
1971 3301 2168 3371 studebant.

150 3391 418 3463 samosatenum
441 3393 725 3484 pronunciarunt
742 3392 809 3459 viri
829 3392 922 3461 docti
940 3406 973 3461 et
987 3392 1054 3481 pii,
1081 3385 1139 3462 tci-
1293 3392 1341 3466 Ut
1355 3394 1466 3483 igitur
1479 3395 1733 3484 significarent,
1758 3421 1795 3466 se
1809 3394 1905 3468 hunc
1920 3399 2086 3471 iudicare
2096 3426 2179 3471 sum-

148 3518 220 3591 γον
243 3494 395 3583 intelligi
410 3516 616 3583 personam,
639 3494 704 3562 ubi
723 3492 870 3561 loannes
886 3493 951 3562 ait:
980 3491 1022 3560 ln
1041 3493 1138 3582 prin·
1189 3518 1288 3563 mum
1319 3518 1393 3564 esse
1424 3519 1566 3586 regum,
1607 3512 1641 3568 et
1673 3499 1788 3568 colere
1817 3500 1951 3569 divinis
1977 3496 2180 3584 honoribus,

151 3594 243 3684 cipio
268 3606 342 3663 erat
365 3596 526 3668 verbum.
585 3592 655 3663 Sed
681 3618 746 3662 uec
772 3591 1020 3664 Samosatenus
1042 3607 1139 3675 tunc,
1189 3597 1382 3687 pinxerunt
1405 3620 1486 3666 eum
1508 3599 1606 3666 coelo
1626 3599 1858 3686 insidentem,
1884 3616 1919 3673 et
1934 3604 2124 3677 decretum
2136 3606 2179 3673 te·

149 3716 215 3762 nec
236 3706 354 3784 postea
368 3690 546 3766 Photinus
566 3694 605 3761 in
620 3693 763 3786 Syrmio
784 3697 964 3786 amplexus
981 3710 1030 3765 est
1047 3690 1139 3764 banc
1190 3712 1329 3768 cerunt:
1367 3696 1555 3792 Quidquid
1573 3700 1650 3769 vult
1664 3724 1725 3770 rex
1740 3698 1964 3787 Demetrius,
1989 3705 2038 3795 tid
2057 3705 2180 3799 populo

148 3792 489 3886 interpretationem.
538 3792 613 3863 Diu
638 3794 747 3883 igitur
773 3809 917 3886 propter
941 3791 1033 3866 banc
1053 3820 1139 3867 con·
1188 3793 1399 3869 Atheniensi
1423 3800 1521 3890 pium
1547 3812 1580 3869 et
1602 3800 1734 3872 iustum
1758 3803 1882 3876 videri.
1935 3802 1978 3876 Si
1997 3808 2179 3899 talempo-

148 3895 355 3965 troversiam
369 3891 546 3968 Ecclesiae
560 3896 768 3967 dilaceratae
783 3911 877 3967 sunt.
1187 3901 1333 3991 tentiam
1355 3900 1543 3972 Sadoletus
1570 3915 1604 3971 et
1631 3904 1765 3974 similes
1789 3907 2097 3996 gubernatoribus
2117 3905 2179 3981 Eo·

251 4026 407 4100 Econgm
437 4055 521 4100 vero
553 4030 714 4122 tymni,
739 4031 937 4116 stabilitur,
973 4034 1003 4104 εἰ
1027 4036 1137 4104 resm-
1187 4001 1313 4116 etesiae
1334 4002 1445 4072 tribui
1461 4002 1607 4088 volunt,
1632 4029 1782 4094 regnum
1798 4007 2025 4080 constituunt
2037 4031 2178 4106 prorsas

149 4128 223 4219 gari
245 4131 527 4222 interpretationi
548 4143 608 4200 aut
630 4132 779 4202 decretis
799 4146 982 4221 potentum
1002 4160 1075 4203 non
1093 4136 1137 4204 li·
1185 4115 1347 4191 ¹3⁰⁰¹¹¹¹¹¹
1364 4098 1572 4192 Elffl'gellffl

149 4245 220 4316 cet,
244 4244 285 4301 ut
307 4253 407 4322 saepe
431 4246 575 4323 propter
598 4246 752 4320 receptas
773 4234 876 4303 falsas
893 4236 1136 4327 persuasiones
1207 4304 1217 4321 ‚
1291 4203 1391 4321 vale}
1421 4203 1459 4271 3¹⁸
1483 4205 1611 4322 f¹¹¹lml³
1632 4202 1817 4278 ll⁰¹¹¹l⁰⁰m
1843 4207 2049 4327 ⁸3¹¹Jlll¹¹¹d⁰
2071 4213 2177 4305 impt-

147 4332 185 4400 in
208 4356 338 4423 paucos
359 4348 392 4403 et
418 4333 610 4402 imbecilles
629 4348 720 4404 recte
741 4335 931 4407 sentientes
946 4337 1136 4406 crudeliter
1185 4326 1342 4385 ‘mlum’
1374 4330 1412 4373 ¹¹¹
1433 4307 1561 4398 ‘llubffi
1582 4309 1834 4396 8¹¹b0¹⁰³l⁰¹0⁵
1854 4313 1971 4382 ¹f¹b¹¹⁸
1995 4316 2105 4386 rebus
2123 4338 2176 4388 ar·

148 4434 318 4505 saevitum
349 4448 410 4506 est
461 4433 648 4505 Pontifices
673 4448 706 4504 et
733 4459 857 4524 magna
882 4438 986 4507 turba
1010 4436 1135 4508 Sacer·
1184 4406 1271 4522 ¹¹¹?st
1294 4421 1394 4524 *ΜΡ
1419 4409 1512 4496 '‘g‘’
1536 4413 2046 4531 9⁰¹⁸⁵l³¹03¹¹¹efPi²¹³¹l⁰⁰l⁸a
2072 4431 2175 4487 ‘¹²¹’
2218 4460 2220 4507 ὲ

147 4531 1134 4623 dotumetPhariseornmdamnaruntZachariam‚'Ba-
1183 4529 1263 4575 '¹¹¹⁵‘
1315 4504 1383 4626 ῌκ
1408 4512 1495 4576 οῐᾶο
1518 4508 2175 4636 ‘lPafufffehffl'nufflfflnssffllbfi
2218 4574 2220 4579 ·

146 4636 306 4731 mistam,
332 4632 533 4720 Christum,
559 4637 770 4727 Apostolos,
796 4640 1133 4730 proppetfnterpre-
1182 4608 1346 4727 salutaris
1366 4622 1419 4678 cst
1440 4612 1701 4702 tranquillitati.
1720 4714 1729 4730 ⁸
1748 4612 2028 4734 ‚Ellcstd‘m’
2067 4635 2107 4691 ut
2129 4632 2172 4690 sta

145 4737 313 4805 tationem
328 4739 609 4828 discrepantiam.
663 4736 1132 4831 llliMessiamsculpserant
1182 4732 1388 4793 ”mmmm’
1420 4713 1636 4830 ¹¹³⁰⁵fim¹3l
1658 4714 1792 4833 pf'ffl'c}
1813 4741 1879 4785 '¹²¹
1902 4719 1944 4787 Μ]
1968 4715 2174 4803 Eiclsslffl’
2218 4808 2220 4815 .

145 4860 186 4904 ex
208 4838 310 4908 dictis
335 4837 555 4930 Propheticis
582 4839 708 4921 talem,
749 4839 809 4931 qui
833 4839 979 4931 imperia
1005 4844 1131 4911 rnrrndi
1181 4834 1288 4928 ‘luafn
1316 4813 1442 4931 ΨΜ
1468 4809 1633 4884 human*
1656 4817 1808 4885 V¹P⁰¹¹l¹⁵
1830 4831 1863 4886 ‘l
1887 4821 2016 4910 ⁸²P¹l⁸³
2046 4836 2090 4893 ¹¹⁸
2109 4820 2174 4890 ἰῶ·

145 4951 176 5006 et
201 4963 283 5031 opes
306 4942 454 5012 daturus
476 4955 563 5010 esset
584 4939 731 5008 civibus.
796 4937 899 5011 Hanc
924 4942 1130 5034 opinionem
1179 4934 1297 5030 ἥρω’
1328 4917 1565 5032 f¹f⁶J¹¹¹¹d³rft
1600 4939 1679 5028 cum
1709 4931 1827 4987 tamin
1847 4919 1885 4987 ln
1907 4915 1973 4991 hic
1996 4925 2172 5012 gubern*
2218 4940 2220 4945 ¹

143 5038 307 5130 mffragfa
331 5066 550 5110 summorum
575 5039 849 5125 confirmabant,
879 5056 912 5113 et
937 5045 1130 5134 adplaude,
1180 5027 1278 5085 tione
1293 5014 1361 5083 alra
1377 5029 1448 5084 smt
1466 5031 1600 5104 potiora
1619 5020 1778 5087 ducenda
1793 5015 1959 5090 humanis
1974 5024 2125 5112 legibus.

136 5139 201 5208 'hat
217 5140 417 5232 promiscua
433 5143 635 5214 mullitudo·
668 5138 965 5234 Magnumigstur
979 5159 1012 5215 e,
1025 5168 1130 5236 grave
1280 5114 1824 5236 NarratHermogenesfabulam
1839 5125 1882 5191 de
1896 5124 2013 5195 simiis
2025 5128 2067 5197 in
2083 5121 2169 5196 hauc

1178 5230 1400 5289 sententiam.
1452 5216 1625 5287 Videraut
1641 5221 1763 5289 simiae
1780 5225 1902 5308 urbes,
1930 5240 1965 5295 et
1982 5229 2167 5299 utilitatem

172 5372 205 5441 s)
210 5374 277 5493 ⁰1:¹92
289 5373 517 5455 repunctatr'ones
532 5402 567 5415 -
584 5371 756 5458 theologicis]
784 5370 857 5429 llaec
871 5375 899 5428 in
914 5374 1038 5430 oratione
1057 5358 1141 5446 syn.'
1175 5321 1515 5483 {litmadvettet'ttnss
1548 5322 1643 5411 quod
1672 5334 1761 5390 tecla
1792 5341 1950 5398 arcerent
1974 5330 2118 5447 pluvias
2136 5341 2166 5396 et

248 5453 355 5494 scarms
375 5441 679 5494 breonuentusnostrs.
1191 5440 1327 5506 t'tgortt,
1356 5434 1505 5512 parteiet
1525 5421 1749 5494 excluderent
1771 5426 1883 5511 sures,
1915 5453 2061 5503 moenra
2081 5433 2164 5500 feras
