4664 6022
141 296 218 379 895
704 292 865 372 DECL.
906 294 981 372 DE
1009 293 1291 373 uucotttto
1326 293 1638 377 FRANCIAE,
2115 295 2194 373 896

143 473 316 569 sequitur.
366 469 441 543 Nec
463 470 561 543 domi
584 484 733 543 aetatem
756 471 795 540 io
815 471 894 543 ocio
907 483 1047 563 'agunt,
1079 474 1140 543 sed
1192 482 1327 543 cerunt.
1379 470 1561 543 Virtutem
1585 495 1659 542 esse
1682 475 1839 559 ducunt,
1869 495 2014 564 operam
2037 472 2084 542 ad
2108 496 2195 564 pro·

143 574 277 651 habent
291 574 433 647 assidua
449 578 624 669 equestria
641 573 818 648 exercitia.
843 570 910 645 Est
922 575 1006 646 item
1024 573 1141 645 Fran·
1192 576 1372 670 pagaudas
1394 588 1429 646 et
1446 579 1707 646 conservandas
1724 589 1816 646 artes
1841 577 2015 649 conferre.
2064 571 2192 670 ltaque

143 683 198 753 cia
214 678 360 748 sinistro
374 675 659 748 humeroBootis
674 690 766 747 recte
779 676 947 763 subiecta,
969 678 1032 770 qui
1045 680 1139 767 agri-
1191 702 1288 748 nunc
1309 672 1513 748 Schonerus
1536 702 1665 767 magno
1685 704 1766 748 cum
1788 680 1911 748 labore
1930 672 2098 768 provehit
2111 675 2194 749 Ma-

142 784 305 855 culturae
336 782 494 851 studium
525 781 665 850 excitat:
706 793 741 850 ct
763 780 933 873 quoniam
955 780 1074 873 aliqua
1099 804 1139 851 ex
1190 776 1359 851 themata.
1405 778 1523 869 Quam
1539 783 1671 851 multos
1686 781 1726 850 in
1738 777 1807 852 bac
1823 796 1924 874 parte
1938 774 2191 872 Philosophiae

142 899 242 979 parte
269 886 377 954 refert
402 882 575 954 Mercurii
596 897 629 954 et
653 881 800 953 Saturni
824 897 1006 966 naturam,
1040 886 1139 954 addit
1192 883 1400 953 excellentes
1424 881 1620 974 Noriberga
1647 885 1795 974 genuit?
1827 885 1929 955 cuius
1952 883 2108 955 civitatis
2131 905 2190 973 ge·

142 988 216 1059 vim
239 986 401 1076 ingeniis.
454 985 610 1055 Proinde
632 1009 707 1054 non
731 986 848 1055 solum
866 985 906 1053 in
923 986 1139 1074 vulgaribus,
1192 986 1274 1055 nius
1290 986 1517 1076 peculiariter
1529 987 1645 1057 savera
1666 982 1752 1056 huic
1766 983 2022 1079 Philosophiae
2036 986 2188 1057 videtur.

143 1089 364 1172 domesticis,
395 1101 457 1158 aut
479 1088 646 1158 civilibus
666 1088 840 1177 negociis,
874 1088 1064 1176 singularis
1088 1103 1140 1160 est
1191 1086 1288 1156 Clari
1304 1103 1387 1160 suot
1403 1089 1508 1158 editis
1526 1090 1768 1160 monumentis
1786 1089 2028 1174 Pircameros,
2051 1101 2089 1159 et
2102 1088 2187 1159 alter

142 1195 182 1263 io
200 1191 330 1262 nostris
347 1191 555 1276 dexteritas,
580 1191 761 1260 sedetiam
779 1192 817 1259 in
832 1190 947 1259 literis
963 1203 997 1259 et
1014 1215 1139 1261 recon-
1194 1189 1430 1275 Wernerius,
1457 1217 1562 1284 qoem
1577 1217 1659 1262 vere
1674 1193 1842 1263 artificem
1864 1194 1994 1278 fuisse,
2021 1191 2186 1264 eruditis·

142 1295 227 1367 ditis
251 1293 387 1365 artibus
411 1294 517 1365 multi
537 1293 797 1377 excelluerunt,
824 1317 913 1386 quos
932 1317 1139 1363 enumerare
1192 1293 1299 1361 simae
1324 1293 1434 1384 ipsius
1457 1295 1722 1365 observationes
1736 1299 1780 1364 dc
1802 1309 1901 1365 motu
1919 1309 2067 1367 octavae
2085 1290 2185 1387 sphe-

142 1398 290 1488 longum
308 1409 406 1471 esset.
458 1395 530 1467 Sed
544 1410 661 1466 tamen
679 1396 820 1466 silentio
839 1397 1028 1486 praeterire
1044 1397 1139 1481 illos,
1192 1419 1251 1465 rae
1268 1409 1451 1469 testantur.
2066 1403 2072 1413 ’

141 1523 297 1594 quorum
326 1509 448 1568 extant
479 1496 709 1569 monumenta
737 1499 840 1570 utilia
866 1495 1023 1588 Reipub.
1050 1513 1139 1570 esset

141 1598 302 1673 hominis
318 1601 462 1690 ingrati.
1192 1631 1310 1701 mania
1328 1632 1492 1702 excitavit
1511 1634 1647 1725 primus
1662 1634 1851 1705 Conradus
1865 1635 1997 1719 Celtis,
2023 1648 2130 1706 natus
2150 1635 2185 1705 io

245 1701 336 1792 Quis
359 1718 513 1773 vestrum
539 1727 612 1772 non
638 1719 733 1776 amat
761 1729 894 1775 nomen
916 1705 1139 1796 Regiomoo-
1193 1747 1313 1804 „offla
1328 1733 1493 1804 Francia:
1521 1736 1676 1828 quicum
1694 1763 1819 1807 venam
1839 1734 1983 1809 haberet
2006 1737 2094 1808 satis
2113 1738 2184 1809 foc·

142 1805 246 1878 tani?
271 1807 351 1900 quis
368 1829 442 1874 non
460 1820 648 1877 veneratur
663 1833 763 1894 eum,
786 1823 825 1879 ut
840 1834 975 1880 numen
992 1809 1137 1901 aliquod
1192 1838 1314 1918 licem,

142 1909 318 1980 divinitus
336 1910 519 1977 interram
541 1909 704 1994 missurn,
730 1913 774 1978 ad
792 1911 1059 1980 instaurandam
1078 1935 1137 1976 ve·
1194 1964 1274 2008 men
1295 1944 1581 2030 componendum
1606 1967 1694 2032 opus
1715 1958 1783 2028 est,
1811 1968 1884 2013 non
1905 1942 2186 2013 conlemumq,
2226 2020 2228 2025 Ι

142 2035 220 2080 ¹³¹⁰
239 2006 508 2102 Phil⁰⁵⁰Pl¹iarn
528 2012 572 2079 de
597 2013 755 2081 “mribus
778 2015 1015 2083 ⁰⁰⁰l⁰⁸¹lbusi
1046 2011 1138 2083 Μ’
1191 2042 1266 2131 gari
1293 2043 1515 2127 eruditione,
1550 2044 1714 2115 adiunxit
1734 2040 2029 2138 Philosophiam,
2055 2057 2184 2116 ercan

143 2114 320 2232 llufffllm
340 2112 1138 2237 issffllssl‘laPlusPfflffiiffil5¹¹⁰⁰⁹8⁰¹¹⁸f⁰di
1192 2146 1398 2214 excitandae
1422 2145 1753 2232 iuventutiscausa,
1778 2163 1951 2218 tumvero
1975 2147 2086 2218 etiam
2108 2170 2184 2218 eru·
2225 2202 2228 2213 .

142 2229 277 2286 ctrroae
309 2217 527 2284 restrturodo
550 2218 674 2298 nobas,
715 2242 819 2309 quam
843 2217 1138 2305 Regmmontanrt
1192 2248 1359 2332 (fiendae,
1386 2250 1514 2338 passim
1541 2250 1678 2318 refersit
1702 2275 1764 2320 sua
1788 2254 1953 2342 pogmat,
1977 2245 2184 2345 physgdgg

142 2319 308 2412 quicum
333 2317 474 2405 ingenio
499 2331 533 2387 et
558 2318 1139 2390 errulitiooeinhlathematisex-
1191 2350 1555 2423 astronomicjslocqs·
1621 2350 1717 2422 Haec
1741 2366 1947 2443 argumenta
1972 2353 2029 2421 ,eq
2056 2352 2183 2445 puni,

143 2421 305 2503 teneret,
338 2420 545 2512 videretque
579 2422 657 2490 ⁵5⁰⁰
689 2425 895 2512 ⁶⁰d⁰l¹i⁰¹¹e
920 2420 1137 2493 Graecarum
1193 2477 1260 2542 poe
1285 2452 1475 2521 convenire
1497 2456 1670 2542 poematis
1693 2471 1787 2526 recte
1810 2457 1936 2538 sensit,
1963 2469 2075 2526 norat
2097 2454 2182 2525 roim

142 2524 326 2592 literarum
360 2523 680 2614 praestantissimos
712 2526 900 2616 scriptores
934 2523 1139 2595 llllathema-
1193 2544 1666 2646 „estrangmplaflesiodi’
1690 2555 1939 2649 Empedoclis,
1962 2554 2090 2643 Ami,
2110 2554 2185 2628 Ma·
2225 2618 2228 2635 Ι

1326 2658 1464 2726 viderat
1489 2671 1524 2727 et
1547 2659 1768 2730 luculentum
1793 2667 1916 2752 poiima
1946 2682 2075 2731 recens
2095 2657 2185 2731 Poo-

216 2830 224 2847 ,
687 2832 694 2847 ,
725 2833 733 2847 ,
899 2835 907 2850 ‚
1109 2833 1117 2848 .
1330 2759 1450 2848 Quare
1469 2775 1501 2831 ct
1516 2760 1588 2829 sibi
1603 2775 1638 2832 et
1661 2764 1794 2853 patriae
1812 2760 2003 2841 honestum
2023 2765 2104 2834 sore
2125 2786 2186 2857 pu·

144 2828 297 2913 Italiam,
322 2852 448 2918 magna
468 2854 547 2946 curo
566 2831 732 2898 lauderbr
751 2847 785 2900 et
803 2835 1036 2902 docurtsuam
1051 2829 1137 2901 Phr·
1192 2862 1297 2945 ,μὴ’
1330 2863 1359 2929 si
1387 2877 1420 2931 e,
1446 2863 1520 2954 ipse
1551 2863 1588 2931 in
1613 2866 1772 2936 versibus
1797 2861 2072 2959 philosophiam
2096 2890 2184 2937 mm,

142 2926 357 3023 losophiam,
383 2947 417 3000 et
434 2926 597 2999 hommes
614 2930 750 3002 Graece
766 2938 887 3004 doctos
904 2935 1057 3004 vicissim
1075 2959 1137 3003 au·

144 3036 252 3118 divit,
290 3033 454 3102 lustravit
483 3032 735 3114 bibliothecas,
768 3038 955 3131 inquisivit
985 3039 1138 3128 optimos

143 3151 304 3222 autores,
330 3149 371 3205 ut
394 3132 617 3221 Ptolemaeo,
643 3163 749 3232 quern
770 3138 947 3211 illustrare
965 3141 1138 3231 cupiebat,

143 3240 251 3310 situm
267 3253 301 3310 et
319 3237 519 3330 squalorem
537 3239 742 3333 detergeret.
797 3240 919 3337 ltaque
937 3267 1061 3332 magna
1076 3268 1138 3311 va-

142 3342 267 3412 rietate
297 3354 615 3410 monumentorum
645 3368 710 3413 oos
742 3345 926 3428 instruxit,
961 3345 1135 3413 enarravit

1294 1527 1364 1600 Sed
1380 1530 1493 1599 dicam
1511 1532 1555 1598 de
1569 1530 1647 1600 aliis
1662 1533 1810 1608 artibus.
1845 1531 2024 1606 Poeticam
2041 1532 2083 1601 iu
2098 1528 2185 1603 Ger·

1341 1852 1375 1906 et
1392 1852 1481 1908 esset
1496 1840 1669 1929 expolitus
1685 1841 1728 1910 iis
1741 1841 1872 1926 literis,
1897 1843 2031 1936 quibus
2049 1841 2094 1910 ad
2114 1862 2184 1910 car·

137 2642 219 2698 'tum
235 2648 308 2694 noo
323 2648 424 2714 posse
440 2624 605 2715 intelligi,
621 2626 758 2696 dedidit
769 2653 804 2697 se
815 2626 972 2697 Graecae
986 2629 1138 2717 linguae,
1191 2656 1294 2741 nim,

142 2753 184 2799 ac
211 2741 349 2797 secutus
371 2725 617 2796 Bessarionem
643 2727 820 2798 Graecum
847 2729 1074 2802 Cardinalem
1100 2731 1138 2797 in
1192 2760 1276 2828 tani·

1192 2963 1412 3056 plecteretur.

1293 3098 1430 3171 Habuit
1453 3102 1630 3172 recentior
1653 3118 1746 3173 aetas
1761 3102 1906 3176 Poetam
1923 3128 2072 3175 summo
2092 3124 2175 3193 rme·

1192 3203 1252 3272 nio
1270 3200 1491 3289 Huttenum,
1519 3207 1581 3298 qui
1597 3206 1665 3274 nisi
1682 3207 1869 3277 immatura
1886 3221 2001 3277 morte
2017 3207 2183 3278 extinctu

1191 3320 1298 3389 esset,
1322 3308 1364 3374 ad
1391 3307 1571 3376 scribendi
1596 3310 1797 3379 facultatem
1823 3309 1903 3399 plus
1928 3308 2186 3380 eruditiouiaet

143 3459 285 3517 autores
306 3456 458 3527 veteres,
491 3442 654 3514 difficiles
676 3447 763 3517 artis
784 3448 1008 3540 quaestiones
1028 3447 1138 3537 agita·
1188 3407 1316 3526 iqfficil
1330 3403 1556 3479 ³dhlbl¹¹ffl¹⁵
1573 3426 1656 3481 “³¹⁰
1683 3411 1895 3531 Sfd‘luani‘l
1913 3412 1950 3480 in
1967 3413 2080 3533 θῡῑζῗδ
2094 3412 2184 3534 ξῐῑὸῑ·

143 3548 213 3632 vit,
252 3546 366 3615 edidit
398 3545 556 3632 tabulas,
595 3561 637 3617 ut
663 3550 848 3639 posternas
871 3552 1025 3621 retinere
1053 3550 1139 3618 mis
1192 3536 1245 3579 on
1261 3526 1294 3580 et
1311 3524 1459 3580 naturae
1475 3513 1616 3582 ubertas
1630 3515 1747 3598 luent,
1773 3519 1967 3586 ostendunt
1982 3529 2020 3586 et
2034 3541 2077 3585 en
2092 3536 2185 3583 ruvo

144 3648 399 3741 possessionem
419 3662 546 3738 posset·
587 3648 700 3719 porro
715 3652 837 3720 domos
856 3648 1018 3722 homines
1033 3652 1137 3721 imel-
1192 3614 1324 3681 aiendo
1340 3635 1503 3698 acumen,
1527 3627 1562 3683 et
1577 3615 1614 3683 in
1630 3617 1839 3707 explicando
1858 3619 2053 3690 verborum
2072 3617 2183 3713 spleo·

143 3753 254 3841 ligere
271 3752 388 3833 decet,
407 3764 580 3843 quantum
601 3751 646 3820 sit
663 3753 892 3837 beneficium,
919 3759 1057 3824 tradere
1073 3756 1139 3822 do-
1192 3717 1259 3784 d⁰f
1274 3729 1308 3785 Εἰ
1326 3739 1441 3805 ‘⁰9¹³'
2225 3820 2228 3855 l

144 3854 295 3924 ctrinam
330 3855 374 3920 da
400 3852 558 3922 motibus
587 3854 810 3927 coelestibus.
870 3854 1010 3926 Amissa
1045 3855 1137 3924 enim
1293 3849 1480 3919 Praetereo
1496 3852 1687 3942 plurimos,
1714 3876 1866 3944 quorum
1882 3857 2038 3927 eruditio
2056 3862 2093 3929 et
2108 3858 2182 3952 ipsis

145 3981 229 4025 vera
247 3955 333 4022 anni
350 3953 603 4045 descriptione,
631 3958 745 4049 qualis
762 3959 960 4038 barbaries,
987 3971 1140 4052 quantae
1193 3954 1317 4037 decus,
1344 3966 1378 4022 et
1404 3953 1537 4042 patriae
1562 3955 1721 4042 ingentes
1743 3958 1913 4028 utilitates
1933 3961 2070 4035 attulit.
2122 3961 2198 4033 Sed·

142 4059 311 4130 tenebrae
333 4057 369 4124 iu
394 4052 573 4142 historiis,
598 4061 851 4148 religionibus,
876 4060 948 4129 inm
967 4060 1139 4129 inomni·
1193 4057 1341 4125 facerem
1366 4055 1515 4141 iniuste,
1547 4057 1672 4126 sinon
1704 4059 1741 4126 io
1765 4053 1829 4129 hac
1851 4064 2182 4135 commemoratione

145 4163 212 4231 bus
228 4160 320 4229 vitae
334 4160 533 4231 actionibus
554 4177 737 4233 secuturae
754 4165 894 4233 essent?
932 4163 1053 4252 Quare
1067 4160 1139 4233 Re·
1193 4158 1338 4227 laudum
1356 4158 1499 4249 patriae,
1516 4161 1765 4249 complecterer
1779 4177 2044 4256 praeceptorem
2061 4188 2180 4245 meum,

145 4268 376 4354 giomootaoo
395 4262 542 4352 gratiam
559 4288 682 4333 omnes
697 4279 816 4354 gentes
831 4268 979 4348 dehent,
1005 4288 1141 4358 nosque
1196 4256 1414 4328 loachimum
1432 4257 1693 4346 Camerarium,
1718 4267 1925 4355 praesertim
1942 4290 2024 4336 curn
2043 4294 2117 4340 non
2132 4290 2179 4338 so·

139 4366 258 4457 ipsius
280 4388 383 4434 eausa
414 4364 620 4448 Franciam,
654 4367 778 4459 inqua
796 4381 932 4436 tantum
957 4367 1138 4456 ingenium
1193 4363 1267 4432 lom
1289 4362 1365 4431 eius
1381 4362 1518 4445 studia,
1545 4365 1728 4433 sedetiam
1746 4369 1871 4458 optimi
1888 4391 2006 4438 mores
2030 4371 2178 4463 exemplo

145 4482 271 4539 natum
288 4482 350 4551 est,
375 4468 487 4556 magis
502 4492 620 4535 amare
635 4470 744 4539 decet.
795 4467 958 4562 Cumque
975 4465 1060 4538 haec
1076 4494 1140 4537 na·
1194 4465 1294 4533 vobis
1317 4488 1390 4533 esse
1411 4466 1574 4534 debeant.
1623 4464 1811 4537 Neminem
1827 4469 1924 4542 euim
1941 4470 2039 4559 vidi,
2069 4474 2178 4566 iuqoo

146 4571 196 4642 tio
230 4569 419 4638 minimum
447 4566 572 4637 babeat
607 4571 791 4639 servilium
819 4571 1061 4660 ingeniorum,
1103 4572 1139 4638 io
1195 4567 1304 4656 magis
1329 4568 1461 4637 luceret
1483 4567 1538 4651 id,
1572 4572 1668 4661 quod
1699 4572 1841 4662 proprie
1865 4587 2013 4643 vocatur
2042 4570 2179 4671 ἠθικὸν,

146 4672 273 4744 studiis
311 4672 416 4742 etiam
448 4672 604 4740 ostendit
638 4673 910 4761 ingenuitatem,
957 4675 1033 4743 odit
1065 4697 1141 4741 sor·
1195 4663 1350 4753 horest,
1379 4672 1686 4761 quaedamavera
1708 4674 1846 4742 ratione
1861 4674 2017 4767 profecta
2037 4680 2077 4748 iu
2092 4672 2179 4748 omui

145 4779 208 4847 des
239 4790 273 4845 et
301 4775 472 4863 aucupia,
511 4788 676 4867 quaestus
697 4775 735 4842 in
761 4775 890 4856 literis,
929 4800 969 4846 ae
997 4776 1140 4868 plurimi
1195 4772 1332 4839 actione
1348 4772 1562 4855 moderatio,
1588 4797 1693 4863 quam
1712 4774 1749 4843 in
1768 4776 1848 4847 isto.
1898 4774 2068 4872 Cumque
2090 4776 2180 4851 iusti·

146 4871 707 4969 amplectunturhonestasartes,
726 4878 1141 4948 doctriuaeacveritatis
1195 4873 1265 4953 cia,
1309 4874 1505 4947 reverentia
1535 4874 1720 4964 religionis
1753 4893 1788 4949 et
1812 4879 2037 4952 continentia
2063 4878 2181 4955 eximit

146 5003 279 5052 amore.
335 4976 418 5046 ldeo
441 4978 545 5045 multi
570 4981 664 5070 apud
687 5003 753 5048 nos
770 4981 875 5049 etiam
890 4981 928 5049 in
947 4982 990 5050 iis
1007 4981 1143 5050 artibus
1196 4976 1375 5066 praeditus
1390 4976 1446 5060 sit,
1472 4991 1548 5046 tum
1564 5002 1647 5047 vero
1663 4979 1815 5050 maxime
1830 4982 1965 5053 eminet
1980 4983 2019 5052 in
2034 5003 2181 5057 coemat

146 5082 408 5165 excelluerunt,
434 5104 524 5173 quae
538 5082 645 5171 vulgo
661 5081 774 5152 iacent
789 5095 944 5174 spretae,
968 5085 1140 5177 quianon
1195 5079 1371 5162 veritatis,
1396 5104 1486 5172 quae
1500 5080 1611 5149 virtus
1634 5075 1778 5152 homine
1795 5080 2019 5178 Philosopho
2040 5086 2182 5159 maxime

146 5187 302 5267 faciunt,
326 5198 365 5252 ut
379 5181 529 5266 dicitur,
555 5181 646 5274 πρὸς
661 5179 708 5255 roi
726 5182 875 5280 ἄλφιτα.
909 5181 956 5254 Et
973 5185 1140 5278 quoniam
1195 5181 1301 5270 digua
1320 5195 1383 5254 est.
1417 5180 1460 5251 ln
1473 5181 1670 5273 disciplinis
1685 5207 1770 5254 vero
1785 5200 1898 5255 totum
1917 5190 2045 5261 orbem
2061 5189 2180 5261 artium

148 5287 262 5355 nostri
281 5299 363 5355 stant
381 5284 419 5352 in
442 5285 566 5376 primis
586 5283 816 5376 aecumaecui,
844 5288 976 5359 eruditi
993 5313 1066 5357 non
1084 5311 1142 5356 so·
1194 5284 1460 5375 complectitor,
1484 5308 1588 5353 tremo
1612 5308 1653 5353 ex
1674 5288 1806 5357 nostris
1829 5283 2041 5363 homiuibus
2057 5289 2180 5364 Graec

148 5390 224 5458 lum
258 5410 340 5457 suae
367 5386 614 5457 oblectationis
646 5413 749 5458 causa
777 5390 976 5461 doctrinam
1011 5392 1143 5473 colunt,
1194 5387 1334 5456 doctior
1348 5399 1411 5459 est.
1442 5383 1564 5474 Quare
1577 5387 1655 5478 pari
1670 5389 1836 5460 lacrtltate
1853 5389 1988 5463 Graece
2003 5393 2179 5471 etLacim

148 5490 209 5561 sed
228 5489 423 5562 liberaliter
445 5490 654 5584 impertiunt
669 5492 750 5562 attis
763 5492 869 5564 etiarn
886 5518 924 5564 ea
941 5518 1031 5588 quae
1046 5492 1143 5564 didi·
1194 5512 1334 5560 carmen
1368 5504 1403 5561 et
1431 5489 1583 5559 solutam
1609 5491 1810 5570 orationem
1834 5494 1970 5573 scribit.
2001 5494 2079 5570 'Et
2097 5492 2177 5569 haue
