4664 6022
136 310 214 383 6⁰7
563 290 726 371 unct.
767 288 843 367 ult
873 285 1334 366 CONIUNCTIONE
1364 282 1744 365 SCHOLARUM.
2099 286 2168 361 008

137 478 277 555 ordinis
288 473 462 568 dignitate
474 468 661 565 quicquam
675 466 846 557 decerpo,
869 488 999 535 ornare
1010 463 1129 557 potius
1179 475 1301 533 ternae
1316 461 1527 533 intenebris
1545 463 1623 533 sine
1637 456 1770 558 lychno
1791 461 1915 534 nullus
1927 484 2016 533 usus
2029 474 2103 545 ert,
2126 463 2170 534 ita

137 605 264 657 omues
279 580 421 652 studeo:
447 588 482 645 et
502 569 648 642 memini
670 567 804 638 dictum
822 564 1043 650 Aristotelis,
1067 566 1131 658 qui
1180 569 1288 638 urbes
1310 565 1461 636 extincta
1482 564 1664 654 agnitione
1686 562 1774 646 Dei,
1807 579 1843 634 et
1864 588 1987 636 renem
2001 564 2170 635 bonarum

139 702 181 759 ut
208 683 381 775 significet
410 674 530 747 multis
559 671 727 763 madibus
750 684 855 764 atque
880 669 1016 739 attilus
1039 669 1133 737 vitae
1182 667 1363 751 doctrina,
1388 666 1753 741 inutilesmolesesse.
1804 665 2171 758 Patrndumestcrgo,

140 810 232 883 opus
251 808 344 867 esse,
370 778 502 872 inquit:
528 773 609 845 Non
629 797 668 841 ex
686 772 824 841 medico
840 784 874 842 et
890 772 1046 853 medico,
1071 770 1131 838 sed
1182 767 1356 841 Ecclesias
1370 792 1411 838 ac
1434 781 1555 838 coetus
1576 793 1650 838 erse
1664 782 1846 862 oportere,
1871 770 1935 865 qni
1955 766 2076 839 Deum
2091 772 2170 840 αις.

141 914 185 963 rx
205 876 344 959 mcdihc
366 896 401 952 ct
422 876 577 971 agricola
599 877 637 945 lit
659 874 801 959 civitas,
825 874 862 942 id
887 888 957 957 est,
982 872 1134 942 coniun—
1185 875 1309 956 brent,
1334 871 1396 965 qui
1417 871 1617 940 doctrinam
1641 872 1685 942 de
1710 872 1787 942 eiu.
1803 886 1932 943 nam„
1947 886 1985 943 ,ί
1997 870 2170 943 mlum,

140 991 208 1065 ctis
229 986 397 1061 omnibus
419 979 573 1060 artibus,
599 1000 687 1070 quas
703 971 799 1045 Deus
822 975 998 1060 ostendit,
1021 988 1062 1044 ut
1079 973 1134 1042 vi·
1185 975 1315 1068 passim
1338 986 1522 1064 spargant:
1557 969 1626 1044 hoc
1648 997 1754 1043 nemo
1776 989 1917 1064 practer
1927 970 2171 1069 Cyclopesne.

141 1109 199 1167 tae
226 1085 399 1184 praesidia
425 1084 509 1156 sint.
562 1077 736 1169 Magnum
764 1079 912 1149 omuino
944 1080 1050 1146 decus
1083 1087 1135 1145 est
1185 1102 1267 1168 gare
1283 1076 1440 1147 audebit.
1492 1072 1632 1146 Deinde
1656 1077 1721 1145 etsi
1744 1075 1851 1146 multi
1865 1077 2090 1161 existimant,
2114 1068 2170 1147 hs·

142 1217 266 1268 eorum
289 1190 352 1285 qcri
376 1187 511 1259 curiam
533 1184 750 1273 gerbernant,
778 1205 840 1249 nec
864 1180 981 1249 nrinus
997 1192 1046 1247 est
1065 1178 1136 1245 mi·
1186 1180 1300 1248 mines
1323 1178 1401 1248 sine
1423 1178 1554 1259 literis,
1588 1192 1714 1249 natura
1737 1180 1846 1264 duce,
1877 1176 2169 1250 uoluntatemDei

143 1299 248 1369 litum
276 1292 339 1388 qui
369 1288 477 1361 armis
498 1283 678 1379 Resnpub.
703 1296 838 1371 tegunt.
889 1277 1028 1350 Deinde
1052 1304 1136 1350 suus
1188 1304 1330 1352 cernere
1346 1304 1463 1372 posse:
1491 1295 1606 1350 tamen
1621 1304 1687 1350 nos
1700 1280 1739 1349 in
1753 1276 1911 1351 Ecclesia
1926 1277 2168 1352 scimusDrun

144 1400 244 1471 locres
265 1408 318 1467 est
333 1389 515 1484 agricolis,
538 1386 749 1469 artificibus,
773 1386 865 1455 adde
881 1385 985 1453 etiam
1004 1405 1137 1452 mecca·
1190 1385 1360 1452 immensa
1383 1382 1543 1453 bonitate
1569 1407 1643 1453 sese
1661 1381 1863 1477 patefecisse
1876 1382 2000 1474 generi
2016 1377 2168 1469 humano,

143 1500 292 1576 toribus.
344 1495 439 1567 Deus
461 1488 574 1563 voluit
595 1483 757 1557 homines
782 1486 925 1556 interae
941 1481 1007 1554 hac
1022 1483 1138 1553 varie·
1190 1486 1293 1555 certis
1307 1498 1340 1553 et
1355 1484 1554 1554 illustribus
1568 1485 1798 1570 testimoniis,
1822 1499 1862 1555 nt
1875 1508 2043 1557 amanam
2057 1485 2167 1557 volun·

143 1617 214 1677 tate
227 1598 425 1672 officionrm
443 1591 624 1663 devinctos
637 1611 722 1661 esse.
773 1586 843 1659 Sed
858 1590 1017 1682 quemad
1029 1587 1136 1654 linem
1189 1602 1296 1659 tatem
1322 1587 1367 1656 de
1389 1603 1511 1658 nostra
1534 1587 1647 1658 salute
1670 1588 1776 1657 nobis
1795 1588 2004 1659 declararet.
2056 1584 2167 1681 Lege·

142 1702 232 1779 haec
260 1723 407 1773 munera
437 1693 556 1766 onmia
579 1691 761 1762 referenda
784 1691 891 1760 suut?
940 1687 1043 1759 Dicet
1065 1690 1139 1758 for·
1191 1693 1235 1760 de
1256 1689 1355 1760 coelo
1375 1689 1514 1769 sonuit,
1538 1689 1637 1760 misit
1658 1690 1792 1774 filium,
1817 1704 1852 1762 et
1870 1686 2014 1763 addidit
2029 1692 2168 1764 sessim.

145 1807 247 1881 tassis
267 1802 394 1897 aliquis
407 1794 554 1891 Epicuri
579 1797 622 1863 de
647 1816 749 1883 grege
773 1816 912 1882 porcus:
939 1789 988 1862 Ut
1010 1793 1049 1859 in
1067 1791 1138 1858 vita
1192 1792 1271 1876 nia,
1301 1792 1603 1862 resuscitationem
1625 1806 1870 1878 mortuorum,
1912 1805 1947 1862 et
1979 1793 2054 1864 alia
2087 1795 2170 1884 facts,

146 1906 340 2002 tranquilla
363 1902 517 1973 suaviter
537 1899 699 1967 fruamur
714 1895 974 1984 voluptatibus,
999 1916 1139 1983 acpau·
1193 1917 1282 1987 quae
1308 1896 1491 1964 constabat
1515 1894 1626 1965 solius
1650 1892 1715 1965 Dei
1741 1919 1848 1986 opera
1873 1919 1960 1968 esse.
2015 1894 2170 1969 furring

145 2011 248 2084 latim
269 2005 389 2078 nativo
412 2003 529 2073 calore
549 1999 765 2088 deflagrante
788 1994 1141 2089 sinespeimmorta-
1193 1999 1285 2066 clara
1310 2020 1395 2064 voce
1415 1996 1532 2067 audiri
1553 1996 1683 2077 lilium,
1717 1998 1900 2089 inquiens:
1932 1995 2007 2068 llic
2029 2000 2169 2073 estfiliu

149 2111 259 2185 litatis
289 2107 427 2203 placide
459 2116 709 2196 putrescemus.
778 2098 875 2170 Haec
909 2120 992 2167 vero
1028 2096 1142 2166 oratio
1194 2122 1293 2168 meus
1306 2098 1475 2184 dilectus,
1503 2092 1600 2168 hunc
1621 2099 1751 2173 audite.
1804 2099 2169 2190 Quaredoctrinsna.

148 2217 252 2311 plena
280 2206 515 2301 turpitudinis
543 2229 582 2274 ac
611 2202 750 2273 sceleris
778 2214 840 2272 est.
891 2198 967 2269 lmo
992 2199 1072 2268 ideo
1096 2199 1142 2265 ad
1194 2201 1339 2272 cessaria
1365 2198 1562 2285 Ecclesiae,
1595 2225 1669 2270 non
1692 2217 1746 2270 est
1769 2202 1943 2294 sapientia
1969 2200 2170 2298 depr-ehem

148 2300 349 2391 societatem
380 2307 514 2381 conditi
537 2321 619 2377 sunt
645 2302 826 2384 homines,
860 2317 901 2373 ut
924 2301 961 2369 in
982 2296 1049 2370 hac
1070 2302 1143 2369 fre-
1195 2298 1435 2374 humanorum
1451 2302 1679 2393 ingeniorum
1695 2304 1897 2393 sagacitate,
1924 2308 1989 2376 sed
2006 2322 2169 2381 essm

148 2419 292 2519 quentia
312 2416 427 2487 luceat
450 2409 580 2482 noticia
596 2406 681 2492 Dei,
707 2420 741 2477 et
755 2403 852 2476 Deus
875 2405 1073 2511 celebretur
1089 2416 1143 2473 at·
1195 2406 1368 2476 sententia
1384 2402 1452 2475 Dei
1468 2407 1603 2497 prolata
1616 2428 1679 2497 per
1695 2407 1809 2475 lilium
1824 2431 1866 2477 ex
1878 2406 1960 2479 sinu
1975 2408 2167 2483 aetemiPs.

149 2547 219 2621 que
234 2522 438 2599 invocetur,
463 2511 575 2584 etalii
591 2511 636 2579 ab
652 2507 728 2578 aliis
745 2532 782 2576 ea
798 2506 960 2577 doctrina
977 2506 1143 2575 imbuan-
1196 2508 1277 2591 tris,
1303 2532 1409 2600 quam
1432 2504 1528 2578 Deus
1550 2507 1668 2577 ,parim
1691 2507 1797 2578 inmo
1818 2512 1986 2582 mandari
2003 2514 2169 2587 limgo·

148 2640 228 2711 tur,
258 2644 350 2718 quae
374 2618 510 2690 aditum
539 2615 582 2683 ad
612 2626 788 2695 aeternam
817 2609 991 2681 laeticiam
1020 2620 1054 2677 et
1071 2605 1144 2677 'Dei
1198 2611 1283 2695 luit,
1308 2624 1348 2680 ut
1371 2611 1538 2680 omnibus
1558 2610 1731 2681 aetatibus
1751 2612 1921 2682 memoria
1947 2615 2030 2688 eius
2052 2642 2169 2691 couro-

148 2722 442 2801 consuetudinem
458 2715 629 2809 patefacit.
682 2711 843 2783 Similem
856 2710 965 2880 igitur
980 2705 1071 2779 hanc
1085 2733 1145 2778 so·
1196 2713 1272 2795 vari
1304 2725 1430 2804 posset.
1489 2710 1662 2802 Magnum
1692 2727 1726 2783 et
1752 2713 2008 2788 admirandum
2032 2735 2168 2813 opum

149 2830 310 2902 cietatem
332 2819 518 2895 hominum
538 2810 679 2886 scholae
695 2836 768 2882 esse
783 2813 869 2881 intel
887 2813 999 2898 agitis,
1024 2812 1144 2904 inqua
1198 2839 1317 2885 rerum
1336 2813 1477 2887 creatio.
1530 2813 1598 2885 Sed
1616 2837 1689 2882 non
1706 2815 2076 2908 minusbenelieium,
2097 2825 2167 2918 quat

151 2935 196 3004 de
209 2926 287 3002 Deo
311 2939 344 2996 et
367 2926 410 2995 de
431 2921 563 2990 virtute
580 2915 767 3007 praecipue
784 2914 1012 2984 commentari
1027 2908 1144 2982 homi·
1198 2939 1272 2987 sese
1297 2915 1477 3008 patefecit,
1512 2916 1645 3008 prodiit
1676 2919 1720 2986 ad
1747 2911 1930 3005 homiues,
1971 2923 2168 2999 familifflffl

151 3055 215 3105 nes
230 3040 378 3123 oportet.
428 3020 548 3093 Huius
563 3032 682 3090 coetus
697 3017 876 3087 domicilia
892 3028 975 3087 sunt
990 3013 1146 3108 politiae.
1198 3017 1383 3089 nobiscum
1400 3018 1596 3088 collocutus
1620 3031 1692 3104 cst,
1717 3032 1756 3089 ut
1775 3020 1878 3090 adfici
1895 3043 1933 3090 se
1953 3048 2045 3096 cura
2063 3026 2165 3120 garris

152 3132 201 3208 Et
222 3128 306 3204 huic
328 3149 466 3199 summo
483 3123 603 3216 operi,
629 3121 762 3190 scilicet
777 3119 959 3190 doctrinae
974 3139 1146 3210 propaga·
1199 3117 1345 3192 humani
1364 3122 1575 3192 ostenderet.
1628 3119 1779 3191 Moveor
1801 3123 1988 3216 equidem,
2015 3144 2059 3202 ur
2074 3130 2168 3203 deb.

152 3235 243 3309 tioni
265 3232 397 3304 servire
420 3226 571 3298 turriam:
599 3225 721 3308 duces,
749 3223 938 3305 exercitus,
963 3220 1146 3310 agricolas,
1198 3223 1309 3294 nitate
1331 3219 1399 3291 Dei
1423 3223 1593 3312 cogitem,
1627 3247 1706 3293 cum
1733 3248 1852 3293 rerum
1875 3239 2048 3299 naturam
2070 3231 2171 3305 disth-

153 3338 314 3435 opifices,
338 3331 492 3427 denique
505 3350 629 3399 oannes
644 3327 737 3397 vitae
750 3326 879 3415 gradus
896 3323 1147 3394 existimemus.
1199 3341 1292 3397 ctam
1307 3324 1462 3393 mirabili
1476 3325 1662 3409 varietate,
1689 3340 1723 3396 et
1741 3327 1785 3394 ad
1801 3352 1885 3396 usus
1899 3347 2048 3405 nostros
2061 3358 2174 3407 aem.

152 3440 227 3515 Cur
240 3436 357 3512 David
382 3433 474 3504 bella
498 3429 585 3500 foris
609 3431 770 3518 gerebat,
798 3452 871 3495 nnn
896 3424 994 3496 utin
1020 3426 1147 3495 urbem
1200 3430 1376 3497 modatam
1401 3428 1606 3497 considero:
1640 3430 1699 3497 sed
1724 3428 1838 3500 multo
1856 3425 2175 3509 vehementium.

154 3535 380 3634 triumphans
416 3536 462 3606 ab
501 3527 697 3623 elephantis
732 3525 975 3599 inveheretur:
1016 3528 1078 3596 sed
1107 3539 1148 3595 ut
1200 3555 1301 3610 veor,
1337 3530 1476 3622 quoties
1500 3532 1614 3620 cogito
1638 3529 1704 3600 Dei
1727 3531 1903 3625 colloquia
1928 3559 2014 3606 eum
2032 3537 2176 3613 Patn’bn

153 3644 254 3742 pueri
277 3654 311 3713 et
333 3638 470 3734 puellae
491 3633 609 3717 domi,
641 3631 852 3722 intemplo,
877 3630 916 3698 in
936 3624 1068 3699 scholis
1091 3628 1148 3697 di·
1201 3648 1234 3702 et
1248 3625 1454 3722 Prophetis,
1481 3647 1515 3703 et
1528 3627 1619 3702 hanc
1634 3631 1842 3703 familiarem
1852 3629 1992 3709 Christi
2008 3658 2177 3715 conam.

154 3758 292 3821 scercnt
311 3742 451 3825 literas,
478 3737 634 3826 legerent
653 3730 825 3827 Moysen,
856 3730 1022 3802 audirent
1035 3731 1149 3800 inter·
1200 3734 1320 3804 dinem
1347 3757 1427 3803 cum
1458 3734 1626 3804 universo
1656 3734 1807 3826 populo,
1841 3748 1876 3807 et
1897 3739 2020 3812 lucem
2046 3734 2178 3837 3¹,th

155 3862 270 3946 preter
294 3843 380 3935 legis
402 3854 437 3912 et
459 3834 756 3930 promissionum,
789 3833 826 3902 in
849 3832 979 3927 quibus
1000 3855 1037 3901 se
1051 3827 1149 3903 Deus
1200 3834 1312 3907 sancti
1329 3858 1485 3927 sparsam
1507 3838 1551 3904 de
1573 3836 1691 3918 coelo,
1717 3849 1750 3906 et
1769 3837 1949 3930 colloquia
1966 3837 2180 3941 Christipntt

155 3950 373 4048 patefecerat.
426 3938 549 4013 Armis
566 3938 725 4006 virorum
741 3935 887 4007 fortium
903 3948 1022 4005 coetus
1038 3933 1093 4004 illi
1111 3934 1149 4002 iu
1201 3938 1492 4008 resurrectionem
1516 3962 1597 4006 cum
1616 3937 1753 4010 multis.
1814 3936 1856 4008 ln
1879 3935 2012 4015 harum
2031 3950 2180 4020 maine

156 4050 288 4143 templo
303 4064 338 4119 et
351 4040 481 4118 scholis
499 4042 729 4131 tegebantur,
755 4062 801 4108 ne
822 4037 955 4107 noticia
970 4032 1040 4108 Dei
1057 4036 1150 4106 inter
1201 4066 1281 4112 rum
1318 4062 1437 4109 rerum
1470 4039 1681 4129 cogitatione
1714 4040 1853 4111 assidue
1877 4046 2047 4118 omnium
2070 4064 2182 4123 manta

156 4151 320 4227 homines
335 4147 475 4244 penitus
490 4144 762 4233 extingueretur.
813 4135 868 4210 Ac
883 4138 986 4232 pauci
1002 4138 1149 4233 quidem
1202 4143 1332 4214 versari
1350 4143 1531 4213 deberent.
1582 4140 1654 4213 Nec
1670 4166 1754 4211 vero
1769 4142 1920 4230 frustra,
1941 4163 2006 4220 aut
2022 4150 2183 4225 sineeau-

156 4259 409 4351 gratteruatores
432 4243 585 4319 adhunc
606 4243 914 4315 metamtenduut.
968 4239 1079 4311 lulius
1094 4241 1150 4310 di·
1201 4270 1240 4316 sa
1263 4245 1365 4315 toties
1386 4257 1456 4314 tam
1483 4243 1589 4314 claris
1609 4245 1821 4315 testimoniis
1843 4269 1879 4316 se
1904 4252 2077 4339 patefecit
2095 4252 2184 4327 Deus.

157 4360 283 4441 micat,
315 4377 361 4424 ne
384 4351 430 4424 ab
450 4348 582 4418 invidis
605 4346 777 4436 dignitate
794 4344 980 4437 spolietur.
1030 4342 1149 4415 Anto·
1200 4347 1283 4418 Non
1297 4347 1536 4416 existimemus
1549 4342 1636 4416 haee
1651 4345 1773 4416 inania
1787 4341 1994 4439 phasmata,
2021 4370 2087 4431 aut
2101 4380 2184 4451 pm.

156 4463 239 4533 nius
269 4470 388 4528 movet
413 4452 523 4533 bella,
563 4462 602 4519 ut
630 4450 674 4518 de
704 4448 822 4517 alieno
848 4443 1001 4516 helluari
1029 4445 1150 4536 possit.
1202 4448 1340 4538 stigias,
1361 4460 1423 4518 aut
1441 4448 1545 4518 ludos
1567 4470 1652 4521 esse.
1703 4445 1851 4538 Magnas
1873 4465 1908 4523 et
1929 4455 2044 4529 serias
2059 4456 2185 4551 reregi

158 4564 228 4637 sed
252 4561 289 4633 in
314 4552 470 4631 Ecclesia
495 4572 618 4622 omues
641 4551 831 4643 prudentes
854 4548 957 4617 illum
974 4547 1150 4640 optimum
1202 4549 1320 4633 Deus,
1345 4550 1530 4620 ostendere
1551 4549 1667 4621 voluit
1687 4574 1724 4621 se
1740 4574 1822 4621 vere
1837 4554 1942 4624 adfici
1958 4581 2047 4630 cura
2063 4572 2185 4635 nocuas

156 4667 263 4737 frtrem
283 4658 480 4755 prospicere
498 4655 618 4733 dccet,
644 4650 907 4721 constituendas
924 4670 998 4717 esse
1021 4663 1055 4718 et
1070 4673 1150 4717 mu.
1203 4652 1338 4725 salutis,
1399 4650 1524 4722 Voluit
1551 4666 1584 4723 et
1606 4675 1688 4723 ,uae
1710 4652 1806 4734 voci,
1831 4679 1872 4724 ac
1897 4658 2091 4734 domim
2106 4661 2185 4737 mi·

158 4766 307 4839 niendas
328 4787 365 4832 ac
381 4759 546 4851 tegendas
565 4752 723 4845 politias,
749 4765 787 4821 ut
804 4752 841 4821 iu
868 4750 918 4821 eis
934 4750 1065 4820 noticia
1082 4746 1152 4822 Dei
1202 4754 1322 4825 monia
1344 4754 1449 4824 uobis
1470 4755 1630 4839 tradere,
1654 4754 1694 4823 in
1720 4779 1789 4847 qua
1811 4757 1978 4831 eoelestia
2003 4776 2186 4839 anunm

47 4940 52 4949 ,
157 4879 382 4963 propagetur.
432 4857 610 4931 Adiiciam
633 4853 820 4943 imaginem
843 4851 1001 4925 fortassis
1018 4851 1152 4923 insulse
1203 4857 1405 4927 societatem
1422 4879 1505 4925 suae
1530 4856 1761 4928 beatitudinis
1784 4858 2083 4956 nobisimpertig
2127 4864 2188 4941 ng

158 4993 238 5043 are
261 4968 323 5037 vili
348 4975 536 5055 srrncptam.
597 4957 667 5029 Sed
686 4973 803 5027 tamen
820 4955 952 5026 multae
969 4967 1052 5026 suut
1068 4978 1152 5047 par·
1202 4959 1313 5047 magis
1336 4956 1477 5042 Patres,
1510 4952 1724 5049 Prophetas,
1757 4954 1951 5051 Aponon„
1972 4964 2013 5036 ᾗ,
2032 4968 2187 5063 ,uum

158 5098 221 5143 rae
244 5068 474 5139 maximarum
496 5083 614 5132 rerum
637 5058 807 5148 imagines
821 5058 987 5129 illustres.
1038 5054 1151 5149 Saepe
1202 5060 1440 5131 familiaribus
1452 5060 1698 5149 congressibus
1709 5062 1929 5154 acquiescere
1942 5066 2082 5159 voluit,
2097 5092 2187 5169 qun

158 5168 248 5247 utihi
264 5166 434 5259 cogitanti
448 5166 492 5235 de
513 5161 584 5233 vita
608 5161 809 5245 communi,
832 5160 862 5229 si
882 5159 1028 5254 quacmo
1042 5157 1151 5227 mini·
1203 5162 1242 5232 iu
1277 5162 1352 5254 ipsa
1386 5162 1548 5233 doctrina
1574 5162 1662 5234 velit
1696 5186 1819 5253 omues
1844 5160 2012 5239 homines
2040 5172 2189 5245 omnin

158 5292 229 5350 ster
244 5286 351 5345 noctu
370 5263 546 5361 praecedit
561 5256 732 5359 lychnum
749 5276 887 5350 gestans
902 5260 1083 5332 inclusum
1098 5260 1151 5330 la·
1202 5278 1356 5336 aetatum
1371 5264 1602 5357 acquiescere.
1633 5260 1683 5336 Ut
1700 5288 1818 5334 coram
1838 5267 2028 5342 manifesto
2043 5272 2189 5347 intumi.

159 5394 297 5461 teruae,
323 5367 480 5442 venitin
504 5378 656 5435 merrtem
683 5363 826 5453 politias
848 5362 981 5434 similes
1003 5385 1077 5433 esse
1097 5362 1152 5433 la·
1202 5390 1249 5436 ne
1275 5365 1366 5436 vidit
1389 5364 1532 5460 Moyses
1547 5362 1681 5451 Deum,
1706 5379 1801 5439 stans
1827 5366 1866 5438 iu
1883 5392 1991 5462 rupe:
2018 5374 2072 5448 sic
2087 5390 2188 5449 ternu

158 5494 298 5559 ternae,
326 5468 525 5545 doctrinam
549 5465 734 5538 coelestem
759 5458 904 5561 lychno.
962 5461 1017 5536 Ac
1040 5476 1082 5536 ut
1098 5464 1152 5536 la.
1202 5482 1299 5540 mro
1319 5492 1398 5540 eum
1415 5467 1571 5561 colloqui
1583 5467 1693 5554 scias,
1715 5469 1851 5564 quoties
1871 5463 1938 5542 ho‘s
1954 5470 2188 5567 ipsosliffllar
