4664 6022
154 285 230 365 aar
698 277 860 365 nect.
900 278 977 360 nu
1011 276 1292 362 conserto
1322 277 1475 360 ouon
1507 279 1636 368 nav.
2042 232 2045 239 ’
2130 296 2208 382 aas

154 460 293 535 Deinde
316 459 401 557 quia
424 454 600 529 eiusmodi
622 472 869 547 argumentum
893 460 1021 547 affero,
1052 463 1150 554 quod
1202 457 1249 528 tis
1263 457 1474 528 memoriam
1488 477 1754 552 permanarunt.
1800 459 1856 539 Es
1872 469 2004 564 quibus
2017 472 2124 543 facile
2139 475 2205 544 ad.

82 574 85 581 '
153 566 271 659 ipsum
292 589 355 658 per
379 586 416 633 se
440 562 612 632 delectare
633 561 812 631 auditores
835 576 969 655 potest,
996 564 1102 635 etiam
1120 564 1151 633 si
1203 572 1322 652 paret,
1348 584 1456 655 quam
1478 565 1590 635 multa
1609 568 1806 657 praeclara,
1832 584 1867 642 et
1889 575 2085 647 immortali
2109 576 2202 648 lama

154 669 231 740 sinc
264 663 435 739 Oratorio
469 662 657 755 splendore
690 663 869 739 recitetur.
921 662 1022 735 Nihil
1054 665 1149 736 enim
1202 675 1309 757 atque
1325 663 1562 736 admiratione
1580 667 1706 758 digna,
1732 670 1955 761 interierint,
1985 690 2021 748 et
2037 679 2095 748 vel
2117 674 2202 750 hine

154 769 329 841 efficacius
352 780 405 839 est
425 768 470 838 ad
488 766 684 836 movendos
698 766 837 837 animos
853 767 1051 854 bonorum,
1076 768 1150 859 ipsa
1203 764 1382 835 aestimari
1403 780 1535 856 potest,
1567 783 1741 862 quantum
1764 774 1810 845 sit
1836 776 1876 845 in
1903 780 2010 850 rebus
2032 775 2198 852 humanis

153 873 299 947 virtute.
348 868 643 942 Commemorabo
658 880 794 954 autem,
820 872 1000 963 quoddam
1018 872 1149 941 sactum
1203 866 1387 937 literarum
1404 869 1634 958 beneficium,
1659 874 1791 966 quibus
1806 878 1995 968 debemus,
2016 886 2116 977 quod
2134 884 2196 954 ali-

154 972 383 1068 lmperatoris
396 968 583 1043 Chunradi
596 967 717 1056 Suevi,
735 972 831 1063 quod
846 972 984 1043 utinam
999 997 1062 1064 ego
1078 987 1150 1042 tam
1203 968 1309 1062 quid,
1334 969 1511 1064 quidquid
1526 985 1587 1058 est,
1611 969 1728 1046 adbuc
1743 1001 1866 1050 eorum
1883 997 2006 1070 restat,
2030 987 2195 1081 quodque

155 1078 307 1148 dicendo
332 1097 459 1145 ornare
482 1093 639 1164 possem,
664 1097 772 1166 quam
796 1075 995 1168 exemplum
1013 1100 1151 1144 memo-
1201 1095 1277 1142 non
1292 1072 1337 1141 ad
1355 1094 1466 1141 unum
1484 1075 1616 1160 omnia,
1641 1101 1806 1150 unacum
1824 1086 2047 1175 corporibus,
2074 1089 2193 1159 eodem

154 1178 267 1250 rabile
300 1191 372 1257 est,
412 1190 447 1248 et
472 1174 618 1268 plenum
654 1169 905 1262 humanitatis,
942 1201 1149 1270 summaque
1201 1173 1347 1265 pulvere
1364 1174 1492 1246 obruta
1507 1199 1547 1246 ac
1560 1178 1695 1269 sepulta
1712 1196 1805 1252 sunt.
1836 1181 1911 1256 Nos
1926 1211 2011 1260 vero
2028 1187 2087 1276 iis,
2109 1215 2192 1287 quae

153 1282 260 1352 laude
281 1280 444 1370 dignum.
502 1274 705 1347 Plurimum
731 1301 816 1347 vero
843 1280 1024 1364 moribus,
1063 1274 1150 1349 haec
1201 1288 1333 1356 extant,
1351 1277 1486 1367 pertrui
1502 1279 1610 1353 decet.
1637 1277 1864 1377 Quapropter
1878 1282 2069 1361 historiam
2084 1316 2192 1387 quan·

152 1381 409 1454 moderationis
443 1392 478 1451 et
513 1378 720 1449 clementiae
747 1381 904 1471 exempla
934 1383 1149 1466 conducunt,
1201 1378 1283 1447 dam
1311 1378 1380 1463 rei,
1419 1374 1657 1451 aChunrado
1682 1381 1800 1457 Suevo
1826 1386 2042 1482 lmperatore
2073 1408 2191 1486 gestae,

153 1485 236 1579 quia
253 1485 292 1554 in
312 1484 362 1555 eis
378 1476 421 1554 τὸ
444 1475 604 1575 ἠθικὸν,
632 1483 729 1574 quod
745 1496 786 1554 ut
801 1483 1074 1568 suavissimum,
1099 1483 1148 1553 ita
1200 1474 1268 1549 hoc
1285 1479 1323 1548 iu
1341 1479 1437 1565 loco,
1462 1496 1502 1552 ut
1518 1496 1661 1573 potero,
1688 1510 1965 1565 commemorare
1978 1497 2136 1585 decrevi,
2155 1498 2190 1567 in

69 1602 76 1618 ’
152 1588 190 1657 in
207 1586 333 1680 primis
346 1585 498 1656 amabile
515 1597 584 1665 est,
610 1584 797 1676 praecipue
813 1586 917 1656 lucet.
967 1582 1016 1655 Et
1031 1585 1148 1656 nescio
1201 1605 1270 1675 qua
1288 1581 1476 1654 videteest
1500 1583 1638 1676 insigne
1658 1593 1858 1682 exemplum
1880 1594 2042 1687 pietatis,
2068 1595 2191 1673 buma-

152 1712 198 1761 an
214 1712 372 1783 unquam
386 1687 497 1778 magis
511 1707 601 1778 opus
615 1685 734 1771 suerit,
758 1688 911 1779 proponi
927 1687 1023 1769 talia,
1041 1712 1148 1781 quam
1200 1683 1321 1753 nitatis
1349 1708 1389 1754 ac
1407 1707 1565 1755 summae
1587 1690 1854 1768 moderationis.
1903 1692 1993 1768 Eam
2011 1702 2100 1771 dum
2117 1704 2192 1774 bre·

151 1785 221 1861 boc
237 1803 361 1862 nostro
381 1812 462 1858 vere
481 1787 687 1858 calamitoso
705 1803 740 1858 et
764 1789 1071 1861 turbulentissimo
1093 1814 1148 1859 se·
1200 1785 1291 1856 viter
1305 1810 1463 1878 expono,
1484 1811 1546 1858 vos
1564 1790 1716 1881 benigne
1732 1817 1846 1888 spero,
1868 1822 1932 1889 pro
1947 1817 2067 1874 vestra
2079 1804 2191 1876 facili·

152 1893 260 1979 culo:
287 1916 358 1986 quo
379 1904 478 1962 tanta
500 1904 552 1961 eat
580 1885 768 1962 hominurn
790 1905 895 1984 atque
922 1891 1147 1983 ingeniorum
1184 1882 1272 1958 'tate
1286 1900 1392 1982 atque
1408 1890 1683 1982 aequanimitate
1699 1899 1958 1973 auscultaturos
1974 1884 2071 1977 esse.¹
2105 1904 2193 1979 Ges-

149 1994 273 2067 feritas
297 2008 331 2065 et
355 1991 536 2075 violentia,
561 2004 730 2086 quantam
744 1992 804 2065 vix
820 1994 916 2063 credi
934 2008 1048 2086 potest
1063 1994 1148 2064 ullis
1199 1989 1244 2061 sit
1261 1983 1330 2070 hic,
1355 2014 1461 2084 quem
1479 1991 1579 2078 dico,
1601 1992 1799 2088 Imperator
1811 1995 2028 2077 Chunradus
2045 2005 2191 2097 suevus,

151 2110 248 2169 retro
272 2094 492 2188 temporibus
516 2093 636 2166 luisse.
689 2092 822 2166 Merito
846 2120 930 2167 vero
947 2119 1014 2167 nos
1035 2095 1147 2186 magis
1200 2116 1280 2160 cum
1302 2090 1372 2161 alia
1395 2093 1507 2164 multa
1529 2096 1640 2178 bella,
1668 2113 1814 2192 propter
1837 2104 1954 2194 legum
1977 2120 2012 2179 et
2035 2108 2192 2185 iusticiae

151 2212 292 2284 nosue,
323 2221 429 2293 quam
455 2208 597 2293 externa
618 2210 780 2268 movent:
818 2222 902 2267 nam
926 2198 1145 2289 ingratitudo
1199 2193 1459 2276 defensionem,
1485 2209 1519 2266 et
1535 2203 1816 2291 componendam
1832 2229 1873 2274 ac
1888 2208 2143 2285 stabiliendam
2155 2216 2190 2287 io

151 2302 325 2394 quaedam
347 2314 416 2385 est,
444 2312 581 2371 tantum
604 2299 789 2390 peregrina
810 2313 844 2371 et
864 2302 990 2391 procul
1014 2299 1146 2370 adscita
1200 2293 1355 2387 lmperio
1370 2319 1511 2387 pacem,
1536 2310 1613 2370 tum
1629 2325 1716 2372 vero
1728 2318 1850 2376 contra
1864 2302 2040 2383 Guelium
2056 2314 2191 2389 diutur-

151 2402 340 2488 admirari,
364 2425 427 2474 sua
449 2426 488 2472 ac
506 2400 698 2470 domestica
723 2400 912 2491 negligere.
964 2399 1148 2491 Quemad-
1199 2421 1306 2478 num,
1338 2397 1509 2492 varioque
1530 2415 1659 2474 eventu
1682 2404 1817 2476 bellum
1842 2410 1957 2499 gessit.
2017 2410 2078 2488 De
2098 2420 2185 2493 cuins

150 2506 299 2577 modum
315 2504 410 2575 enim
429 2504 575 2599 quidam
592 2496 755 2572 homines
771 2496 839 2573 hoc
855 2503 943 2575 vitio
960 2504 1146 2575 oculorum
1200 2498 1284 2569 belli
1307 2500 1438 2585 causis,
1470 2525 1544 2571 non
1567 2504 1683 2576 dicam
1707 2506 1745 2577 in
1770 2514 1991 2601 praesentia,
2026 2542 2077 2589 ne
2097 2516 2188 2604 milti,

151 2607 336 2694 laborant,
360 2622 402 2678 ut
415 2620 554 2677 tantum
572 2628 662 2699 quae
684 2606 808 2696 procul
832 2606 946 2697 posita
961 2618 1064 2691 sunt,
1093 2606 1146 2675 vi·
1199 2603 1285 2671 dum
1308 2603 1447 2692 singula
1476 2627 1690 2699 persequor,
1719 2628 1892 2686 accrescat
1914 2617 2057 2703 oratio,
2090 2646 2190 2717 qum

151 2709 472 2802 deant,'prorima
499 2732 602 2789 vero,
643 2730 803 2802 quaeque
824 2721 904 2777 ante
933 2708 1038 2800 pedes
1062 2722 1146 2778 sunt
1199 2726 1284 2793 ego,
1310 2717 1350 2773 ut
1370 2704 1489 2774 brevis
1504 2706 1569 2790 sit,
1594 2707 1634 2777 in
1653 2734 1763 2801 pauca
1780 2715 1939 2806 redigere
1960 2722 2111 2812 studeo,
2134 2726 2190 2798 sed

152 2814 239 2896 sita,
269 2835 345 2882 non
370 2810 674 2880 animadvertant:
708 2809 756 2879 ita
783 2809 926 2902 quidam
951 2805 1018 2879 hoc
1035 2809 1146 2877 animi

151 2915 279 2984 morbo
302 2914 417 2983 affecti
441 2923 545 2996 sunt,
576 2922 616 2980 ut
636 2904 730 2979 nihil
754 2926 873 2981 ament
894 2911 963 2980 nisi
991 2912 1146 3003 peregri-

152 3039 241 3087 num
268 3027 303 3085 et
327 3013 452 3106 procul
468 3014 633 3104 petitum:
660 3012 842 3083 fastidiant
869 3028 974 3106 atque
999 3017 1146 3105 adsper-

26 3116 33 3125 ’
151 3131 305 3203 nentur,
326 3115 503 3211 quidquid
519 3114 760 3201 vernaculum,
786 3128 820 3185 et
834 3116 1067 3185 dominatum
1084 3130 1145 3185 est.

152 3218 228 3310 Qui
247 3242 332 3289 vero
360 3219 506 3290 rectius*
521 3230 640 3288 mente
664 3216 801 3297 valent,
834 3211 873 3286 hi
903 3241 964 3289 sua
990 3216 1143 3310 primurn

149 3322 247 3394 bona
269 3334 467 3414 agnoscunt
491 3333 526 3391 et
549 3319 821 3412 amplectuntur.
862 3318 953 3389 Nam
968 3342 1048 3389 curn
1064 3344 1144 3389 ora-

152 3425 233 3496 culo
250 3423 416 3497 iubemur
432 3447 498 3495 nos
514 3421 610 3514 ipsos
631 3444 754 3504 nosse,
780 3420 908 3490 ideam
927 3422 1057 3514 opinor
1071 3422 1142 3490 vim

150 3521 293 3614 habere,
317 3541 357 3599 ut
372 3540 446 3598 tum
463 3525 560 3610 vitia,
582 3525 612 3593 si
629 3547 698 3615 qua
715 3525 754 3594 in
769 3523 874 3596 nobis
890 3518 1048 3611 haerent,
1067 3540 1143 3596 turn

151 3629 259 3700 etiam
282 3630 377 3699 bona
400 3644 521 3701 nostra
546 3648 751 3712 noscamus,
779 3626 841 3695 illa
863 3641 904 3697 ut
927 3627 1144 3717 corrigamus

151 3753 192 3801 ac
210 3729 380 3812 vitemus,
397 3724 484 3799 haec
499 3741 540 3799 ut
553 3727 754 3813 excitemus,
779 3740 811 3798 et
829 3750 1031 3817 augeamus,
1047 3729 1143 3799 insta

151 3831 281 3903 veteris
297 3831 477 3925 proverbii
492 3828 721 3900 sententiam:
746 3827 929 3920 Spartam,
954 3855 1061 3923 quarn
1078 3854 1143 3899 na-

152 3946 230 4004 ctus
245 3957 299 4020 es,
325 3956 402 4004 eam
418 3955 535 4005 ornes.
585 3928 651 4003 Eat
666 3954 750 4002 vero
772 3954 900 4023 operae
916 3931 1072 4023 precium
1087 3932 1142 4000 vi-

151 4037 255 4122 dere,
279 4049 410 4130 quanta
434 4034 542 4106 fuerit
563 4032 788 4124 simplicitas,
812 4033 989 4125 probitas,
1012 4047 1047 4105 et
1071 4029 1142 4104 hu·

150 4138 302 4209 manitas
329 4138 503 4208 maiorum
527 4147 730 4207 nostrorum
756 4149 914 4206 vetemm
941 4133 1143 4206 Germano-

150 4264 250 4325 rum,
275 4264 428 4333 quorum
443 4239 544 4318 facta,
570 4236 600 4305 si
618 4236 728 4308 literis
746 4238 897 4328 prodita,
922 4238 952 4306 si
969 4238 1014 4307 ab
1029 4232 1142 4310 bisto-

149 4343 204 4413 ria
218 4342 334 4413 lucem
348 4340 571 4432 accepissent,
595 4351 636 4409 ut
650 4362 740 4431 quae
758 4363 777 4406 a
792 4336 965 4412 Romanis
979 4354 1013 4412 et
1027 4338 1141 4410 Grae-

149 4445 200 4517 cis
222 4457 316 4536 gesta
337 4457 439 4528 sunt,
464 4467 545 4512 cum
565 4441 724 4535 utrisque
748 4435 843 4511 haud
867 4442 994 4526 dubie,
1027 4457 1141 4512 essent

148 4548 248 4617 omni
272 4569 399 4637 genere
431 4542 809 4635 praestantissimarum
833 4543 1005 4616 virtutum
1029 4558 1140 4613 certa-

148 4661 242 4719 tura.
292 4646 364 4721 Sed
379 4647 447 4718 fuit
465 4647 526 4716 illa
548 4659 642 4714 aetas
659 4645 842 4715 literarum
862 4661 895 4716 et
918 4646 1140 4739 eloquentiae

147 4749 266 4833 rudis,
290 4774 381 4843 quae
397 4773 462 4819 nec
484 4746 682 4816 describere
707 4747 910 4826 commode,
935 4746 1047 4815 multo
1072 4748 1140 4815 mi-

53 4841 60 4853 ’
146 4873 217 4920 nus
231 4872 358 4920 ornare
377 4863 431 4921 tot
448 4848 601 4938 insignia
621 4847 729 4930 saeta,
754 4860 788 4918 et
803 4871 859 4917 res
880 4848 1058 4939 praeclare
1079 4871 1139 4938 ge-

147 4964 217 5022 stas
244 4950 376 5041 potuit3
408 4947 595 5041 Principes
624 4971 707 5018 vero
731 4948 799 5041 ipsi
828 4950 938 5039 magis
959 4948 1138 5019 effectores

145 5074 356 5142 magnarum
378 5075 519 5136 rernm,
544 5074 650 5145 quam
673 5063 906 5121 ostentatores
927 5073 1000 5119 esse
1018 5055 1137 5121 stude-

143 5157 243 5229 bant.
303 5150 400 5223 Hinc
425 5155 557 5224 lactum
584 5165 655 5237 est,
686 5163 727 5223 ut
751 5153 862 5223 multa
886 5153 1137 5237 illustrissima,

142 5272 180 5330 et
194 5254 419 5328 admirabilia
434 5252 575 5326 virtutis
590 5275 715 5345 opera,
737 5253 952 5324 diuturnitas
967 5256 1136 5346 temporis

1198 2818 1316 2875 tamen
1345 2805 1429 2875 satis
1455 2829 1577 2896 graves
1606 2834 1646 2880 ac
1672 2817 1882 2887 necessarias
1904 2820 2015 2891 fuisse
2038 2840 2189 2915 constat3

1198 2930 1282 2975 nam
1305 2906 1418 2979 nostri
1441 2903 1606 2980 homiues
1626 2937 1700 2983 non
1721 2929 1869 3000 temere,
1894 2945 1959 2993 nec
1983 2924 2129 2999 levibus
2148 2932 2189 3001 de

1198 3007 1330 3092 causis,
1357 3010 1451 3079 bella
1469 3012 1663 3105 suscipere,
1687 3031 1747 3088 aut
1765 3044 1861 3091 arma
1878 3048 2025 3097 movere
2045 3053 2183 3101 conns·

1197 3125 1336 3184 verunt.
1369 3109 1457 3182 Erat
1473 3127 1590 3184 autem
1607 3116 1667 3188 ille
1683 3118 1834 3191 Guelfus
1849 3119 2075 3199 Bavarorum
2091 3128 2182 3203 Prin-

1197 3235 1295 3304 ceps,
1319 3228 1353 3283 et
1367 3216 1542 3286 nonnulla
1560 3216 1710 3289 Sueviae
1727 3223 1858 3313 oppida
1874 3230 2029 3303 tenebat.
2076 3230 2187 3329 Atque

1197 3315 1241 3382 ab
1264 3338 1305 3383 ea
1325 3314 1461 3386 familia
1474 3316 1632 3390 Comites
1644 3347 1662 3393 a
1676 3321 1841 3407 Zollem,
1867 3329 1997 3402 deinde
2017 3334 2188 3427 originem

1196 3415 1355 3497 duxisse,
1388 3436 1595 3509 argumento
1617 3438 1687 3509 est,
1717 3427 1855 3499 catulus
1881 3430 2025 3524 insigne
2047 3439 2188 3526 gentili-

1196 3519 1286 3587 tium
1304 3519 1380 3589 eius
1395 3521 1560 3607 familiae,
1584 3548 1690 3617 quem
1707 3541 1740 3596 et
1757 3527 1986 3605 Marchiones
2000 3533 2187 3613 Branden·

1196 3623 1405 3710 burgenses,
1438 3624 1498 3715 qni
1527 3629 1668 3698 eosdem
1697 3630 1753 3699 sui
1778 3635 1917 3721 generis
1939 3662 1979 3708 ac
2005 3644 2185 3733 sanguinis

1195 3737 1336 3794 autores
1351 3725 1490 3809 ferunt,
1516 3742 1556 3796 ut
1574 3742 1729 3800 vetustae
1752 3734 1898 3823 originis
1913 3759 2187 3817 monumentum

1195 3826 1232 3892 in
1256 3826 1365 3914 galeis
1388 3841 1534 3916 gestant.
1595 3828 1691 3901 lnter
1713 3827 1808 3906 hunc
1827 3837 1937 3927 igitur
1957 3839 2136 3917 Guell‘um
2156 3860 2188 3919 ει

1184 3907 1428 3998 'tjtrnnradun
1444 3928 1620 4017 Suevutn,
1646 3959 1726 4004 cum
1744 3960 1806 4027 per
1821 3940 1958 4035 aliquot
1973 3969 2106 4034 annos,
2129 3974 2187 4021 va-

1194 4033 1308 4100 riante
1324 4030 1467 4101 fortuna
1483 4049 1661 4119 eventum,
1682 4036 1927 4130 belligeratum
1945 4061 2048 4133 esset,
2075 4064 2111 4122 et
2124 4073 2186 4122 an·

1194 4131 1292 4223 cipiti
1306 4156 1408 4223 saepe
1426 4132 1544 4204 Marte
1560 4151 1772 4227 pugnatum,
1799 4144 1945 4215 vntnern
1962 4150 2076 4221 multa
2094 4176 2185 4223 nunc

1194 4235 1204 4301 i
1211 4236 1310 4319 llata,
1335 4257 1432 4304 nunc
1447 4236 1602 4305 vicissim
1622 4254 1781 4331 accepta,
1806 4249 1952 4315 tandem
1967 4255 2133 4327 constitit
2149 4256 2183 4326 id

1193 4337 1327 4405 bellurn
1349 4338 1393 4405 ad
1417 4338 1587 4428 oppidum
1605 4342 1818 4435 Winsberg.
1868 4346 1988 4438 Quem
2006 4354 2047 4424 in
2069 4357 2183 4429 locum

1194 4437 1346 4507 Guelius
1359 4462 1483 4507 omnes
1496 4440 1589 4509 vires
1604 4466 1684 4514 suas
1700 4448 1908 4537 contulerat,
1923 4476 2080 4550 eumque
2091 4482 2182 4531 eom-

1192 4539 1381 4623 munierat,
1405 4553 1456 4623 ut,
1476 4565 1557 4609 cum
1575 4546 1682 4616 armis
1699 4561 1814 4620 tutare
1826 4550 1946 4645 impar
1963 4571 2070 4647 esset,
2094 4562 2180 4633 vallo

1191 4665 1231 4711 ac
1253 4643 1441 4712 moenibus
1463 4665 1538 4712 sese
1557 4658 1743 4721 tutaretur.
1801 4647 1979 4727 Obsessos
2001 4674 2058 4733 est
2079 4663 2180 4756 igitur

1190 4769 1209 4813 a
1225 4739 1440 4829 Chunrado,
1465 4758 1498 4816 et
1514 4762 1593 4837 post
1607 4752 1736 4821 multas
1757 4776 1798 4823 ac
1818 4755 1982 4835 difficiles
2001 4785 2179 4859 oppugna-

1189 4846 1325 4931 tiones,
1350 4870 1437 4939 quas
1457 4848 1623 4922 sustinuit
1643 4853 1803 4945 sortiter,
1829 4859 1973 4930 undem
1998 4866 2130 4955 armis,
2147 4880 2177 4937 et

1190 4961 1344 5019 extremo
1362 4944 1601 5022 humanorum
1621 4956 1818 5038 malorum,
1843 4959 1937 5030 lame
1952 4984 2175 5058 expugnatus.

1189 5063 1330 5120 coactus
1344 5064 1396 5122 est
1408 5051 1497 5122 irato
1513 5053 1654 5142 victori,
1679 5059 1950 5155 quibuscunque
1963 5071 2175 5145 conditioni-

1188 5152 1275 5236 bus,
1299 5175 1337 5222 se
1353 5165 1387 5223 et
1405 5175 1488 5224 suos
1505 5156 1644 5247 dedere.
1696 5161 1752 5231 lbi
1773 5158 1971 5254 lmperator
1994 5173 2172 5265 praecepit,

1187 5267 1228 5323 ut
1244 5252 1407 5341 Guelfus,
1432 5257 1639 5352 caeterique,
1654 5264 1810 5355 quicum
1826 5289 1869 5335 eo
1884 5267 2020 5341 obsessi
2032 5274 2171 5357 tuusne

143 5374 179 5431 et
200 5357 336 5430 oblivio
359 5356 570 5428 aboleverit:
600 5356 776 5450 quaedam
805 5365 943 5438 tamen,
975 5356 1075 5427 velut
1093 5381 1135 5426 ex
1187 5352 1346 5428 Berones
1370 5373 1406 5430 et
1429 5362 1600 5452 equestris
1620 5365 1759 5434 ordinis
1781 5367 1850 5437 viri
1866 5369 1980 5443 vincti
2002 5372 2043 5445 in
2060 5390 2167 5448 custo·

141 5459 310 5533 incendio
325 5471 389 5531 aut
402 5456 509 5529 ruina
528 5471 664 5550 erepta,
688 5456 734 5528 ad
755 5468 897 5527 nostrae
910 5479 1025 5552 usque
1038 5472 1135 5531 aeta-
1186 5461 1284 5533 diam
1309 5463 1554 5550 traderentur,
1584 5478 1625 5536 ut
1657 5465 1697 5535 in
1731 5491 1791 5538 eos
1816 5468 1895 5542 iure
1920 5472 2011 5546 belli
2035 5491 2167 5575 propter
