4664 6022
242 342 321 419 965
714 328 873 451 DECb
908 330 981 409 DE
1015 330 1241 408 IOANNE
1273 335 1430 413 DUCE
1463 329 1821 416 salt'ssuucr.
2218 341 2287 418 9⁵6

143 509 146 519 ¹
246 515 373 610 optimi
394 509 573 603 Principis
589 505 699 578 Ducis
715 505 890 579 Saroniae
911 506 1055 580 loannis
1070 505 1247 580 Electoris
1295 512 1439 583 dixisset
1453 525 1556 599 tunc,
1582 513 1747 584 ultimum
1772 515 2020 607 imperatorem
2037 511 2289 587 Germanicum

185 621 189 627 ’
246 619 424 699 recitabo,
459 639 548 707 quac
578 607 724 681 honesta
759 614 916 704 exempla
942 614 1053 682 multa
1078 614 1247 685 continet.
1296 617 1396 705 eligi:
1423 639 1462 683 ac
1477 614 1526 686 ita
1541 616 1610 685 late
1628 640 1785 707 sparsam
1801 641 1874 688 esse
1888 612 1979 687 hanc
1993 617 2167 696 fabulam,
2184 631 2221 686 et
2235 643 2289 688 au·

247 721 370 812 Quam
394 719 538 810 quidem
565 737 666 807 spero
691 713 797 783 bouis
819 715 989 785 omnibus
1004 729 1137 806 gratam
1160 717 1248 799 lore,
1297 719 1384 790 toris
1409 730 1542 787 tantam
1571 719 1679 787 luisse
1706 720 1933 810 opinionem,
1966 733 2007 789 ut
2034 721 2079 789 ad
2111 707 2290 812 Principes

250 824 334 921 quia
360 814 626 912 pulchritudine
651 811 809 898 honesti,
835 841 875 887 ac
899 819 1104 909 praesertim
1127 820 1249 888 mitio·
1296 818 1478 891 Electores
1500 822 1685 891 accersitus
1714 823 1771 894 sit.
1822 820 1929 914 Apud
1954 817 2019 892 hos
2049 823 2177 890 eadem
2201 821 2291 908 dixit,

250 950 332 998 rum
351 925 523 992 virtutum
549 931 672 989 omnes
692 920 794 989 valde
817 920 1044 991 delectamur.
1098 920 1250 992 Moveor
1299 926 1358 995 sed
1376 923 1513 993 addidit
1529 945 1764 993 successorem
1781 922 2018 994 Maximiliani
2044 939 2290 994 venturumes

173 1088 179 1121 ,
251 1044 368 1102 autem
384 1024 622 1117 temporibus,
648 1035 689 1093 ut
703 1024 748 1091 de
767 1018 835 1092 hoc
849 1021 1015 1116 Principe
1037 1024 1174 1117 saepius
1190 1050 1249 1094 co·
1299 1027 1410 1119 ipsius
1434 1026 1559 1118 stirpe,
1585 1027 1719 1095 nonin
1745 1028 1822 1096 sola
1838 1026 2050 1111 Germania,
2077 1020 2140 1095 sed
2166 1026 2237 1098 late
2260 1028 2292 1095 in

253 1133 376 1225 gitem:
406 1129 488 1220 quia
515 1151 632 1196 meum
653 1139 806 1217 patrem,
834 1150 939 1219 quem
959 1125 1144 1219 Principes
1167 1151 1250 1220 pro-
1300 1127 1445 1221 Europa
1460 1129 1728 1199 dominaturum
1743 1153 1838 1215 esse,
1862 1143 1898 1200 et
1913 1144 2095 1199 secuturas
2110 1151 2188 1197 esse
2210 1130 2292 1198 mul-

254 1246 334 1329 pter
357 1231 461 1300 tidem
480 1243 516 1299 et
541 1243 651 1297 artem
677 1229 848 1297 medicam
865 1230 1080 1320 diligebant,
1104 1229 1252 1299 memini
1301 1246 1417 1302 tarum
1432 1256 1549 1300 rerum
1568 1232 1793 1306 mutationes.
1843 1230 2020 1302 Narrabat
2034 1230 2119 1301 Dux
2138 1228 2293 1312 loannes,

252 1336 367 1408 multa
390 1332 555 1415 recitare,
582 1332 626 1400 ab
644 1329 720 1422 ipso
743 1331 923 1422 praedicta
937 1335 982 1402 de
998 1332 1131 1424 patriae
1144 1331 1252 1403 moti-
1302 1334 1408 1403 etiam
1434 1358 1513 1403 cum
1545 1334 1642 1403 tieret
1670 1333 1892 1404 renunciatio
1918 1333 2104 1403 electionis
2131 1331 2294 1404 Maximi-

147 1450 157 1458 ·
254 1441 343 1523 bus,
369 1435 431 1530 qui
448 1435 603 1504 secuturi
620 1446 746 1507 esseut.
797 1432 969 1504 Libenter
980 1450 1102 1506 autem
1121 1434 1253 1524 cogita·
1303 1436 1409 1521 liani,
1445 1449 1580 1526 patrem
1611 1459 1730 1505 senem
1761 1436 1906 1526 largiter
1933 1436 2059 1507 lusisse
2088 1431 2294 1530 lachrymas,

255 1564 337 1612 mus
352 1537 527 1609 eiusmodi
543 1536 718 1621 vaticinia,
739 1536 795 1605 vel
811 1551 956 1629 propter
970 1537 1254 1620 admirationem,
1303 1563 1413 1632 eaque
1428 1541 1472 1608 de
1489 1562 1527 1607 re
1546 1539 1641 1608 varia
1655 1541 1853 1630 sapientum
1870 1539 2000 1609 iudicia
2016 1537 2141 1607 fuisse.

257 1646 341 1740 quia
365 1642 444 1710 illas
461 1635 620 1708 heroicas
641 1652 784 1709 naturas
805 1661 866 1709 sua
885 1642 1057 1732 quaedam
1075 1638 1253 1731 praesagia
1405 1640 1530 1712 Statim
1550 1655 1628 1733 post
1646 1642 1682 1710 id
1706 1654 1843 1732 tempus
1861 1638 2043 1711 Electores
2064 1642 2164 1727 duo,
2185 1637 2289 1711 Erne-

257 1742 595 1826 haberedivinitus,
621 1742 861 1831 agnoscimus:
887 1743 944 1810 vel
960 1743 1042 1836 quia
1064 1743 1146 1810 illae
1160 1743 1254 1833 ipsae
1304 1757 1377 1814 stus
1409 1743 1604 1815 Saronicus
1637 1759 1672 1814 et
1706 1741 1856 1812 loannes
1889 1739 2075 1829 Marchio,
2111 1744 2290 1813 exercitum

259 1846 560 1942 praemonitiones
586 1868 652 1913 nos
673 1846 717 1914 ad
746 1838 810 1913 has
841 1845 1063 1917 difficultates
1091 1846 1255 1914 ferendas
1305 1846 1489 1915 collectum
1524 1871 1565 1915 ex
1597 1847 1685 1915 llore
1712 1846 1909 1916 nobilitatis
1946 1841 2075 1915 harum
2105 1845 2293 1916 vicinarum

260 1949 734 2044 aliquantuluminstruunt.
1306 1951 1481 2039 gentium,
1515 1950 1694 2019 duxerunt
1719 1945 1989 2032 Vratislaviam,
2031 1949 2077 2017 ad
2108 1950 2293 2040 pacandam

365 2051 435 2122 Sed
453 2048 557 2118 venio
573 2050 618 2117 ad
641 2042 847 2134 historiam,
872 2074 976 2143 quam
1002 2052 1094 2120 bona
1113 2051 1182 2120 tide
1201 2074 1257 2118 re-
1307 2076 1383 2120 eam
1402 2076 1501 2120 oram
1516 2048 1747 2132 Germaniae,
1772 2062 1879 2142 'quam
1894 2064 1978 2119 tunc
1997 2051 2071 2119 duo
2095 2062 2254 2142 potentes
2266 2065 2293 2119 et

263 2156 403 2238 citabo,
431 2166 472 2222 ut
495 2176 538 2220 ex
560 2175 638 2222 meo
664 2164 761 2242 patre
787 2165 821 2220 et
843 2153 922 2221 aliis
952 2154 1166 2245 quibusdam
1188 2153 1257 2220 lide
1307 2149 1480 2223 bellicosi
1496 2175 1612 2243 reges,
1642 2147 1814 2223 Matthias
1839 2150 2068 2242 Hungaricus
2093 2166 2132 2222 et
2156 2150 2291 2223 Casimi-

262 2257 381 2348 dignis
402 2253 536 2324 audivi.
591 2252 661 2322 Nec
685 2248 773 2321 mihi
797 2256 958 2325 concedit
982 2257 1135 2325 brevitas
1152 2249 1261 2324 huius
1306 2256 1594 2335 rusPolonicus‚
1622 2256 1894 2347 populabantur.
1948 2251 1990 2322 ln
2013 2278 2055 2323 ea
2080 2255 2289 2347 expeditione

263 2357 451 2452 temporis,
485 2357 528 2424 de
553 2355 766 2449 antiquitate
798 2372 832 2427 et
861 2358 1073 2448 praestantia
1103 2357 1258 2427 familiae
1309 2373 1441 2453 patrem
1458 2355 1648 2428 Ernestum
1671 2357 1736 2425 lilii
1750 2356 1854 2426 etiam
1871 2350 2030 2426 comitati
2044 2369 2145 2428 aunt.

262 2463 403 2537 Ducum
423 2458 617 2543 Saxoniae,
641 2459 703 2552 qu'i
727 2482 768 2528 es
783 2455 1056 2530 Marchionibus
1073 2460 1258 2553 Mysorum
1410 2460 1534 2529 Postea
1556 2475 1697 2530 mortuo
1733 2473 1829 2549 patre
1855 2458 1920 2527 tilii
1950 2481 2092 2529 summa
2119 2461 2283 2530 concordia

264 2566 336 2638 orti
359 2576 464 2645 sunt,
497 2561 626 2631 dicere.
685 2559 833 2630 Etcum
858 2562 904 2632 sit
934 2564 1028 2632 inter
1056 2562 1260 2654 praecipuas
1311 2578 1490 2657 paternam
1516 2562 1688 2632 ditionem
1719 2561 1825 2630 simul
1847 2563 2108 2650 gubernarunt.
2160 2559 2282 2654 Acpri

264 2664 475 2755 Principum
498 2661 651 2732 familias
671 2663 708 2730 iu
727 2660 942 2750 Germania,
965 2679 998 2734 et
1020 2664 1211 2760 sapientiae
1227 2678 1261 2734 et
1309 2690 1407 2735 mum
1431 2668 1536 2735 decus
1557 2665 1625 2734 luit
1653 2663 1758 2734 initio
1781 2663 2071 2752 gubernationis,
2107 2667 2197 2758 quod
2217 2666 2280 2734 reli·

266 2769 410 2840 virtutis
433 2790 557 2835 eorum
580 2765 781 2836 testimonia
803 2767 915 2836 multa
936 2758 1072 2852 extent,
1099 2766 1262 2859 plurimis
1311 2769 1413 2862 quias
1445 2768 1626 2856 copiarum
1647 2760 1824 2836 Matthiae
1843 2778 2021 2835 vastantes
2042 2763 2275 2836 Lusatiamde·

211 2952 217 2962 ,ἱ
268 2887 352 2943 nota
371 2883 453 2940 sunt
469 2878 584 2938 vetera
600 2862 708 2937 huius
721 2868 875 2936 familiae
890 2871 1027 2938 decora.
1312 2871 1496 2962 pulerunt:
1525 2869 1625 2938 cuius
1647 2869 1699 2936 rei
1714 2867 1884 2946 memoria
1907 2862 2027 2936 adhuc
2052 2891 2164 2938 recens
2180 2881 2222 2936 est
2239 2868 2269 2934 in

370 2970 511 3040 Fratres
540 2971 613 3039 duo
640 2970 803 3053 fuerunt,
835 2967 1008 3043 Ernestus
1032 2968 1196 3057 Elector,
1229 2986 1263 3041 et
1312 2974 1445 3064 oppido
1460 2970 1596 3056 Lucra,
1625 2971 1721 3065 quod
1737 2982 1823 3041 tunc
1845 2969 1927 3038 illac
1941 2967 2164 3041 Pannonicae
2175 2968 2267 3061 copiae

268 3073 461 3160 Albanus,
488 3070 811 3165 quiMaximiliano
838 3089 939 3167 capto
966 3089 999 3144 et
1022 3071 1186 3166 deinceps
1207 3097 1262 3143 res
1313 3076 1550 3168 diripuerunt.

258 3169 748 3268 'magnasinBelgicogessit.
783 3171 925 3246 Ernesti
941 3177 1004 3246 lilii
1022 3180 1093 3247 duo
1108 3178 1263 3259 fuerunt,
1414 3175 1500 3247 Post
1532 3176 1669 3269 aliquot
1700 3197 1812 3244 annos
1843 3200 1922 3246 cum
1956 3174 2028 3243 iam
2058 3171 2280 3265 hae‘regiones

269 3278 473 3352 Fridericus
494 3273 638 3346 Elector
657 3291 692 3347 et
716 3272 910 3364 lohannes,
942 3280 1004 3372 qni
1026 3281 1180 3371 primum
1198 3282 1263 3349 do·
1314 3279 1527 3373 tranquillae
1545 3293 1679 3362 essent,
1700 3292 1734 3347 et
1750 3276 1901 3348 extincto
1919 3271 2080 3347 Matthia
2097 3275 2284 3368 Hungarico,

271 3383 413 3453 mastica
455 3379 642 3471 disciplina
687 3373 934 3451 honestissime
976 3382 1130 3454 instituti
1171 3394 1264 3454 snut.
1315 3381 1583 3452 Maximilianus
1603 3379 1783 3450 Austriam
1806 3381 1995 3471 reciperet,
2023 3393 2061 3450 et
2085 3381 2286 3472 progredere-

270 3484 355 3555 Fuit
372 3483 466 3552 enim
483 3483 593 3572 patris
609 3477 753 3552 Ernesti
775 3484 957 3572 integritas
975 3485 1116 3556 laudata
1135 3486 1264 3554 multo·
1316 3502 1374 3558 tur
1396 3485 1433 3552 in
1456 3481 1694 3574 Hungariam,
1726 3481 1794 3552 tuit
1816 3482 1853 3549 in
1880 3481 2034 3551 exercitu
2062 3481 2289 3558 Maximiliani‚

272 3612 351 3658 rum
369 3584 569 3678 principum
593 3584 824 3671 testimoniis,
848 3612 937 3680 quae
952 3589 1099 3659 recitare
1117 3611 1264 3679 possem.
1319 3589 1468 3657 loannes
1483 3585 1565 3656 Dux
1581 3585 1774 3666 Saxoniae,
1800 3599 1833 3654 et
1855 3585 1892 3652 in
1917 3585 2188 3674 oppugnatione
2202 3581 2292 3655 Albae

274 3689 343 3761 Sed
367 3710 528 3780 propero.
1316 3691 1460 3780 regalis,
1497 3687 1673 3780 specimen
1698 3687 1840 3757 virtutis
1868 3685 2048 3778 egregium
2069 3689 2201 3773 edidit,
2230 3710 2293 3756 cun

376 3788 625 3861 Adolescentes
657 3791 782 3859 fratres
817 3792 974 3862 comitati
1014 3807 1097 3862 sunt
1132 3806 1266 3882 patrem
1318 3791 1410 3863 inter
1433 3792 1567 3882 primos
1589 3790 1731 3859 moenia
1749 3790 1962 3858 ascenderet.
2014 3784 2110 3860 Erat
2132 3789 2295 3870 autemci,

274 3893 550 3986 proficiscentem
569 3893 614 3960 ad
634 3893 839 3963 electionem
855 3892 1094 3963 Maximiliani
1110 3892 1267 3963 Franco·
1317 3911 1357 3966 ut
1379 3894 1482 3963 multi
1503 3893 1732 3976 meministis,
1756 3893 1869 3961 robur
1895 3889 2057 3981 corporis
2082 3878 2255 3974 militare:
2271 3902 2296 3958 et

272 3997 445 4079 fordiam,
472 4019 544 4088 quo
564 4008 598 4064 et
621 4010 719 4085 pater
734 4019 839 4065 senex
856 3996 1056 4067 Fridericus
1073 3996 1269 4088 Imperator
1318 3999 1456 4067 animus
1474 4020 1547 4064 non
1568 3995 1682 4063 solum
1708 4008 1833 4064 natura
1849 3993 1969 4078 sortis,
1993 3995 2055 4061 sed
2074 3996 2184 4064 etiam
2200 4019 2239 4063 eo
2252 3995 2295 4062 br·

275 4099 531 4167 adolescentem
548 4097 661 4166 lilium
678 4096 966 4169 Maximilianum
982 4101 1137 4173 adduxit.
1175 4098 1269 4169 Fue·
1319 4101 1423 4182 mior,
1439 4100 1520 4192 quia
1536 4122 1614 4167 cum
1630 4112 1721 4167 caste
1737 4111 1771 4166 et
1789 4091 1933 4166 honeste
1951 4096 2099 4180 viveret,
2124 4122 2188 4167 nec
2206 4097 2296 4186 impe·

275 4212 362 4270 runt
389 4198 428 4265 iu
454 4223 494 4267 eo
525 4213 704 4270 conventu
731 4201 898 4272 electores
923 4226 1063 4271 omnes:
1104 4227 1143 4269 ac
1165 4217 1204 4272 ut
1226 4204 1269 4270 de
1320 4205 1456 4272 diretnr
1469 4200 1578 4270 ullius
1593 4200 1733 4270 sceleris
1747 4197 1971 4280 conscientia,
1998 4197 2114 4269 laetus
2130 4214 2165 4270 et
2178 4202 2297 4293 petebat

276 4301 422 4372 caeteris
438 4324 510 4368 non
528 4300 655 4384 dicam,
683 4304 836 4372 duorum
851 4305 919 4375 luit
936 4319 1071 4375 summa
1089 4305 1271 4388 autoritas,
1319 4321 1354 4377 et
1372 4307 1534 4396 sperabat
1549 4327 1569 4370 a
1585 4303 1663 4372 Deo
1679 4301 1871 4383 auxilium,
1896 4312 1930 4370 et
1945 4323 2028 4368 vere
2050 4305 2234 4393 tegebatur
2248 4298 2298 4371 Dei

276 4404 369 4475 senis
386 4402 527 4473 Alberti
545 4397 786 4490 Marchionis,
812 4431 916 4498 quem
942 4422 1087 4499 propter
1102 4408 1269 4478 virtutem
1321 4410 1454 4502 clypeo.
1495 4403 1661 4474 Interlnit
1679 4417 1797 4495 postea
1813 4416 1848 4472 et
1863 4401 1956 4471 bello
1969 4400 2121 4490 Veneto,
2147 4429 2219 4475 una
2236 4425 2298 4474 curo

275 4507 514 4576 nominarunt
530 4499 704 4573 Achillem
721 4503 995 4594 Germanicum,
1027 4524 1061 4580 et
1081 4504 1187 4579 huius
1201 4505 1271 4578 Er·
1321 4514 1438 4582 lratrc.
1490 4508 1561 4578 Sed
1582 4507 1664 4599 qnia
1689 4506 1796 4575 simul
1813 4506 2299 4600 abesseutrnmqneapatria,

277 4610 367 4678 nesti
400 4609 513 4678 Ducis
542 4605 726 4679 Saxoniae.
786 4608 934 4680 Viderat
958 4612 1162 4681 adolescens
1192 4612 1271 4682 Dux
1321 4639 1395 4682 non
1419 4610 1614 4694 eratutile,
1641 4623 1674 4678 et
1695 4611 1840 4678 fratrem
1857 4607 2080 4677 Fridericum
2100 4609 2299 4678 Maximilia-

278 4710 429 4780 loannes
451 4734 625 4780 summam
647 4736 687 4779 eo
711 4725 870 4804 tempore
886 4715 1112 4783 concordiam
1131 4713 1271 4791 Princi·
1323 4739 1389 4785 irus
1409 4739 1482 4783 non
1505 4712 1723 4794 dimittebat,
1746 4712 1850 4780 rediit
1869 4709 1907 4778 in
1932 4709 2100 4801 patriam.
2154 4708 2299 4781 Eratau·

278 4837 383 4906 pum,
419 4813 555 4880 viderat
576 4807 775 4898 Electores,
809 4838 929 4884 senem
959 4813 1208 4906 imperatorem
1232 4830 1273 4886 ut
1322 4835 1390 4888 tem
1414 4815 1540 4885 eximia
1568 4829 1602 4884 et
1623 4814 1770 4883 illustris
1801 4812 2048 4883 benevolentia
2077 4810 2299 4882 Maximiliani

278 4927 412 5006 patrem
430 4914 577 5002 diligere
593 4928 627 4984 et
644 4917 823 4984 venerari:
848 4919 984 4987 viderat
1001 4919 1103 4988 illum
1119 4919 1270 4989 vicissim
1322 4945 1401 5011 erga
1418 4918 1551 4987 Ducem
1571 4912 1783 4999 Iohannem,
1808 4916 1891 5009 quia
1910 4914 2048 4984 videbat
2075 4919 2114 4982 in
2139 4940 2183 4986 eo
2200 4935 2300 4986 omnes

277 5014 462 5106 Principes
481 5041 559 5085 vera
576 5018 834 5104 benevolentia,
852 5032 1018 5114 tanquam
1036 5023 1159 5092 fratres
1174 5046 1271 5091 com-
1323 5025 1468 5092 virtutes
1490 5020 1702 5089 necessarias
1725 5019 1803 5087 viro
1825 5019 1942 5101 bono,
1971 5017 2138 5113 etnutiles
2163 5022 2210 5090 ad
2224 5040 2299 5088 com-

277 5117 396 5209 plecti.
449 5116 546 5186 Haec
568 5143 642 5188 non
669 5121 745 5190 sine
769 5122 902 5211 gemitu
930 5123 1117 5203 recitabat,
1152 5126 1271 5213 ingre·
1322 5147 1466 5196 munem
1490 5121 1807 5204 consociationem,
1838 5143 1911 5187 ηοη
1934 5125 2037 5188 utin
2067 5121 2216 5207 multis,
2245 5133 2298 5189 arte

173 5271 178 5290 .
277 5220 379 5289 diens
399 5220 435 5285 in
459 5215 586 5288 hornm
608 5236 804 5313 temporum
823 5228 1205 5310 commemorationem,
1233 5251 1272 5295 ac
1322 5228 1471 5298 adscitas
1494 5239 1555 5294 aut
1576 5225 1729 5309 inustas,
1760 5224 1821 5292 sed
1845 5222 1983 5292 nativas
2004 5244 2100 5306 esse,
2134 5225 2297 5298 iusticiam,

278 5322 468 5411 deplorans
483 5322 744 5391 distractionem
761 5323 967 5418 Principum
985 5323 1091 5399 huius
1106 5330 1239 5401 aetatis.
1322 5329 1481 5400 veritatis
1498 5351 1667 5411 amorem,
1692 5326 1811 5407 tidem,
1838 5323 2090 5409 constantiam,
2112 5327 2297 5396 modestiam

380 5421 458 5494 Hoc
474 5438 589 5493 autem
607 5428 794 5514 praeterire
810 5455 882 5498 ηοη
898 5453 1057 5519 possum:
1087 5431 1273 5521 Narrabat,
1323 5433 1502 5500 inimicam
1517 5430 1623 5499 fastui
1639 5442 1672 5498 et
1689 5426 1896 5511 ambitioni,
1921 5426 2194 5511 fortitudinem,
2218 5423 2297 5498 casti·

280 5547 321 5595 eo
355 5536 513 5618 tempore
542 5523 817 5602 francofordiae
843 5528 1014 5604 Iudaeum
1044 5534 1169 5618 luisse,
1209 5535 1272 5629 qui
1323 5549 1439 5610 tatem.
1498 5529 1654 5604 Videbat
1683 5544 1801 5625 pectru
1820 5528 2024 5600 candidum
2056 5545 2093 5601 et
2127 5531 2295 5624 ingenuom
