4672 6016
245 310 319 391 176
917 298 1079 377 DECL.
1131 298 1206 375 DE
1246 296 1609 380 EBRIETATE.
2214 308 2289 383 l'ld

243 486 373 561 bilium
389 504 493 576 saepe
512 480 668 551 cladium
689 498 764 547 nou
779 496 854 546 uno
868 473 907 543 in
923 474 1003 545 loco
1019 476 1106 546 tales
1119 470 1240 545 bomi-
1288 474 1417 545 mittit:
1451 473 1502 546 ita
1525 475 1589 546 ubi
1619 470 1783 548 homines
1806 478 1870 549 illa
1899 478 2083 551 barbadca
2114 472 2287 553 beluandi

244 612 310 663 nes
325 585 536 679 Rebuspub.
565 593 705 653 autores
734 579 891 653 luerunt.
949 575 1033 647 llias
1061 579 1239 649 malorum
1289 576 1547 647 consuetudine
1560 580 1716 650 devincti
1733 581 1850 651 lucere
1866 596 2078 675 coeperunt,
2103 582 2214 656 durat
2225 584 2286 655 ille

244 702 367 765 manet
390 711 449 760 eas
466 686 641 765 civitates,
665 703 756 779 qnae
778 693 863 750 sunt
878 681 945 752 sub
969 692 1105 751 rectore
1120 696 1238 752 temu-
1288 679 1390 749 furor
1412 679 1519 750 etiam
1542 704 1624 752 cum
1648 707 1723 751 non
1748 698 1831 754 sunt
1853 685 1949 777 poti,
1975 699 2010 756 et
2025 686 2138 755 iidem
2154 684 2285 759 rabiosi

244 797 355 869 lento.
414 788 525 863 Recte
539 785 634 857 enim
648 782 738 855 Cato
760 783 868 868 dixit,
895 806 969 853 uuo
987 797 1149 874 excepto,
1174 808 1240 853 ne·
1289 806 1329 852 ac
1352 782 1552 854 turbulenti
1574 797 1692 855 motus
1710 786 1749 853 in
1772 787 1900 857 animis
1917 801 2085 877 manent,
2109 788 2286 861 sentiunt·

244 898 379 973 minem
398 912 556 988 unquam
581 889 626 958 ad
642 888 867 958 evertendam
885 884 1062 976 Rempub.
1077 886 1237 956 sobrium
1290 907 1358 978 que
1373 908 1414 954 ae
1428 880 1692 959 debacchantur
1704 889 1814 958 sobrii
1828 890 1961 979 pariter
1978 914 2018 960 ac
2031 890 2128 983 poti,
2152 914 2220 961 nee
2233 891 2285 962 la·

246 998 448 1081 accessisse3
479 992 538 1061 vix
554 990 650 1060 euim
666 988 740 1059 ulla
756 986 916 1078 Respub.
934 987 997 1058 diu
1013 989 1124 1073 stetit,
1150 1012 1240 1082 quae
1290 988 1357 1057 eile
1380 986 1493 1077 possis
1514 989 1731 1075 discernere,
1756 1016 1970 1087 quocunque
1984 994 2148 1086 tempore
2168 993 2210 1064 iu
2229 1018 2284 1065 eor

246 1102 466 1175 ebriosorum
493 1093 642 1163 consilio
665 1104 761 1181 gesta
783 1105 851 1175 est;
886 1091 946 1159 vix
973 1091 1046 1160 ulla
1071 1090 1241 1175 concidit,
1291 1089 1447 1169 incidas,
1475 1102 1596 1160 utrum
1615 1092 1791 1178 biberint,
1819 1119 1945 1165 necne.

245 1228 351 1302 quam
367 1224 441 1271 non
458 1196 589 1267 ebriosi
608 1194 817 1277 everteriut;
844 1194 902 1261 vix
919 1192 992 1262 ulla
1016 1216 1092 1261 non
1107 1194 1240 1271 florent,
1393 1191 1526 1263 Seneca
1549 1195 1703 1282 graviter
1723 1221 1763 1265 ac
1786 1220 1868 1266 vere
1890 1196 1997 1282 dixit,
2028 1200 2285 1273 consuetudine

245 1302 485 1405 quaeasiccis
501 1324 541 1369 ac
556 1298 684 1367 sobriis
699 1290 907 1364 bominibus
921 1296 1240 1367 administraretur.
1290 1295 1451 1363 insaniae
1477 1296 1602 1365 durata
1624 1297 1710 1366 vitia
1744 1301 1829 1369 vino
1853 1314 2042 1392 concepta,
2076 1302 2189 1373 etiam
2213 1302 2284 1373 ciue

243 1408 328 1483 Non
344 1407 453 1498 igitur
467 1396 750 1495 potuitrlebilles
767 1396 1069 1488 apudllomerum
1086 1398 1241 1469 atrocius
1291 1399 1375 1466 vino
1400 1397 1529 1469 valere.
1589 1394 1638 1468 Et
1658 1414 1798 1471 sanctus
1822 1401 1954 1472 Paulus
1973 1403 2071 1475 iubet
2093 1427 2163 1475 uus
2178 1404 2285 1477 vitare

245 1509 442 1585 convitium
461 1508 591 1595 ignavo
606 1528 646 1572 ac
667 1525 796 1570 vesano
810 1498 901 1589 Regi
918 1502 1051 1584 dicere,
1079 1526 1186 1595 quarn
1201 1513 1241 1570 ut
1291 1500 1516 1579 ebrietatem,
1544 1514 1730 1592 propterea
1755 1506 1849 1596 quod
1871 1504 1908 1573 in
1926 1528 1964 1575 ea
1985 1506 2072 1578 insit
2094 1506 2229 1592 asotia,
2251 1507 2283 1579 id

243 1614 481 1688 temulentum
505 1630 587 1677 eum
613 1618 772 1685 vocaret,
804 1597 962 1673 bocuuo
979 1604 1112 1695 probru
1137 1603 1238 1696 quid·
1291 1616 1362 1681 est,
1405 1602 1477 1670 vita
1510 1602 1678 1672 immanis
1706 1628 1746 1673 ac
1769 1607 1933 1692 beluina,
1973 1605 2041 1678 Dei
2071 1610 2213 1701 pariter
2238 1624 2285 1683 at·

244 1718 331 1813 quid
349 1726 424 1784 erat
439 1708 728 1800 gravissimorum
742 1704 957 1794 flagitiorum
978 1706 1165 1798 complecti
1187 1706 1242 1772 vi·
1291 1729 1360 1798 que
1383 1698 1571 1775 hominum
1600 1706 1787 1799 omnisque
1814 1704 2010 1780 honestatis
2040 1713 2285 1805 contemptrix.

243 1846 315 1893 sus.
365 1816 458 1885 Nam
482 1814 521 1881 in
546 1811 675 1903 quibus
691 1804 760 1877 hoe
781 1808 908 1876 vitium
931 1809 1067 1877 radices
1084 1810 1171 1897 egit,
1198 1810 1242 1876 cle
1292 1806 1445 1895 Qualem
1462 1801 1530 1875 boe
1550 1830 1661 1896 genus
1682 1805 1868 1881 bominum
1886 1812 2049 1883 lurcones
2065 1827 2104 1884 et
2121 1810 2287 1887 beluuuet

243 1915 431 1993 illisuibil
453 1916 623 2009 estquod
647 1912 712 1979 tibi
731 1910 931 2002 pollicearis
955 1924 1016 1979 atat
1032 1933 1148 2003 speres
1164 1935 1243 1978 mo·
1292 1912 1417 1999 degere
1442 1909 1620 1995 videmus,
1652 1913 1714 2001 qui
1741 1908 1834 1981 nibil
1858 1916 1957 2004 pensi
1978 1909 2134 2002 babent,
2160 1918 2232 1987 uisi
2251 1932 2288 1991 ut

243 2022 359 2097 derati
395 2019 542 2089 bonive:
577 2028 660 2084 sunt
690 2009 854 2082 bomines
886 2012 1053 2081 omnibus
1081 2014 1242 2104 partibus
1291 2012 1475 2082 totosdies
1499 2026 1690 2105 noctesque
1715 2030 1921 2106 perpotent,
1948 2018 2081 2110 quibus
2099 2044 2206 2089 mens
2221 2022 2286 2113 ipra

244 2129 319 2199 suis
335 2148 375 2195 ac
397 2116 566 2189 membris
592 2116 694 2186 fracti
720 2118 967 2205 corruptique,
995 2117 1097 2184 omui
1115 2138 1242 2204 genere
1293 2129 1326 2185 et
1349 2114 1439 2184 ratio
1461 2138 1654 2207 omnesque
1671 2140 1794 2186 seusus
1818 2120 1948 2192 scilicet
1965 2116 2154 2193 beluando
2169 2136 2289 2217 potan-

244 2224 481 2321 turpitudiuis
504 2234 538 2290 et
559 2218 775 2309 flagitiorum
800 2218 1045 2289 contaminati.
1100 2215 1241 2310 Aquam
1294 2219 1411 2310 doque
1441 2216 1561 2285 obruti
1595 2231 1700 2310 atque
1725 2221 1976 2312 obstupefacti,
2015 2248 2209 2319 nunquam
2238 2250 2288 2297 rr-

243 2357 264 2403 e
282 2329 422 2425 pumice
449 2336 563 2417 petas,
589 2323 619 2390 si
640 2320 831 2390 consilium
853 2320 898 2387 ab
912 2320 962 2387 eis
980 2320 1054 2388 ulla
1070 2319 1109 2388 in
1126 2344 1164 2389 re
1182 2330 1245 2388 aut
1294 2321 1405 2388 deunt
1427 2319 1471 2387 ad
1497 2341 1589 2402 sese,
1619 2345 1804 2413 utinquam
1829 2325 1985 2413 cogitant
2006 2326 2152 2419 aliquid
2167 2328 2284 2399 serium

244 2430 472 2530 prudentiam
502 2423 676 2516 requiras.
737 2418 928 2508 Quomodo
955 2422 1050 2489 enim
1082 2423 1243 2490 animum
1294 2435 1355 2491 aut
1370 2421 1517 2509 dignum
1534 2416 1695 2506 bomine,
1723 2426 1782 2493 sed
1800 2428 1893 2517 quod
1912 2428 1948 2494 in
1965 2428 2028 2496 tali
2044 2429 2124 2500 vita
2139 2429 2213 2501 lieri
2226 2454 2282 2501 ne·

246 2535 438 2607 incendere
452 2539 599 2618 possunt
614 2526 657 2593 ad
669 2523 824 2615 aliquam
841 2522 968 2592 seriam
985 2524 1245 2613 cogitationem,
1294 2547 1387 2592 cesse
1404 2537 1475 2605 est,
1501 2523 1551 2592 sic
1575 2526 1617 2592 ad
1644 2528 1760 2593 omnis
1786 2530 1923 2617 generis
1942 2531 2207 2602 immanissima
2222 2556 2286 2603 sor·

247 2639 309 2734 qui
333 2636 395 2705 illa
417 2642 585 2723 perpetua
615 2622 820 2695 beluatione
848 2640 1005 2717 potuque
1029 2627 1170 2717 penitus
1190 2650 1244 2693 se·
1295 2627 1367 2694 lera
1392 2639 1571 2714 proruunt
1595 2649 1687 2706 sese,
1718 2632 1818 2721 quasi
1838 2633 1974 2699 nemini
1996 2634 2288 2729 quidquampost

245 2740 438 2837 pultisunt
460 2758 501 2801 ac
522 2727 697 2800 demersi?
746 2724 939 2818 Nunquam
960 2729 1014 2796 illi
1029 2743 1090 2798 aut
1106 2728 1245 2798 rarissi-
1296 2752 1331 2797 se
1356 2727 1486 2819 reliqui
1510 2729 1622 2797 lacere
1647 2733 1847 2803 statuerint.
1905 2732 1989 2803 Non
2011 2738 2086 2805 iarn
2110 2737 2230 2807 dicam
2249 2740 2284 2809 dr

245 2866 305 2915 me
334 2836 642 2931 expergiscuntur,
681 2828 794 2899 sobrii
818 2842 911 2899 certe
940 2856 1126 2924 utinquam
1151 2844 1245 2914 sunt,
1296 2829 1535 2921 turpitudine,
1583 2855 1673 2923 quae
1709 2834 1747 2900 in
1781 2835 1940 2927 ipsorum
1974 2838 2160 2911 conviviis
2194 2840 2277 2911 eth

247 2946 354 3018 etiam
371 2964 452 3012 cum
467 2960 543 3006 non
558 2947 641 3005 sunt
658 2932 751 3023 poti,
776 2944 895 3001 tamen
913 2932 965 3001 illi
984 2934 1109 3003 furiosi
1128 2948 1246 3003 motus
1296 2945 1437 3023 regnat,
1472 2956 1545 3000 non
1568 2936 1611 3001 de
1631 2935 1775 3004 furiosis
1800 2938 2014 3010 clamoribus
2037 2964 2192 3030 eurum,
2213 2942 2275 3037 qui·

246 3048 334 3117 vino
351 3038 513 3132 concepti
529 3050 565 3108 et
579 3035 737 3114 excitati,
765 3029 881 3103 adhuc
900 3035 937 3103 iu
959 3037 1009 3105 ris
1030 3051 1245 3109 exaestuant.
1297 3037 1362 3105 bus
1383 3036 1518 3126 plateae
1550 3048 1638 3104 totas
1668 3052 1787 3107 noctes
1812 3055 2019 3130 personant:
2059 3038 2153 3115 haee
2182 3046 2278 3117 adbit

248 3150 353 3222 Plato
379 3146 417 3214 in
444 3140 592 3235 epistola
617 3140 769 3231 quadarn
795 3140 839 3206 ad
864 3134 992 3207 Dionis
1017 3141 1247 3232 propinquos,
1296 3139 1396 3207 initia
1413 3151 1497 3206 sunt
1515 3138 1645 3206 luroris
1659 3142 1804 3232 etquasi
1825 3144 1960 3232 primae
1974 3147 2020 3213 ad
2040 3170 2278 3235 paroxysmu

249 3256 295 3325 de
312 3274 374 3320 sua
394 3248 432 3316 in
450 3244 608 3316 Siciliam
627 3240 911 3333 peregrinatione
932 3242 978 3309 ita
995 3244 1135 3312 scribit:
1163 3240 1245 3329 Quo
1296 3241 1521 3309 accessiones.
1577 3238 1769 3312 Innumero
1789 3245 1858 3312 alia
1877 3259 1910 3314 et
1927 3248 2095 3333 graviora
2111 3228 2278 3321 nobislls-

249 3380 330 3427 cum
344 3350 539 3427 venissem,
565 3344 700 3437 inquit,
735 3342 808 3412 vita
825 3342 885 3411 illa
904 3345 1023 3428 beata,
1051 3369 1139 3438 quae
1154 3344 1246 3413 sere·
1296 3344 1379 3431 gitia
1397 3366 1438 3410 ex
1456 3338 1521 3410 bac
1538 3343 1636 3412 lerna
1653 3360 1863 3435 erumpunt,
1889 3360 1995 3440 atque
2009 3350 2157 3421 utinam
2173 3354 2275 3424 talium

247 3460 373 3538 batur,
406 3453 511 3545 plena
536 3447 737 3517 ltalicarum
758 3444 1246 3540 Syracusanarumquemen-
1298 3443 1483 3515 bominum
1522 3446 1623 3514 luror
1654 3471 1915 3541 nonnunquam
1951 3452 2057 3521 etiam
2097 3450 2273 3525 Ecclesiam
2309 3508 2325 3537 ,

251 3582 391 3637 sarum,
413 3554 516 3623 nullo
532 3552 639 3619 ruodo
662 3542 750 3615 mihi
776 3547 926 3637 placuit,
951 3550 1060 3617 bisin
1078 3551 1135 3618 ilie
1151 3562 1247 3619 satu·
1298 3574 1371 3637 riou
1386 3548 1633 3631 conturbaret,
1660 3563 1693 3617 et
1711 3548 1813 3639 lieip.
1828 3576 1899 3619 uon
1916 3568 2005 3623 esset
2022 3556 2150 3627 exitio.
2314 3552 2326 3573 ⁴

251 3686 332 3733 rum
361 3656 455 3737 lieri,
489 3673 728 3742 necunquam
745 3663 954 3738 pernoctare
971 3653 1104 3733 solum,
1134 3666 1246 3719 caete·
1399 3646 1599 3741 Cambysen
1623 3648 1708 3743 Cyri
1731 3653 1843 3722 lilium
1865 3657 2011 3726 tradunt
2033 3660 2082 3725 ab
2113 3654 2180 3729 bac
2201 3656 2271 3727 lorii
2317 3652 2326 3713 Ψ

165 3764 175 3779 ’
252 3784 361 3858 reque
387 3780 476 3850 quae
493 3752 708 3822 comitantur
732 3743 816 3818 huic
833 3750 945 3833 vitae,
973 3752 1008 3818 in
1026 3776 1093 3844 qua
1109 3754 1249 3843 sapiens
1298 3752 1468 3837 agitatum
1499 3751 1626 3829 fuisse,
1668 3778 1772 3845 quem
1800 3780 1881 3824 cum
1908 3756 2101 3850 Prexaspes
2131 3784 2221 3831 rinus
2242 3784 2275 3829 er

252 3888 359 3937 nemo
376 3858 526 3929 elficitur
539 3875 716 3949 unquam,
736 3853 940 3921 moderatus
953 3880 1037 3921 xero
1052 3854 1165 3923 multo
1181 3856 1249 3922 mi·
1299 3852 1525 3942 Principibus
1549 3868 1582 3923 et
1597 3856 1753 3943 paternis
1771 3858 1893 3927 amicis
1914 3872 2073 3931 :ananter
2089 3886 2130 3933 ac
2145 3864 2277 3933 fideliter

254 3992 334 4039 ntis.
392 3961 502 4047 Negat
525 3956 627 4025 Plato
654 3954 750 4044 gigni
779 3954 986 4045 sapientiam
1019 3957 1057 4024 in
1080 3957 1124 4024 iis
1152 3957 1250 4037 locis,
1300 3957 1527 4037 admoneret,
1553 3958 1648 4047 quod
1665 3956 1783 4026 Persis
1801 3960 1862 4028 illa
1881 3961 1956 4030 eius
1976 3968 2278 4054 perpotandieuu-

253 4071 318 4141 ubi
333 4064 498 4136 bomines
521 4061 577 4127 bis
601 4060 638 4125 iu
662 4058 720 4125 die
745 4057 854 4124 saturi
875 4057 986 4126 liant?
1037 4057 1133 4145 Quid
1161 4060 1189 4126 si
1205 4062 1247 4126 ael
1300 4059 1449 4127 suetudo
1472 4056 1691 4143 displiceret,
1726 4061 1829 4131 iussit
1855 4065 1929 4154 ipse
1954 4062 2142 4159 Principes
2164 4092 2281 4139 cortro-

256 4196 323 4243 nos
338 4167 496 4247 veniret,
521 4162 712 4231 assideret
729 4154 981 4228 ltomiuesuon
998 4183 1061 4249 per
1081 4160 1251 4228 interval·
1300 4160 1390 4243 cari,
1416 4172 1450 4228 et
1474 4160 1729 4247 interrogabat,
1763 4179 1884 4233 utrtuu
1900 4166 2035 4259 aliquid
2062 4170 2174 4253 inse,
2197 4170 2280 4265 quud

254 4278 289 4345 la
322 4272 377 4341 bis
409 4281 470 4337 aut
497 4264 637 4357 saepius
663 4262 699 4328 in
724 4263 783 4330 die
808 4275 963 4342 saturos,
994 4264 1053 4331 sed
1082 4277 1250 4354 perpetua
1300 4256 1619 4351 reprehenderent,
1657 4258 1843 4336 baberent:
1878 4268 1933 4335 illi
1957 4284 2053 4340 metu
2078 4276 2282 4355 mussabant,

175 4412 182 4425 ·
256 4376 411 4473 quadam
445 4368 588 4458 crapula
630 4365 785 4454 vinoque
826 4365 1015 4443 distentos,
1067 4388 1251 4459 nunquam
1300 4388 1365 4432 nec
1381 4376 1454 4431 erat
1473 4364 1566 4432 inter
1589 4388 1648 4433 eos
1674 4367 1737 4458 qai
1760 4364 1826 4438 boc
1842 4364 1968 4441 hulcus
1983 4385 2129 4456 tangere
2141 4380 2282 4453 strideret,

255 4481 415 4563 ieiunos,
449 4472 619 4546 siccome,
653 4466 790 4534 sobrios
815 4468 1021 4557 nunquam?
1067 4480 1143 4536 tum
1167 4492 1252 4537 vero
1301 4466 1388 4559 quin
1409 4464 1515 4555 plenu
1533 4492 1592 4534 ore.
1609 4467 1800 4540 laudabant
1817 4496 1914 4547 etam,
1942 4487 1975 4543 et
1998 4476 2090 4562 patri
2106 4478 2213 4547 etiam
2226 4478 2282 4551 Cr·
2321 4486 2326 4559 l

257 4584 363 4669 longe
380 4578 425 4645 ab
441 4569 499 4642 bis
514 4572 601 4640 locis
618 4568 825 4657 sapientiam
845 4568 976 4657 pariter
990 4594 1029 4636 ac
1043 4571 1251 4639 modestiam
1302 4595 1341 4636 ro
1361 4568 1603 4658 praeferebant
1620 4570 1790 4663 plerique.
1844 4573 1986 4662 Quibus
2003 4576 2174 4650 laudibus
2194 4558 2282 4651 iulia·
2322 4578 2326 4667 l

259 4684 398 4753 exirlare
422 4678 570 4745 diceret:
600 4670 729 4740 Nullus
749 4670 843 4737 enim
868 4672 1077 4756 modestiae,
1102 4685 1163 4740 aut
1186 4672 1251 4741 ulli
1276 4694 1279 4717 ¹
1302 4685 1358 4739 tus
1378 4666 1455 4739 Rex
1479 4667 1676 4761 Prexaspen
1694 4675 1807 4743 solum
1831 4678 1960 4745 accersi
1975 4678 2094 4763 iubet,
2120 4682 2238 4778 Atque
2251 4694 2283 4753 ut
2322 4674 2326 4759 Ξ

258 4782 384 4853 virtuti
409 4783 507 4850 locus
529 4798 602 4845 esse
627 4785 741 4864 potest
764 4772 802 4839 in
821 4772 885 4840 ista
902 4773 1088 4865 plusquam
1108 4774 1252 4843 beluina
1275 4724 1280 4861 i
1303 4774 1423 4839 videre
1453 4772 1584 4861 possis,
1617 4774 1751 4866 iuquit,
1778 4804 1835 4846 me
1866 4780 1969 4847 etiam
1992 4794 2139 4870 potum,
2179 4804 2283 4857 tamen

260 4883 395 4954 ventris
413 4879 569 4969 ingluvie
584 4900 624 4945 ac
641 4875 733 4943 vitae
749 4875 927 4943 foeditate.
982 4874 1252 4946 lncluuntenim
1276 4868 1280 4917 ²
1302 4874 1431 4942 mentis
1454 4888 1651 4963 etinrpotem
1675 4901 1766 4957 csse,
1799 4876 1906 4949 bodie
1931 4881 1992 4951 ubi
2012 4883 2147 4974 largius
2161 4888 2283 4965 bibero.
2324 4892 2326 4899 '

259 4984 425 5059 bomiues
450 5006 492 5051 ex
514 4976 581 5049 boc
605 4976 749 5045 vivendi
772 5000 871 5045 more
892 4978 1045 5046 furiosos
1066 4992 1254 5073 vastosque
1302 4978 1401 5044 sistes
1425 4970 1513 5042 milti
1536 4976 1649 5044 lilium
1676 4992 1775 5048 trium
1800 4984 1974 5051 minorem
2002 4988 2283 5061 natuiuloribut

260 5110 396 5169 mores,
429 5098 462 5153 et
484 5096 556 5152 tota
577 5093 704 5150 natura
727 5079 936 5159 efferantur,
965 5104 1003 5147 ea
1027 5103 1195 5150 sensuum
1214 5105 1253 5149 ac
1303 5078 1509 5159 coenaculi,
1543 5079 1581 5145 in
1608 5103 1688 5147 eum
1716 5107 1796 5151 cum
1827 5108 1910 5154 arcu
1941 5086 2104 5175 sagittam
2138 5092 2283 5171 emisero.

261 5189 487 5281 ingeniorum
512 5184 630 5253 leritas
650 5181 780 5250 deinde
795 5180 900 5250 etiam
923 5182 961 5249 in
977 5182 1107 5249 sobriis
1123 5195 1254 5253 manet.
1276 5132 1281 5245 i
1303 5180 1373 5248 nisi
1399 5180 1515 5267 ipsura
1550 5182 1651 5270 pueri
1677 5207 1739 5251 cor
1764 5186 2015 5272 vulneravero,
2054 5204 2134 5263 turn
2169 5206 2207 5266 tu
2237 5214 2282 5263 mc

261 5294 362 5367 Sicut
385 5288 481 5359 euim
504 5309 583 5355 curu
616 5284 770 5375 cuipiam
800 5283 838 5350 in
864 5284 938 5352 sole
965 5286 1120 5355 versanti
1150 5296 1254 5374 caput
1276 5260 1280 5331 !
1303 5281 1483 5349 ebriosum
1510 5294 1614 5374 atque
1637 5284 1802 5356 insanum
1829 5288 1998 5361 iudicato.
2061 5290 2162 5367 Haec
2185 5298 2231 5367 iu
2250 5306 2279 5363 ut

261 5395 376 5488 coepit
391 5390 531 5471 dolere,
554 5386 618 5455 ubi
635 5387 762 5456 iterum
776 5386 986 5453 inumbram
1001 5387 1125 5471 rediit,
1150 5386 1255 5456 dolor
1303 5385 1392 5453 dixit
1422 5383 1637 5469 factasunt,
1671 5411 1753 5455 nam
1779 5405 1858 5480 post
1885 5385 2013 5461 boram
2032 5418 2183 5483 coenae,
2214 5418 2276 5468 curu

262 5512 400 5582 umen,
433 5514 539 5586 quem
561 5487 658 5559 calor
678 5488 779 5571 lecit,
811 5502 951 5565 manet,
983 5512 1049 5557 nec
1064 5489 1181 5558 statim
1198 5511 1255 5557 re·
1277 5490 1281 5555 l
1304 5486 1436 5575 largius
1464 5486 1534 5553 iam
1559 5487 1742 5562 invitasset
1766 5515 1857 5573 sese,
1890 5517 2040 5586 puerum
2056 5500 2187 5571 adduci
2201 5495 2276 5571 ,fiat
