4664 6022
131 264 221 379 'aas
712 296 874 375 nucu
907 294 985 372 nu
1017 294 1169 373 0n10
1203 295 1609 377 sorutsrrcns.
2105 304 2184 384 sto

135 476 318 571 pulaverit
331 499 441 568 genus
455 470 666 551 humanum.
714 472 829 567 Saepe
848 472 955 546 etiam
976 468 1069 543 mihi
1083 472 1137 542 la-
1184 470 1224 543 in
1251 473 1362 544 veteri
1394 496 1497 542 versu
1529 473 1676 544 dicitur:
1711 470 1823 569 ἴπτηξ
1850 462 2014 575 dlfarosp
2042 462 2182 554 dodica

133 576 517 675 cbrymaecrumpunt
539 576 694 651 intuenti
715 576 755 647 iu
778 572 835 646 his
851 576 993 669 pompis
1009 576 1136 646 iuren-
1184 569 1235 656 oie
1256 570 1384 656 κλίνας
1404 572 1551 669 ure'poe.
1606 573 1821 646 imbuendae
1844 594 1925 650 saint
1943 583 2052 671 igitur
2065 584 2180 655 bonae

132 694 272 766 tutem,
293 681 465 775 cuiquasi
483 704 548 774 per
560 701 688 752 manos
704 674 881 750 Ecclesiae
904 677 1135 770 gubernatio-
1183 691 1319 747 mentes
1351 700 1472 747 amore
1504 677 1679 761 veritatis,
1711 691 1746 748 et
1775 680 2019 753 instillandum
2050 687 2180 755 acerri-

133 807 221 855 nem
239 796 274 855 et
285 798 406 855 curam
420 782 684 854 conservandae
697 781 880 852 doctrinae
894 780 1013 872 omnis
1027 800 1134 871 gene-
1182 804 1281 849 mttm
1306 781 1429 850 odium
1447 774 1663 872 sophistices.
1716 778 1819 852 Hanc
1843 784 1889 853 ob
1905 809 2045 855 eausam
2061 810 2179 856 exem·

131 887 392 960 cistrademus.
441 882 512 955 Hic
525 908 589 974 ego
603 908 685 955 cum
700 882 941 976 impendentia
955 879 1134 953 Ecclesiae
1182 882 1240 972 pla
1266 883 1439 975 quaedam
1464 881 1687 972 superiorum
1712 895 1930 975 temporum,
1958 912 2035 956 non
2061 889 2176 959 solum

131 988 296 1083 pericula
319 988 451 1058 animo
461 986 696 1081 praemelior,
727 1007 802 1055 non
818 1006 961 1077 possum
979 1008 1053 1054 uon
1070 987 1134 1053 de-
1181 982 1219 1052 in
1235 979 1411 1067 Ecclesia,
1437 984 1497 1053 sed
1521 983 1626 1055 etiam
1647 984 1686 1051 in
1706 985 1866 1077 imperiis
1882 988 2024 1079 collegi,
2050 1003 2091 1062 ut
2112 992 2177 1061 ad-

133 1090 280 1185 plorare
301 1112 441 1173 causas,
469 1090 713 1183 quaemultae
729 1101 833 1169 sunt,
857 1101 893 1159 ct
915 1100 996 1159 vota
1017 1086 1133 1157 facere
1181 1101 1351 1157 moueant
1366 1086 1552 1173 fugiendas
1568 1107 1641 1155 esse
1658 1086 1791 1157 similes
1808 1091 2029 1178 praestigias,
2062 1106 2097 1165 et
2114 1115 2175 1187 sy·

133 1190 343 1289 pro-vobis,
367 1190 626 1277 adolescentes,
650 1190 713 1286 qui
730 1189 768 1258 in
783 1186 876 1260 hanc
885 1187 1131 1259 difficillimam
1181 1184 1425 1279 cophanticam
1442 1178 1726 1277 indignissimam
1742 1189 1829 1259 viris
1838 1193 2023 1278 gravibus,
2042 1208 2077 1267 et
2093 1218 2174 1287 per-

132 1294 303 1365 militiam
319 1292 514 1384 conscripti
527 1293 621 1378 estis,
643 1308 678 1364 et
691 1291 875 1385 aliquanto
884 1303 968 1382 post·
978 1290 1132 1362 subituri
1180 1290 1351 1361 niciosam
1376 1292 1480 1363 vitae.
1537 1286 1716 1359 Exordiar
1736 1304 1852 1361 auton
1873 1295 1918 1364 ab
1939 1296 2172 1370 ecclesiastico

132 1394 344 1471 teterrimas
357 1394 621 1468 dimicationes.
680 1392 777 1464 Hace
792 1394 1030 1463 observantur
1051 1392 1130 1461 ani·
1179 1395 1350 1484 exemplo.

132 1522 194 1569 mo
219 1522 320 1578 mco,
351 1496 490 1592 quotics
518 1499 563 1569 ad
585 1491 651 1566 h'os
675 1517 882 1585 congressus
914 1488 1059 1577 accedo,
1091 1495 1130 1562 iu
1281 1493 1372 1566 Cum
1388 1512 1476 1570 esset
1489 1490 1802 1584 iugensEcclesiae
1813 1499 2010 1583 calamitas,
2036 1501 2171 1572 discor·

132 1601 269 1697 quibus
291 1612 328 1670 et
347 1595 415 1669 boc
435 1593 527 1669 mibi
550 1598 693 1669 videtur
718 1592 957 1689 pulcherrime
985 1595 1132 1669 institu·
1178 1598 1237 1668 dia
1260 1622 1302 1666 ex
1322 1599 1432 1690 iartpio
1454 1596 1535 1669 Arii
1557 1603 1721 1689 dogmate
1742 1615 1842 1687 usta,
1871 1602 1994 1684 multi,
2026 1620 2067 1678 ut
2090 1618 2173 1676 sunt

132 1714 230 1788 lum,
257 1725 304 1772 ne
323 1701 396 1771 sint
414 1698 613 1787 inerudita,
633 1714 732 1771 muta
753 1712 788 1769 et
799 1690 979 1794 βαναυσᾶ
993 1712 1131 1790 specta·
1179 1694 1366 1771 hominum
1389 1701 1554 1784 consilia,
1588 1726 1662 1771 nou
1680 1716 1751 1772 tam
1767 1704 1924 1789 veritati,
1951 1728 2056 1799 quam
2072 1720 2174 1776 tran-

132 1804 235 1890 ssla,
261 1816 303 1874 ut
313 1815 397 1874 suut
410 1804 592 1889 aularum,
617 1804 678 1873 sed
692 1815 733 1872 ut
743 1798 953 1872 iiosseet'esta
965 1800 1131 1872 iuventus
1178 1803 1347 1896 quillitati
1370 1804 1572 1873 consultum
1597 1804 1798 1894 cupiebant.
1861 1805 1984 1899 ltaque
2015 1809 2053 1877 in
2084 1806 2173 1903 Syr·

130 1906 257 1979 auctu
277 1906 434 2000 aliquid,
460 1909 558 1998 quod
590 1906 636 1974 ad
667 1904 906 1975 eruditionem
929 1896 994 1973 aut'
1013 1924 1130 1973 mores
1178 1906 1304 1974 miensi
1313 1904 1627 1999 Synocloquaesita
1645 1920 1695 1976 est
1708 1906 1872 1996 ambigua
1883 1909 2055 1995 formula,
2082 1934 2174 2003 quse

129 2009 263 2101 prosit.
303 2006 391 2078 ‘Hac
404 2007 592 2078 conciones
603 2022 688 2079 sunt
701 2005 929 2099 praecipuum
943 2008 1050 2077 decus
1063 1999 1130 2075 ho·
1178 2007 1207 2077 si
1231 2010 1278 2077 ab
1300 2025 1451 2100 utraque
1475 2022 1574 2100 parte
1595 2008 1829 2099 reciperetur,
1863 2010 2051 2081 dissidium
2068 2011 2174 2082 tolle-¹

128 2132 213 2183 nm
230 2132 495 2201 congressuum.
668 2106 671 2111 ’
776 2128 780 2135 “
1127 2134 1131 2141 ·
1178 2124 1241 2183 ret.
1299 2108 1495 2194 Corrvenit,
1528 2122 1568 2180 ut
1591 2134 1715 2178 omues
1731 2106 1909 2181 Ecclesiae
1932 2114 2063 2203 pariter
2079 2114 2173 2205 lege·

134 2254 150 2267 ·
236 2210 430 2306 Postquam
445 2213 556 2303 igitur
568 2236 625 2285 mc
638 2211 775 2307 publici
790 2204 949 2283 moneris
963 2210 1056 2281 ratio
1068 2234 1130 2280 co-
1178 2222 1259 2281 reut
1275 2211 1314 2280 in
1337 2211 1498 2305 symbolo
1523 2206 1674 2302 ὅμοιον,
1707 2236 1788 2280 cum
1811 2226 1913 2284 antea
1931 2215 1980 2303 pii
2004 2214 2172 2306 legissent

128 2312 272 2407 glria-r
289 2308 453 2385 hocloco
467 2312 604 2397 dicere,
630 2316 734 2386 valde
750 2310 903 2407 optarim
926 2302 1129 2384 meoratio'·
1178 2305 1390 2405 ὃμοούσιον.
1424 2308 1712 2384 llicCothurnus
1722 2315 1864 2409 utrique
1877 2316 1960 2407 pedi
1973 2324 2174 2408 congruens·

124 2438 215 2487 m
238 2410 498 2509 adfcae'reposse
521 2419 646 2488 tstilern
668 2417 864 2502 iuventuti,
890 2410 925 2488 et
943 2438 1016 2485 non
1034 2414 1129 2485 iuiu-
1179 2417 1366 2486 ridebatur
1387 2414 1570 2486 sustulisse
1592 2416 1815 2490 discordiam.
1875 2415 1946 2488 Sed
1967 2416 2053 2512 quid
2079 2418 2174 2503 acet-3

123 2518 594 2610 condampraeeeptortbus
616 2520 758 2592 uostris.
808 2516 1043 2590 Decreveram
1065 2540 1128 2586 au·
1178 2519 1256 2589 dit?
1293 2516 1429 2588 Fucosa
1452 2540 1637 2610 nunquam
1659 2518 1836 2588 durabilia
1856 2531 1951 2593 sunt.
2000 2517 2092 2591 Cum
2109 2520 2173 2591 alii

123 2620 354 2713 maliquid
379 2624 425 2690 de
444 2621 506 2689 illa
530 2621 732 2692 dulcissima
754 2615 1007 2712 Philosophiae
1029 2632 1130 2711 parte
1178 2620 1281 2692 aliter
1306 2620 1624 2711 interpretarentur
1652 2621 1872 2717 symbolum,
1908 2645 2029 2693 rursus
2047 2622 2173 2692 lucen-²

123 2722 276 2805 stim,
302 2744 393 2815 quae
412 2718 580 2794 coelestes
599 2738 718 2793 motus
740 2736 775 2793 ct
797 2722 941 2793 effectus
964 2720 1128 2815 inquirit,
1178 2724 1279 2792 dium
1294 2722 1409 2792 maius
1423 2747 1464 2791 ex
1481 2723 1541 2791 illa
1564 2722 1638 2812 ipsa
1661 2723 1814 2817 symboli
1832 2725 2029 2814 corruptela
2051 2736 2171 2795 ortum

123 2824 299 2923 quernin
310 2820 512 2895 bacscbola
530 2827 650 2896 docco.
690 2825 761 2897 Sed
777 2820 1130 2915 hoctemporeinter
1177 2832 1256 2896 est.'
1292 2822 1606 2895 confirmabantur
1627 2825 1722 2893 enim
1737 2824 1881 2909 Ariani,
1908 2826 2173 2896 nonsanaban-

123 2940 290 3001 csctsras
304 2926 571 3019 occupationes,
594 2950 654 3013 ea,
677 2951 768 3020 quae
780 2921 1049 3010 inchoaveram,
1064 2926 1123 2995 ab
1178 2942 1255 3009 tur,
1280 2927 1330 3017 pii
1355 2928 1624 3019 premebantur,
1656 2928 1850 2997 imbecilles
1873 2943 1906 2999 et
1931 2928 2066 2998 indocti
2091 2942 2175 3021 per-¹

123 3028 271 3103 s'olvcre
294 3052 368 3097 nou
392 3030 504 3120 potui.
563 3027 683 3117 Quare
706 3030 819 3117 delegi
846 3028 944 3097 aliud
968 3050 1129 3097 commu·
1179 3029 1425 3103 turbabantur.
1478 3027 1578 3097 Talis
1593 3042 1642 3099 est
1658 3030 1771 3100 exitus
1786 3024 1914 3099 honam
1929 3029 2173 3116 consiliorum,

123 3128 506 3215 nius-argumentum,
530 3131 576 3198 de
596 3153 668 3224 quo
689 3154 746 3198 me
760 3132 955 3200 recentium
972 3151 1130 3200 convcu·
1178 3154 1330 3224 quorum
1343 3130 1457 3221 imago
1474 3131 1511 3199 in
1525 3130 1716 3199 comoediis
1729 3132 1960 3221 proponitur,
1987 3156 2061 3201 uon
2078 3146 2117 3202 ut
2132 3152 2173 3203 ea·

123 3229 403 3307 inunctiones
419 3235 693 3303 admonuerunt·
728 3228 1129 3319 LegoinedictisPrin-
1179 3235 1360 3303 imitemur
1382 3231 1421 3303 iu
1447 3233 1697 3320 religionibus,
1729 3233 1767 3300 in
1791 3232 1966 3322 imperiis,
1998 3234 2037 3301 in
2059 3234 2172 3302 mori-

123 3334 255 3429 eipttn
269 3326 395 3404 haberi
410 3330 685 3406 deliberationes
700 3334 744 3403 de
757 3332 968 3405 dirimendis
985 3348 1128 3404 coutro-
1179 3338 1262 3415 bus,
1288 3336 1348 3403 sed
1374 3346 1414 3404 ut
1443 3358 1565 3403 cavere
1589 3332 1775 3403 discamus.
1834 3334 1982 3415 Ludunt
1995 3333 2087 3404 servi
2104 3335 2173 3403 fal:

128 3434 264 3505 cusiis
283 3436 545 3519 ecclesiasticis.
618 3434 749 3524 Magna
775 3450 810 3505 et
838 3431 981 3506 heroica
1014 3437 1128 3504 virtus
1179 3438 1296 3515 laciis,
1321 3436 1500 3530 utSyrus.
1550 3433 1648 3504 Huic
1668 3437 1833 3526 equidem
1850 3436 1998 3503 consilio
2016 3434 2171 3529 palmam

126 3550 188 3609 est
205 3532 431 3629 Principum,
456 3539 486 3608 si
502 3538 686 3609 veritatem
704 3540 859 3629 patefieri
876 3551 910 3607 et
926 3536 1127 3607 confirmari
1179 3542 1246 3622 do,
1279 3534 1338 3607 hie
1362 3563 1417 3606 me
1440 3538 1623 3627 magnifice
1647 3538 1774 3621 eli'ero,
1806 3537 1868 3629 qui
1892 3538 1964 3605 vim
1981 3551 2115 3607 tautam
2133 3538 2175 3607 iu'

123 3632 272 3711 volunt.
333 3638 372 3710 ld
401 3640 432 3710 si
449 3640 576 3712 factori
599 3654 702 3721 sunt,
736 3641 836 3711 decet
860 3634 1061 3733 εὐφημεῖν,
1093 3653 1129 3710 et
1179 3654 1506 3731 meetpotestatem
1524 3637 1670 3709 babeam
1687 3654 1805 3710 tautae
1823 3640 1989 3721 astutiae,
2014 3663 2097 3709 vcra
2115 3638 2173 3708 di-

123 3742 224 3815 bne
245 3743 400 3832 precari,
425 3757 464 3814 ut
487 3744 640 3814 salutare
661 3742 862 3812 institutum
884 3740 982 3811 Deus
1001 3764 1129 3832 prove·
1179 3746 1292 3812 ceratio
1309 3758 1347 3813 ut
1366 3764 1426 3812 eos
1440 3744 1564 3812 ambos
1579 3742 1710 3812 fallam.
1764 3740 1833 3812 Sed
1851 3741 2173 3814 illeidemvetera·

123 3840 214 3921 trau·
258 3840 458 3915 Sedorem
474 3844 639 3915 miseram
657 3847 818 3913 acerbam
836 3858 868 3913 et
883 3848 1127 3930 execrandam,
1179 3859 1237 3915 tor
1260 3846 1443 3937 aliquanto
1469 3860 1546 3935 post
1573 3840 1834 3933 deprehensus,
1861 3844 1945 3935 quid
1963 3842 2036 3912 ait?
2066 3841 2174 3928 Perii,

123 3940 200 4019 lsoc
221 3944 345 4015 moliri
367 3942 493 4017 harum
515 3946 696 4015 actionum
712 3949 819 4016 disces
835 3940 898 4016 stol
913 3939 1130 4037 βραβευτὰς
1178 3948 1360 4029 scelestus,
1393 3960 1542 4039 qrtautas
1566 3949 1686 4014 turbas
1698 3945 1852 4014 conscivi
1876 3944 2057 4017 insciens·
2090 3942 2172 4015 Non

123 4046 264 4131 sudio,
289 4060 330 4117 ut
348 4048 478 4119 fucosis
502 4040 811 4117 conciliationibus
827 4051 990 4117 tenebras
1006 4044 1128 4115 Evau-
1179 4050 1242 4117 «liu
1266 4049 1437 4118 fefellerat
1458 4070 1576 4125 serres,
1610 4050 1670 4114 sed
1700 4047 1767 4115 sibi
1793 4046 1911 4137 plagas
1933 4047 2174 4119 accersiverat.

123 4147 224 4245 flio
249 4148 440 4235 inducant,
471 4163 505 4219 et
526 4150 786 4220 illucescentem
815 4150 998 4218 veritatem
1024 4148 1128 4217 rtovis
1182 4152 1331 4219 Narrant
1344 4144 1512 4219 historiae
1527 4150 1563 4216 in
1581 4148 1640 4216 illa
1651 4148 1847 4241 Syrsuiensi
1857 4148 2003 4243 Synodo
2020 4150 2173 4219 adfuisse

123 4250 334 4349 praestigiis
354 4252 527 4329 obruant,
561 4275 599 4320 ac
625 4264 723 4321 tanto
747 4252 876 4320 scelere
899 4251 1013 4320 otium
1031 4250 1127 4319 redi-
1181 4251 1378 4343 Hispanum
1400 4248 1615 4340 Episcopum
1638 4244 1766 4319 Osium
1792 4263 1883 4319 recte
1905 4252 2113 4319 sentientem
2133 4272 2174 4320 ac

123 4365 245 4427 mut.
296 4348 400 4422 Hanc
422 4353 465 4421 ad
488 4374 564 4420 rem
584 4348 755 4422 adhibent
780 4349 942 4422 homiues
970 4353 1128 4437 callidos,
1180 4366 1324 4446 propter
1345 4353 1581 4421 eruditionem
1599 4365 1631 4420 et
1653 4352 1817 4441 pietatem
1839 4352 1990 4421 clanim:
2023 4346 2173 4421 hicsivc

123 4456 193 4531 aad
209 4475 319 4545 prave
332 4454 525 4538 institutos,
543 4469 577 4524 et
592 4449 882 4545 adSopbisticam
898 4456 1127 4526 adsuefactos.
1179 4455 1349 4537 mollicie,
1358 4456 1487 4535 animi,
1518 4453 1592 4521 sive
1613 4454 1875 4522 circumventus
1896 4453 2013 4545 aliqua
2034 4446 2174 4537 techna,

123 4552 362 4631 Gltristusait
377 4555 791 4625 meualaciumadiabolo
806 4556 911 4625 oriri:
938 4556 1037 4625 nttlla
1061 4555 1126 4644 igi·
1182 4573 1218 4625 ut
1242 4558 1299 4636 fu,
1328 4554 1571 4645 comprobavit
1597 4556 1797 4639 ambiguam
1823 4570 1854 4619 et
1885 4548 2176 4645 sycophanticam·

123 4672 191 4731 Ιιιι·
214 4671 423 4727 aetascaret
445 4652 658 4749 sophistica.
711 4657 977 4748 Semper-emim
1002 4659 1127 4727 diabu-
1181 4657 1381 4730 fatruurlam.
1442 4654 1560 4724 'l'anto
1585 4658 1661 4724 ciro
1694 4681 1765 4723 mm
1792 4658 1865 4723 lere
1888 4655 2018 4723 sithius
2043 4652 2172 4725 iubixit

123 4762 188 4833 lus
217 4759 307 4828 serit
327 4760 527 4838 urertdacia‚
561 4774 594 4829 et
616 4772 657 4829 ut
682 4758 753 4827 siut
779 4758 999 4848 plausibilia,
1030 4783 1127 4827 rom·
1181 4757 1238 4829 laic
1261 4782 1377 4843 error,
1403 4758 1607 4849 praesertim
1632 4758 1783 4826 intuenti
1809 4768 1924 4847 postea
1942 4777 2050 4823 novas
2067 4752 2172 4823 dissi·

123 4860 278 4935 mandat
294 4858 416 4953 aliquo
435 4874 626 4952 praetextu.
666 4859 743 4929 llae
759 4860 911 4929 insidiae
925 4884 1022 4929 uurrc
1036 4884 1128 4952 quo·
1180 4860 1351 4955 pationes.
1411 4859 1562 4930 Dolebat
1583 4884 1602 4929 a
1625 4882 1661 4926 se
1686 4858 1859 4945 proditam
1884 4880 1958 4925 esse
1975 4856 2173 4940 veritatem,

123 4984 202 5061 qne
218 4964 397 5031 cavendae
410 4976 510 5044 suut,
537 4963 741 5054 praesertim
756 4985 835 5030 carm
851 4957 938 5031 haec
950 4975 1044 5031 aetas
1054 4962 1127 5030 fato
1180 4962 1405 5047 confirmatos
1420 4961 1611 5051 impiorum
1628 4959 1781 5043 furores,
1808 4959 2053 5050 perturbatum
2067 4958 2173 5050 spiri-

123 5064 291 5163 quodam
308 5063 637 5133 videaturobuoxia
662 5064 901 5133 crebrioribus
917 5064 1127 5133 mtttatioui·
1182 5078 1260 5133 tum
1277 5079 1434 5134 sauctum
1457 5061 1494 5131 in
1517 5062 1637 5144 bouis,
1663 5061 1834 5130 adductos
1856 5059 1894 5128 in
1912 5060 2172 5131 dubitationem

123 5170 221 5253 laus,
246 5176 282 5235 et
300 5165 387 5233 mira
402 5165 447 5233 sit
465 5164 691 5253 ingeniorum
716 5166 977 5235 inconstantia?
1009 5166 1127 5235 carrio·
1183 5166 1386 5237 imbecilles.
1445 5162 1543 5251 Quid
1565 5177 1616 5232 est
1641 5160 1798 5250 turpius,
1827 5184 1933 5255 quam
1961 5162 2006 5232 de
2031 5160 2173 5231 coelesti

123 5270 246 5353 sitas,
269 5268 472 5356 petulantia.
531 5262 578 5337 Et
604 5282 702 5355 urget
727 5267 927 5336 occasiones
955 5268 1129 5341 diarlmlus.
1182 5268 1342 5336 doctriua
1361 5269 1410 5337 sic
1427 5268 1567 5345 ltufere,
1592 5282 1632 5335 ut
1649 5264 1686 5331 iu
1703 5263 1895 5333 comoediis
1919 5264 2046 5333 lutitant
2064 5261 2172 5330 Pseu·

123 5366 206 5445 Alii
226 5368 413 5439 fastidiunt
435 5383 527 5439 recte
544 5370 692 5451 tradita,
714 5370 776 5437 alii
803 5372 1002 5453 arrogantia
1020 5394 1129 5438 uocas
1183 5370 1306 5452 dolus,
1338 5368 1526 5448 Palestrio,
1551 5362 1739 5448 Phormio,
1761 5378 1817 5432 aut
1835 5356 2173 5457 similesstcupltan·

123 5472 326 5569 opiniones
349 5484 543 5563 (macrum,
575 5472 667 5540 alius
695 5470 819 5542 metuit
848 5472 1059 5551 certamina,
1089 5486 1129 5543 ot
1183 5470 1262 5541 tae?
1312 5466 1359 5541 Et
1385 5485 1501 5541 taurea
1528 5456 1687 5537 ridemus
1703 5479 1862 5555 potentes
1879 5489 1973 5535 utrrrc
1991 5464 2176 5555 praecipue

189 5578 373 5644 uterum.
391 5578 498 5643 Orsa.
512 5576 596 5641 Vos.
612 5574 674 5644 Xl.
1688 5564 1737 5639 85
