4664 6022
146 330 227 405 sss
384 284 392 291 ’
809 329 972 411 nncn
1011 330 1088 407 na
1118 328 1516 414 antsro'rnnn
2099 345 2177 421 oso

251 498 472 575 Deliberanti
486 520 603 577 autem
619 499 710 574 mihi
734 506 779 576 de
800 521 1009 594 argumento
1033 503 1133 601 (nam
1185 503 1283 574 nitus
1298 527 1334 575 se
1350 507 1839 584 doctrinaestudiisdederet.
1896 507 2047 586 Audivit
2062 517 2173 607 igitur

144 607 185 676 in
201 618 301 676 tanta
315 629 433 676 rerum
454 607 715 698 copiaJnecesse
736 621 786 678 est
811 608 899 676 alias
919 608 1024 676 aliam
1048 631 1132 699 pro·
1185 605 1389 693 Platonem,
1414 631 1479 677 nec
1491 621 1531 679 ut
1545 610 1641 678 canis
1657 632 1675 677 e
1691 607 1774 680 Nilo
1789 612 1880 683 bibit
1892 614 2052 704 fugiens,
2078 621 2170 690 eele-

143 708 235 801 poni
255 708 451 792 materiam,
476 732 539 777 nec
555 709 661 778 simul
677 709 748 778 dici
767 709 886 777 omnia
902 719 1066 800 possunt)
1078 709 1134 776 vi·
1185 707 1271 776 riter
1296 709 1442 801 reliquit
1467 710 1663 779 doctorem:
1698 712 1772 796 ‚sed
1810 727 1965 805 tempore
1999 730 2033 788 et
2062 719 2173 810 longa¹

145 831 227 879 sum
243 821 294 878 est
310 810 353 878 de
364 807 566 879 Aristotelis
583 812 654 881 vita
668 824 701 879 et
710 804 943 901 Philosophia
961 811 1132 904 quaedam
1185 809 1372 878 collatione
1388 811 1640 881 sententiarum
1657 834 1746 902 opus
1769 836 1842 883 esse
1864 816 2005 893 sciebat.
2058 818 2169 892 Vide-

144 911 275 982 dicere.
334 908 482 981 Prodest
505 912 614 996 enim,
647 912 784 981 deditos
807 907 964 981 honestis
987 912 1133 995 artibus,
1184 911 1246 980 bat
1265 911 1460 1002 plurimum
1483 914 1649 982 interesse
1674 914 1768 983 inter
1788 930 1955 1010 tyronum
1981 931 2014 989 et
2035 923 2169 1012 perito·

143 1012 201 1099 sui
218 1034 383 1103 quenque
399 1013 535 1100 generis
550 1013 698 1082 artifices
713 1036 834 1092 nosse,
869 1027 1040 1083 eteorum
1057 1027 1132 1082 stu·
1184 1036 1264 1080 rum
1289 1012 1430 1084 iudicia.
1480 1011 1665 1083 Platonem
1687 1016 1796 1103 igitur
1817 1041 1930 1087 annos
1953 1018 2091 1092 circiter
2114 1023 2168 1091 vi·
2267 1094 2271 1113 ,

144 1113 204 1183 dia
221 1125 257 1181 et
275 1111 408 1180 iudicia
424 1114 657 1186 considerare.
698 1113 751 1186 Ac
767 1113 797 1184 si
815 1114 975 1204 voluptas
992 1114 1132 1206 quaeri·
1185 1113 1273 1201 ginti
1290 1110 1447 1199 audivit,
1472 1117 1671 1203 expendens
1686 1116 1849 1202 interim,
1878 1143 1919 1188 ac
1938 1134 1978 1190 ut
1992 1120 2093 1192 Plato
2114 1125 2168 1193 fa-

144 1226 224 1296 tur,
251 1234 452 1282 vosomnes
467 1215 616 1303 experiri
640 1210 707 1283 hoc
729 1215 900 1296 arbitror,
932 1210 1025 1283 nihil
1050 1215 1132 1284 dul·
1184 1237 1260 1282 cere
1275 1215 1391 1294 iubet,
1417 1228 1558 1286 sursum
1578 1240 1619 1286 ac
1640 1218 1804 1286 deorsum
1828 1219 2013 1310 opiniones
2039 1226 2167 1295 obscu-

143 1312 222 1384 cius
240 1335 314 1381 esse
339 1339 444 1405 quam
469 1327 588 1384 mente
612 1315 742 1387 intueri
766 1316 862 1385 viros
884 1316 1133 1386 antecellentes
1184 1315 1294 1383 riores
1312 1316 1476 1400 volvens,
1502 1331 1537 1386 et
1552 1316 1735 1386 conferens
1751 1331 1907 1388 vetemm
1923 1323 2062 1412 scripta.
2096 1322 2166 1395 Le-

142 1415 300 1498 virtutc,
333 1414 372 1483 in
388 1416 517 1507 quibus
533 1418 631 1509 quasi
650 1419 761 1505 ipsam
786 1417 957 1487 virtutum
982 1418 1130 1506 effigiem
1183 1415 1272 1503 gisse
1287 1415 1382 1484 enim
1397 1441 1476 1486 eum
1494 1418 1663 1508 plurima,
1688 1432 1723 1488 et
1738 1419 1849 1510 ipsius
1864 1419 1945 1491 libri
1961 1426 2168 1510 ostendunt,

141 1529 302 1607 spectare
318 1538 383 1585 nos
400 1518 581 1588 sentimus.
642 1517 839 1607 Sapientis,
873 1518 976 1597 iusti,
1009 1519 1131 1587 mode·
1183 1517 1524 1607 quiveterumdicta
1541 1531 1612 1588 tam
1628 1519 1738 1589 multa
1755 1522 1954 1603 continent,
1987 1536 2027 1594 ut
2049 1537 2166 1616 poste-

141 1617 232 1701 rati,
265 1617 476 1698 constantis,
507 1619 654 1689 benefici
676 1618 846 1709 principis
868 1620 1057 1709 imaginem
1078 1632 1132 1688 at·
1184 1616 1232 1685 ris
1256 1640 1321 1707 pro
1344 1615 1557 1689 bibliotheca
1582 1615 1738 1690 habendi
1760 1622 1850 1692 sint:
1889 1637 1923 1693 ct
1943 1625 2167 1715 praedicabat

141 1742 212 1813 que
231 1718 346 1786 ideam
363 1719 573 1807 cogitamus,
600 1743 679 1789 cum
697 1715 896 1809 Augustum
920 1722 1024 1790 nobis
1045 1744 1131 1813 pro-
1182 1716 1282 1788 Plato
1300 1719 1393 1809 ipse,
1419 1721 1482 1812 qui
1497 1718 1701 1801 Aristoteli,
1733 1738 1879 1814 propter
1895 1738 2028 1796 tantam
2040 1726 2166 1798 lectio-

141 1819 329 1911 ponimus:
353 1842 393 1888 ac
410 1819 552 1891 interim
569 1821 689 1915 quales
703 1821 774 1890 sint
788 1822 869 1891 illae
886 1825 1001 1906 dotes,
1028 1823 1131 1914 quale
1183 1819 1240 1888 nis
1257 1820 1479 1906 varietatem,
1500 1822 1628 1893 tribuit
1644 1823 1784 1893 lectoris
1798 1848 1942 1897 nornen.

140 1919 266 1991 lumen
283 1921 328 1990 sit
340 1922 521 2011 sapientia,
537 1922 651 2016 qualis
662 1924 853 2017 aequalitas
867 1923 1011 2004 iustitia,
1028 1925 1131 2017 quale
1285 1919 1395 1992 Multi
1410 1936 1526 1994 autem
1547 1926 1686 1994 nobiles
1705 1925 1774 1993 viri
1796 1950 1839 1997 ex
1863 1940 1937 1998 tota
1956 1926 2105 1998 Graecia
2131 1942 2165 1999 et

139 2022 285 2092 frenum
315 2022 495 2093 variorum
529 2026 730 2094 adfectuum
764 2024 836 2096 sint
867 2026 1062 2094 moderatio
1097 2039 1131 2095 et
1182 2021 1322 2109 Sicilia,
1360 2039 1445 2095 tunc
1467 2022 1619 2096 Athenis
1647 2027 1829 2097 doctrinae
1852 2029 1967 2097 studia
1989 2030 2165 2108 colebant,

142 2124 341 2194 constantia
358 2140 570 2213 reputemus.
625 2121 722 2214 Ergo
751 2125 781 2193 si
806 2127 969 2218 voluptas
990 2140 1129 2196 tantum
1181 2149 1333 2216 quorum
1353 2127 1563 2197 liberalitate
1577 2128 1793 2197 iuvabantur
1806 2130 1956 2214 eruditi,
1981 2152 2027 2198 ne
2042 2131 2166 2214 victus,

140 2219 209 2295 hac
225 2227 559 2297 commemoratione
574 2241 810 2320 quaereretur,
827 2242 944 2297 tamen
962 2224 1046 2297 haec
1063 2222 1129 2296 ho·
1180 2250 1226 2294 ne
1242 2227 1348 2311 libri,
1373 2251 1418 2296 nc
1432 2242 1640 2298 ornamenta
1655 2223 1775 2298 schola
1791 2231 1961 2302 deessent.
2012 2228 2166 2321 Fuitque

140 2340 240 2396 nesta
257 2341 292 2396 et
308 2322 452 2395 homine
468 2329 573 2417 digna
591 2328 796 2411 oblectatio,
832 2352 905 2397 non
921 2328 1128 2417 negligenda
1181 2327 1345 2419 inprimis
1368 2330 1553 2399 familiaris
1576 2326 1761 2399 Aristoteli
1777 2326 1959 2399 Eudemus
1972 2327 2165 2423 Syracusa-

140 2440 242 2499 esset.
306 2426 408 2497 Nunc
435 2453 515 2497 cum
550 2432 593 2498 ad
628 2426 719 2499 hanc
755 2430 962 2500 suavitatem
994 2429 1129 2499 utilitas
1181 2451 1266 2512 nus,
1290 2431 1391 2499 cuius
1407 2431 1556 2515 virtute,
1581 2430 1729 2520 opibus,
1753 2431 1959 2513 autoritate,
1983 2431 2086 2498 valde
2099 2433 2163 2500 ad·

138 2550 272 2617 magna
303 2529 463 2612 accedat,
509 2526 683 2602 historiae
715 2553 924 2623 magnorum
967 2531 1126 2598 virorum
1180 2527 1274 2599 iutus
1297 2544 1347 2599 est
1363 2528 1477 2615 Dion,
1504 2554 1584 2600 cum
1606 2546 1796 2624 tyrannum
1810 2529 2021 2625 Dionysium
2047 2555 2088 2601 ex
2104 2529 2164 2602 Si·

137 2630 261 2699 marito
279 2629 415 2699 avidius
440 2633 655 2720 appetendae
679 2645 771 2705 sunt.
834 2629 996 2701 Breviter
1020 2632 1128 2719 igitur
1181 2630 1260 2698 cilia
1277 2632 1426 2714 eiiceret,
1447 2645 1481 2700 et
1497 2633 1692 2700 libertatem
1710 2633 1843 2721 patriae
1859 2633 2042 2702 restituere
2057 2656 2164 2702 cona-

139 2732 189 2800 de
205 2728 278 2798 vita
293 2724 513 2817 Aristotelis,
538 2747 657 2826 postea
671 2733 715 2800 de
732 2754 859 2821 genere
875 2727 1127 2824 Philosophiae
1179 2745 1288 2801 retur.
1339 2732 1553 2825 Quanquam
1573 2733 1682 2820 igitur
1697 2730 1905 2803 Aristoteles
1927 2747 2012 2802 tunc
2035 2732 2074 2801 in
2099 2734 2162 2803 illo

137 2832 272 2902 dicam.
1180 2832 1328 2924 collegio
1354 2835 1471 2903 omnia
1495 2834 1633 2904 erudite
1659 2834 1788 2924 scripta
1812 2834 2016 2917 evolvebat,
2058 2847 2091 2903 et
2124 2835 2163 2902 in

244 2928 357 3001 Natus
373 2929 638 3002 estAristoteles
653 2934 690 3003 in
699 2932 921 3019 Macedonia,
947 2949 1044 3025 patre
1054 2959 1126 3003 me·
1179 2935 1375 3025 disciplinis
1391 2934 1569 3013 omnibus,
1592 2957 1682 3027 quac
1693 2950 1855 3004 naturam
1866 2935 2090 3024 patefaciunt,
2108 2958 2164 3003 se·

136 3032 223 3104 dico
249 3033 339 3122 regis
362 3032 552 3127 Amyntae.
620 3034 674 3104 Ac
695 3037 887 3105 multorum
917 3037 1127 3105 testimoniis
1179 3036 1263 3103 dulo
1279 3036 1500 3105 elaborabat:
1526 3044 1643 3105 tamen
1659 3034 1740 3104 vivo
1756 3033 1905 3104 Platone
1919 3036 2079 3104 nondum
2097 3061 2165 3125 pu·

137 3146 292 3217 constat,
316 3158 425 3222 genus
442 3136 516 3204 eius
533 3132 802 3225 abHippocrate
818 3148 937 3206 ortum
953 3160 1037 3219 esse,
1064 3136 1126 3225 qui
1178 3136 1269 3203 blice
1295 3135 1433 3218 docuit,
1472 3135 1529 3202 vel
1559 3147 1704 3225 propter
1729 3135 1889 3204 Platonis
1921 3135 2165 3220 reverentiam,

138 3236 267 3326 etipse
281 3235 319 3304 in
337 3231 520 3304 Thessalia
536 3236 598 3303 diu
614 3237 721 3315 vixit,
752 3250 786 3306 et
809 3238 958 3327 posteris
981 3237 1055 3306 suis
1074 3235 1127 3305 ibi
1178 3236 1234 3302 vel
1249 3238 1344 3327 quod
1363 3259 1444 3304 vere
1459 3235 1509 3304 ita
1524 3234 1688 3315 sentiret,
1721 3248 1868 3304 aetatem
1888 3258 1986 3302 suam
2003 3237 2165 3304 nondum

139 3337 260 3407 sedem
277 3360 317 3406 ac
330 3338 549 3406 domicilium
563 3337 757 3410 constituit.
784 3336 893 3407 Vetus
907 3351 1024 3407 autem
1041 3361 1126 3406 con·
1178 3337 1261 3408 satis
1276 3336 1476 3407 autoritatis
1488 3337 1534 3403 ad
1549 3334 1747 3404 docendum
1765 3335 1913 3408 adserre.

143 3439 293 3506 suetudo
309 3438 396 3526 luit,
422 3438 459 3506 in
477 3437 619 3507 familiis
635 3438 808 3507 artificum
825 3438 971 3508 retineri
987 3449 1022 3506 et
1044 3462 1127 3527 pro·
1280 3436 1386 3525 Quod
1403 3460 1485 3505 vero
1500 3435 1605 3505 multi
1622 3435 1723 3504 aiunt
1738 3436 1951 3504 simultatem
1969 3436 2063 3505 inter
2080 3432 2163 3502 Pla·

141 3539 264 3627 pagari
287 3539 398 3608 avitas
420 3554 521 3608 artes.
582 3538 634 3607 lta
657 3538 852 3606 medicinae
873 3538 1125 3629 possessionem
1179 3551 1296 3607 tonem
1329 3551 1363 3607 et
1391 3533 1487 3606 huuc
1510 3538 1638 3615 fuisse,
1681 3536 1746 3606 etsi
1769 3561 1843 3604 non
1866 3536 1979 3606 libero
2002 3532 2163 3604 homines

138 3635 367 3730 Hippocratis
392 3641 576 3729 posteritas
596 3640 658 3709 diu
681 3640 839 3710 retinuit.
899 3636 947 3711 Et
968 3637 1126 3709 Galenus
1177 3639 1343 3707 omnibus
1357 3638 1465 3721 vitiis,
1489 3650 1605 3707 tamen
1622 3659 1685 3725 ego
1700 3636 1823 3706 iudicii
1836 3634 2162 3707 dissimilitudinem

138 3740 280 3834 inquit:
322 3738 405 3807 ldeo
437 3741 499 3809 diu
529 3764 602 3809 non
633 3763 706 3809 esse
734 3742 879 3832 scriptas
907 3736 1127 3825 Anatomias,
1177 3741 1221 3807 de
1238 3741 1351 3808 forma
1369 3738 1550 3809 doctrinae
1564 3739 1719 3809 arbitror
1734 3740 1809 3807 sine
1823 3741 1896 3809 odii
1912 3753 1946 3809 et
1962 3739 2164 3808 animorum

137 3841 236 3938 quod
256 3840 677 3911 institutionedomestica
693 3843 736 3910 ad
752 3842 988 3933 inspiciendas
1001 3841 1126 3910 sectio-
1177 3840 1372 3910 offensione
1389 3841 1511 3910 luisse:
1533 3853 1574 3909 nt
1592 3864 1693 3931 saepe
1707 3840 1986 3911 coniunctissimi
2001 3836 2164 3908 homines

137 3966 204 4014 nes
226 3944 399 4012 artificum
425 3942 528 4009 liberi
552 3941 636 4009 olim
661 3944 852 4013 adsuefacti
873 3942 954 4016 sint.
1006 3940 1126 4030 Quare
1178 3940 1216 4008 in
1235 3948 1378 4025 senatu,
1403 3940 1602 4010 indicenda
1619 3942 1812 4020 sententia,
1838 3943 1914 4008 sine
1933 3941 2006 4010 ulla
2024 3938 2162 4008 acerbi-

138 4044 356 4117 stenveteri
369 4042 429 4113 illa
445 4042 719 4127 consuetudine,
742 4057 777 4114 et
790 4068 830 4113 ex
847 4041 1126 4114 studiisAristo·
1178 4055 1247 4112 tate
1264 4043 1492 4114 dissentiunt.
1543 4039 1697 4111 Nessuit
1720 4042 1807 4110 adeo
1831 4037 2163 4111 hebesAristoteles

135 4147 241 4228 telis,
289 4168 378 4237 quae
400 4159 517 4236 postea
540 4158 656 4213 secuta
678 4159 782 4227 sunt,
829 4145 980 4215 iudicari
1002 4157 1127 4235 potest,
1179 4156 1218 4212 m
1238 4167 1311 4212 non
1342 4143 1554 4213 intellexerit
1579 4140 1739 4212 Platonis
1770 4141 1936 4212 virtutes:
1977 4165 2043 4209 nec
2072 4141 2161 4208 adeo

134 4247 239 4320 domi
257 4246 513 4314 adolescentem
530 4242 756 4336 Hippocratis
770 4245 930 4315 doctrina
947 4246 1125 4315 imbutum
1179 4245 1322 4327 ferreus,
1348 4258 1478 4314 utnon
1495 4258 1721 4313 veneraretur
1737 4264 1807 4311 eas.
1835 4242 1942 4312 Nulla
1959 4241 2160 4312 luitcuius·

129 4372 225 4421 me.
277 4344 518 4436 Namapatre
539 4347 752 4415 destinatum
775 4369 847 4414 esse
871 4348 1027 4415 medicae
1047 4347 1128 4428 arti,
1179 4367 1283 4435 quam
1300 4345 1500 4438 eloquentia
1524 4359 1640 4426 tanta,
1666 4345 1765 4413 cuius
1787 4357 1905 4415 extent
1931 4352 2161 4413 monumenta

127 4450 224 4522 inde
239 4448 401 4537 adparet,
427 4449 521 4540 quod
545 4446 666 4516 scribit
682 4442 885 4516 Athenaeus
907 4447 968 4522 lib.
983 4448 1018 4519 8.
1040 4449 1127 4515 ado-
1179 4446 1216 4513 in
1233 4446 1363 4529 literis,
1386 4459 1518 4539 quanta
1532 4458 1584 4515 est
1598 4444 1768 4514 Platonis.
1812 4443 1883 4517 Res
1896 4445 2052 4514 continet
2066 4437 2159 4508 mirl-

123 4551 328 4627 tacentem
343 4541 495 4617 Athenis
510 4542 816 4637 pharmacopolam
833 4548 951 4622 fuisse.
1179 4560 1231 4616 tas
1255 4546 1512 4637 sapientissime
1537 4546 1724 4635 cogitatas,
1763 4545 1893 4615 deinde
1922 4543 2092 4633 splendor
2119 4538 2159 4606 in

246 4648 354 4719 Venit
368 4664 484 4720 autem
500 4645 657 4718 Athenas
678 4665 781 4719 natus
805 4670 919 4718 annos
941 4651 1127 4737 septende·
1178 4648 1395 4738 expositione
1424 4661 1543 4718 tantus
1570 4659 1641 4731 est,
1677 4658 1719 4717 nt
1748 4644 1892 4740 quidam
1921 4658 2054 4714 veteres
2085 4663 2159 4709 non

123 4759 220 4833 clm.
272 4747 407 4820 Didicit
421 4749 530 4839 igitur
543 4751 744 4819 adolescens
758 4743 951 4845 Physicen,
980 4750 1127 4819 morbo-
1178 4748 1297 4839 inepte
1328 4749 1503 4830 dixerint,
1545 4742 1682 4831 lovem,
1720 4747 1750 4816 si
1780 4748 1963 4816 locuturus
1984 4755 2072 4812 esset
2091 4766 2159 4810 no-

123 4880 220 4930 rum
239 4873 359 4921 causas
375 4865 410 4921 ct
425 4853 589 4936 remedia,
607 4853 808 4941 plantarum
820 4864 855 4920 et
869 4852 1018 4920 aliarum
1033 4851 1126 4920 mul·
1178 4849 1334 4933 hiscum,
1374 4848 1533 4919 Platonis
1565 4870 1727 4916 sermone
1757 4869 1905 4914 usurum
1932 4865 2018 4918 esse.
2078 4839 2158 4912 Hoc

123 4974 257 5033 tantm
274 4977 391 5022 rerum
407 4952 603 5022 salubrium
621 4965 775 5021 naturas.
812 4949 908 5021 Haec
924 4952 1125 5021 rudimenta
1177 4964 1315 5020 tautum
1331 4951 1448 5029 decas,
1461 4949 1542 5019 talis
1556 4963 1679 5018 natura
1696 4946 1809 5040 qualis
1823 4942 2058 5014 inAristotele
2073 4955 2159 5026 erat,

123 5078 348 5154 generosum
365 5055 545 5132 animum,
565 5054 622 5122 cui
637 5067 761 5122 natura
781 5076 877 5122 acres
899 5054 942 5121 ad
962 5050 1126 5122 Philoso-
1177 5045 1272 5121 haud
1290 5051 1399 5119 dubie
1415 5062 1448 5119 et
1464 5050 1663 5119 mirabatur
1677 5060 1711 5117 et
1726 5049 1889 5134 amabat,
1911 5059 1953 5114 ut
1967 5068 2023 5114 res
2036 5058 2156 5114 osten-

123 5159 262 5257 phiam
284 5157 437 5248 impetus
459 5155 651 5238 inseverat,
675 5154 777 5223 facile
799 5156 1052 5223 accenderunt:
1085 5165 1125 5223 ut
1176 5152 1240 5221 dit.
1279 5147 1357 5221 Etsi
1375 5152 1471 5221 enim
1484 5150 1666 5222 Platonica
1682 5149 1852 5242 quaedam
1870 5147 2015 5230 resumt,
2038 5158 2156 5215 nmen

124 5285 220 5337 mm
237 5257 389 5327 venisset
402 5250 579 5337 Athenas,
603 5279 692 5347 quae
715 5270 799 5324 tunc
821 5269 921 5324 erant
942 5254 1125 5324 doctrinae
1175 5253 1305 5321 msrltas
1320 5254 1366 5321 ab
1383 5277 1424 5323 eo
1436 5252 1639 5333 sententias,
1665 5248 1774 5318 multa
1792 5261 1999 5318 ornamenta
2014 5258 2157 5315 mutua-

125 5359 381 5438 domicilium,
425 5381 464 5427 ac
487 5356 741 5445 disputationes
765 5357 987 5426 eruditorum
1014 5357 1124 5443 degu—
1174 5365 1244 5425 tur.
1294 5350 1435 5423 Dicitur
1448 5353 1573 5432 etiam,
1603 5365 1643 5422 ut
1657 5348 1908 5440 gratitudinem
1923 5372 2023 5420 snam
2039 5345 2158 5412 decla·
2274 5424 2283 5441 κ

128 5472 281 5545 nasset,
312 5458 457 5550 propius
471 5459 626 5550 aspicere
640 5473 803 5531 naturam
817 5469 977 5551 cuperat,
1009 5471 1044 5527 et
1060 5479 1121 5548 pe-
1172 5465 1287 5533 racet,
1318 5476 1417 5525 aram
1436 5451 1598 5532 Platoni,
1627 5465 1668 5522 ut
1688 5445 1813 5520 heroas
1830 5448 1957 5519 Graeci
1982 5446 2159 5567 colebant,
