4664 6022
162 262 236 351 401

157 457 253 530 quae
276 434 430 535 affatim,
455 449 490 508 et
508 436 637 528 pleno,
663 441 761 532 quod
783 442 903 527 aiunt,
928 440 1009 510 sinu
1026 465 1068 513 ex
1091 437 1159 513 hoc

156 536 294 631 scripto
312 553 430 632 petere
447 540 632 631 possimus.
667 539 768 630 Quae
783 544 814 612 si
830 543 909 640 quis
922 545 1060 634 singula
1076 570 1158 617 ora-

155 638 261 713 tione
276 636 576 734 comprehendere
591 657 651 715 aut
666 666 874 717 enumerare
888 660 1055 720 coneturt

303 779 416 867 Libyci
433 787 507 846 velit
522 787 660 868 aequoris
674 785 756 847 idem
828 778 887 877 (ui
904 778 1076 870 Virgilius
1090 781 1156 874 ait)

235 876 364 966 Dicere,
391 907 483 972 qoam
496 891 609 949 multae
623 885 769 970 Zephyro
783 892 940 952 turbantur
953 910 1069 968 arenae,

234 987 305 1051 Aut
319 991 372 1052 obi
387 994 516 1072 navigiis
529 993 693 1052 violentior
706 992 812 1055 incidit
825 990 935 1071 Eurus,

234 1082 358 1172 Nossa,
384 1107 458 1178 quot
475 1091 554 1155 ionii
568 1097 690 1157 veniant
704 1095 742 1155 ad
755 1098 858 1157 littora
872 1099 990 1158 flnctus.

154 1215 236 1313 Ego
259 1221 388 1313 igitur,
413 1234 454 1294 ut
473 1246 596 1293 verum
618 1222 746 1301 fatear,
769 1223 833 1294 etsi
851 1248 926 1294 non
948 1223 997 1295 ita
1020 1223 1153 1295 oblitos

154 1344 237 1393 sum
252 1324 343 1410 mei,
368 1338 407 1396 ut
423 1319 490 1396 boc
505 1321 594 1394 mibi
611 1347 747 1394 sumere
766 1326 896 1412 ausim,
922 1351 978 1396 me
992 1326 1070 1396 illas
1095 1325 1152 1393 in-

153 1439 283 1521 gentes
306 1438 341 1498 et
362 1427 640 1497 innumerabiles
656 1424 839 1497 Homerici
863 1431 1034 1520 poematis
1057 1429 1151 1498 divi·

152 1530 224 1599 tias
257 1552 382 1599 omues
411 1552 554 1601 cernere
581 1543 643 1600 arat
672 1552 882 1620 cognoscere
910 1555 1031 1623 posse,
1068 1554 1149 1602 cum

152 1624 253 1701 baud
275 1630 384 1702 dubie
406 1632 465 1701 vix
491 1630 639 1701 minima
659 1654 738 1724 pars
756 1655 878 1703 earnm
900 1647 984 1704 nota
1000 1646 1069 1714 est,
1097 1647 1151 1703 ta-

153 1755 240 1802 men
255 1726 325 1802 boc
340 1734 442 1825 plane
455 1727 546 1802 mibi
562 1733 719 1804 accidere
734 1735 869 1818 sentio,
897 1749 954 1820 ut,
981 1736 1150 1830 quemad-

153 1836 305 1904 modum
322 1835 383 1905 ille
398 1835 468 1919 ait,
493 1836 637 1928 inopem
655 1860 711 1905 me
728 1837 830 1927 copia
847 1836 963 1910 saciat.
1022 1835 1151 1909 Multi·

152 1936 262 2029 plicia
285 1937 380 2007 euim
408 1962 464 2008 me
488 1933 556 2007 hoc
579 1937 749 2029 scriptum
773 1939 969 2012 intuentem
989 1939 1035 2009 ab
1049 1939 1158 2008 omni*

151 2050 255 2132 parte
278 2039 375 2110 velot
399 2039 520 2109 divina
545 2038 714 2109 miracula
745 2041 982 2125 occurrentia,
1017 2040 1149 2113 attoni·

154 2152 254 2228 tum,
278 2165 558 2236 suspensumque
583 2154 722 2228 tenent,
747 2155 787 2213 ut
803 2141 947 2212 difficile
962 2142 1028 2227 sit,
1053 2144 1149 2212 unda

153 2242 337 2325 exordiar,
369 2258 431 2315 ant
447 2243 484 2312 in
502 2269 573 2338 quo
589 2243 766 2322 desinam,
804 2259 969 2317 statuere.
1016 2242 1150 2314 Vereor

155 2344 274 2430 enim,
296 2369 341 2415 ne
357 2341 447 2414 mibi
464 2346 616 2431 accidat,
639 2348 735 2440 quod
759 2345 821 2427 iis,
848 2347 910 2440 qui
934 2371 971 2417 re
994 2347 1146 2417 multum

152 2470 194 2516 ac
222 2446 286 2518 dio
312 2448 506 2518 deliberata
534 2472 575 2516 err
600 2447 736 2537 ingenti
762 2472 881 2518 rernm
909 2448 1146 2541 preciosarum

152 2572 279 2623 acervo
294 2563 387 2621 certa
404 2551 577 2645 quaedam
599 2543 767 2644 κειμήλια
788 2551 916 2641 eligere
930 2550 1081 2636 debent,
1109 2545 1147 2619 bi

150 2674 238 2743 prae
252 2652 368 2722 nimia
380 2676 463 2722 cura
483 2666 517 2722 et
532 2651 755 2723 dubitatione
770 2677 1027 2748 nonnunquam
1045 2655 1148 2721 deer-

149 2768 285 2840 rantes,
310 2753 454 2847 optimis
469 2754 615 2838 relictis,
641 2755 759 2826 minus
775 2754 931 2847 preciosa
946 2768 1145 2825 secernunt.

150 2854 204 2930 lu
222 2879 289 2949 ego
307 2881 449 2951 quoquc
464 2879 599 2941 vereor,
622 2880 667 2925 ue
685 2857 904 2942 melioribus,
929 2871 964 2928 et
979 2881 1069 2951 quae
1083 2856 1147 2929 alii

148 2959 302 3049 fortasse
325 2959 435 3048 magis
456 2957 698 3044 admirentur,
723 2958 941 3051 praeteritis,
968 2958 1144 3028 deteriora

148 3061 285 3152 legam:
317 3086 439 3131 rerum
461 3075 541 3132 utut
564 3054 633 3130 boc
654 3060 937 3130 animadversum
959 3062 1046 3144 erit,
1072 3085 1145 3130 non

148 3163 318 3258 equidem
345 3163 381 3232 in
405 3186 534 3254 magno
556 3186 650 3254 pono
674 3162 891 3233 discrimine.
942 3160 1024 3232 Non
1049 3163 1144 3231 enirn

148 3289 208 3337 me
223 3264 334 3357 fugit,
361 3280 401 3338 ut
424 3265 532 3335 radiis
555 3264 730 3334 solaribus
746 3264 931 3335 oculorum
954 3264 1045 3334 acies
1064 3286 1145 3334 sen·

665 258 829 342 DECL.
865 263 943 341 DE
969 265 1253 347 PRAEFAT.
1286 266 1343 342 ΙΝ
1375 263 1698 389 HOMERUM.

2131 269 2207 346 soa
2253 252 2275 267 “

1212 440 1414 513 affectiones
1435 442 1610 528 ostendit,
1635 466 1710 512 non
1725 441 1839 513 dicam
1859 446 1902 513 de
1918 443 2109 516 reconditis
2130 442 2205 514 illis

1209 543 1340 630 literis,
1373 545 1503 639 quibus
1526 545 1660 639 ubique
1684 546 1830 636 plenum
1857 560 1891 617 ct
1921 547 2117 619 consertum
2150 559 2203 617 est
2246 606 2251 617 .

1209 643 1439 717 Homericum
1454 653 1600 739 po'e'ma,
1627 649 1810 719 nonenim
1832 641 1918 719 baec
1933 650 2102 741 temporis
2118 650 2201 733 bre·

1208 749 1297 821 vitas
1311 749 1451 840 singula
1467 773 1533 820 nos
1549 772 1728 821 recensere
1736 751 1888 842 patitur,
1914 753 1957 821 ad
1974 744 2061 821 baec
2080 764 2200 821 nostra

1208 864 1241 921 et
1271 851 1412 922 notiora
1437 848 1631 926 veniamus.
1696 850 1803 941 Quod
1829 853 1926 923 enim
1952 853 2081 924 dabitis
2107 847 2200 922 mihi

1206 967 1429 1046 praeceptum
1445 955 1490 1023 ad
1508 977 1639 1037 mores,
1666 956 1708 1024 ad
1728 955 1834 1024 vitam
1851 957 1941 1025 bene
1964 981 2004 1027 ac
2025 955 2200 1026 foeliciter

1206 1053 1479 1140 instituendam,
1505 1079 1662 1150 unquam
1685 1080 1705 1124 a
1729 1056 1816 1125 viris
1839 1059 2058 1147 sapientibus
2075 1057 2199 1150 prodi·

1205 1150 1312 1242 tum,⁰
1325 1158 1425 1229 cuius
1447 1159 1582 1229 nonsit
1607 1156 1646 1226 in
1662 1155 1819 1229 Homero
1837 1160 1981 1253 aliquod
1999 1161 2197 1249 speciosum

1204 1271 1237 1329 et
1254 1259 1391 1330 illustre
1408 1258 1632 1352 exemplum?
1662 1257 1768 1348 Quod
1787 1261 1825 1328 in
1845 1261 1914 1330 vita
1934 1261 2109 1347 officium,
2135 1276 2197 1336 aut

1203 1362 1299 1454 quod
1318 1362 1465 1431 omnino
1490 1363 1694 1453 negocium,
1722 1363 1822 1432 cuius
1844 1365 1972 1433 nonin
1996 1367 2121 1432 codem
2136 1388 2197 1433 ex-

1204 1486 1321 1554 presso
1343 1464 1389 1533 sit
1413 1464 1554 1554 imago?
1594 1463 1822 1558 Suntquc'de
1843 1467 2011 1538 omnibus
2031 1467 2138 1536 rebus
2161 1478 2195 1537 et

1204 1565 1356 1655 negociis
1383 1565 1632 1656 cogitationes,
1665 1590 1758 1660 quae
1780 1565 1924 1660 quidem
1947 1569 1993 1639 ab
2020 1567 2094 1636 ulla
2124 1562 2197 1638 bu·

1203 1692 1305 1737 mana
1322 1681 1440 1738 mente
1457 1668 1595 1762 concipi
1611 1682 1772 1761 possunt,
1798 1664 2086 1751 humanissimae,
2113 1669 2196 1739 dul-

1202 1769 1359 1839 cissimae
1400 1784 1435 1841 et
1474 1771 1579 1841 simul
1619 1770 1907 1861 sapientissimae.
1968 1770 2066 1861 Quid
2098 1771 2194 1840 enim

1202 1871 1364 1957 suavius,
1388 1886 1449 1944 ant
1468 1873 1578 1964 magis
1599 1867 1739 1967 ἠθικὸν
1756 1872 1921 1962 cogitari,
1945 1875 2031 1969 qnid
2049 1874 2192 1962 gravius

1201 1974 1340 2044 moneri
1365 1987 1498 2066 potest,
1532 1999 1638 2069 quam
1661 1976 1756 2069 quod
1784 1974 1858 2067 ipse
1880 1976 2017 2070 aliquot
2047 1975 2135 2044 iocis
2155 1975 2195 2043 in

1199 2099 1265 2145 suo
1281 2077 1454 2168 poe'mate,
1476 2077 1533 2161 iis,
1551 2076 1612 2171 qui
1626 2100 1691 2145 nec
1704 2077 1837 2146 iniusta
1853 2079 1898 2146 de
1913 2100 2015 2148 causa
2034 2077 2195 2146 irascun-

1200 2191 1278 2262 tur,
1303 2180 1483 2264 decantat,
1509 2173 1651 2271 ἀμείνω
1673 2174 1712 2250 d'
1728 2178 1859 2269 αἴσιμα
1880 2172 2022 2265 πάντα,
2049 2172 2116 2247 boc
2130 2193 2195 2264 cst,

1201 2280 1462 2365 moderatione,
1497 2281 1732 2373 placabilitate
1755 2293 1790 2350 et
1818 2281 2003 2350 clementia
2025 2281 2194 2350 omnibus

1200 2381 1238 2449 in
1255 2383 1361 2452 rebus
1379 2377 1470 2451 nibil
1489 2383 1614 2452 melius
1632 2382 1730 2451 esse?
1781 2381 1880 2471 Quid
1896 2382 2022 2452 iustius
2038 2394 2099 2450 aut
2123 2376 2193 2451 bu·

1199 2484 1338 2554 manius
1360 2483 1423 2554 illa
1447 2509 1532 2555 voce
1549 2482 1734 2554 Diomedis
1758 2484 1796 2552 in
1816 2483 1852 2557 9.
1871 2481 2021 2563 iliados,
2048 2484 2086 2550 in
2105 2507 2193 2552 con-

1198 2578 1401 2656 cilio‘illam
1425 2586 1576 2677 primam
1600 2585 1711 2676 legem
1734 2584 1886 2670 sanciri,
1919 2598 1960 2656 ut
1983 2587 2028 2657 sit
2048 2585 2192 2655 libertas

1197 2687 1359 2771 dicendi,
1398 2701 1432 2758 et
1465 2688 1634 2780 patientia
1669 2688 1864 2758 audiendi?
1913 2684 1994 2757 Non
2030 2687 2192 2756 videmus

1198 2813 1304 2882 quam
1328 2784 1396 2858 boc
1421 2790 1578 2887 seculum
1599 2790 1700 2859 nulla
1716 2782 1754 2858 're
1772 2789 1883 2878 magis
1899 2789 2058 2873 laborat,
2083 2813 2190 2882 qoam

1197 2892 1294 2985 quod
1314 2892 1557 2987 potentiorum
1581 2915 1684 2962 aures
1701 2915 1775 2961 non
1798 2892 1905 2961 modo
1923 2890 2083 2982 linguam
2101 2890 2191 2960 libe·

1198 3017 1292 3073 ram,
1326 2996 1386 3063 sed
1413 3017 1457 3063 ne
1484 2993 1730 3080 cogitationem
1755 2993 1900 3086 quidem
1922 2992 2096 3062 libertatis
2115 3016 2191 3061 me·

1196 3119 1331 3165 morem
1367 3096 1459 3166 ferre
1494 3096 1665 3187 possunt?
1717 3093 1815 3184 Quid
1852 3095 1963 3186 magis
1996 3089 2190 3179 heroicum',

1197 3221 1302 3291 quam
1320 3198 1416 3290 quod
1432 3194 1565 3266 Hector
1583 3197 1648 3267 ait:

1323 3327 1366 3403 eie
1387 3325 1498 3404 οἰωνὸς
1518 3325 1648 3413 ἄριστος
1669 3324 1855 3408 derisoriae
1876 3327 1945 3411 napi
1967 3323 2098 3411 πάτρας.

151 3390 284 3463 susque
294 3367 466 3452 vincitur,
491 3367 540 3437 ita
554 3367 691 3456 fulgore
707 3362 890 3436 Homerici
905 3366 1072 3435 carminis
1087 3365 1145 3434 in·

153 3468 336 3559 geniorum
367 3467 478 3540 aciem
507 3467 717 3562 praestringi
744 3468 869 3540 ,olel-p,
928 3465 1001 3538 Nos
1026 3481 1144 3538 rame„
1194 3474 1308 3521 unrrm
1331 3449 1526 3542 auspicium
1541 3450 1825 3531 faelicissimom,
1852 3448 1993 3524 fortiter
2007 3451 2189 3541 depugna-

150 3570 251 3643 velut
282 3595 377 3642 mare
409 3571 567 3662 angustis
599 3569 727 3641 fistulis
759 3569 999 3656 includentes,
1031 3592 1144 3664 pauca
1195 3577 1254 3632 Ν,
1279 3565 1312 3623 0¹
1337 3548 1482 3622 h⁰¹¹0³le
1499 3554 1623 3621 cadere
1645 3576 1709 3643 1)ῐο
1725 3552 1861 3643 Ρθῑῐῑὸῗ
1911 3547 2029 3638 Q¹¹³ffl
2045 3566 2188 3623 Senien-

148 3674 324 3767 qnaedam
346 3675 390 3743 de
412 3697 450 3743 re
468 3672 606 3744 infinita
630 3671 854 3764 colligemus,
881 3687 914 3744 ρ(
931 3695 1021 3766 quae
1039 3672 1143 3744 nohis
1195 3656 1281 3726 tiam
1308 3654 1339 3723 si
1363 3657 1411 3725 ob
1433 3654 1555 3725 oculos
1577 3668 1610 3725 et
1633 3655 1670 3722 in
1687 3654 1817 3725 animis
1833 3652 1998 3745 scriptam
2015 3646 2082 3723 boc
2098 3667 2189 3724 tem·
2316 3720 2319 3725 ,

147 3776 337 3869 praecipue
365 3777 573 3845 admiranda
602 3775 639 3844 in
671 3770 738 3846 hoc
764 3781 924 3865 poemate
949 3774 1022 3846 visa
1050 3788 1143 3860 sont,
1196 3781 1281 3850 pore
1304 3754 1487 3848 Principes
1510 3750 1702 3836 baberent,
1729 3780 1803 3825 non
1822 3757 2031 3826 vidissemus
2050 3754 2187 3825 Turcas

1195 3860 1298 3932 toties
1324 3858 1392 3929 iam
1418 3852 1632 3929 Germaniae
1656 3871 1689 3927 et
1709 3854 1914 3929 Christiano
1936 3857 2015 3926 orbi
2041 3858 2090 3926 ita
2118 3858 2187 3925 im-

147 3878 300 3950 strictim
316 3903 355 3949 ac
372 3879 528 3948 breviter
544 3877 813 3950 recensebimus.

862 3966 874 3983 ³
1194 3985 1291 4054 pune
1305 3961 1533 4046 insultantes,
1558 3985 1623 4032 nec
1643 3984 1765 4029 eorum
1790 3961 1982 4031 adventum
1998 3960 2085 4028 adeo
2105 3983 2187 4050 per·

252 4012 305 4086 Ac
330 4015 485 4108 primum
507 4013 651 4107 quidem
674 4014 724 4084 sic
745 4027 881 4098 statuo,
905 4013 1047 4084 nullum
1071 4036 1143 4081 on-

147 4139 256 4212 quarn
282 4117 480 4210 scriptum,
514 4116 599 4185 inde
623 4138 778 4210 usquea
810 4116 963 4209 primum
996 4115 1141 4185 condito

147 4221 255 4304 orbe,
278 4220 351 4290 nlla
377 4220 414 4287 iu
431 4219 552 4309 lingua
568 4230 630 4288 aut
647 4218 810 4298 natione,
831 4220 877 4288 ab
891 4217 967 4286 ullo
982 4210 1140 4287 humano

149 4320 295 4412 ingenio
321 4320 455 4391 editum
486 4343 579 4404 esse,
620 4341 717 4388 sacra
745 4319 879 4414 ubique
908 4316 1061 4410 excipio,
1102 4316 1140 4385 in

146 4447 221 4517 quo
246 4423 302 4492 vel
331 4424 514 4495 doctrinae
537 4435 675 4492 tantum
704 4421 767 4506 sit,
798 4421 854 4491 vel
887 4420 1081 4510 elegantiae
1107 4432 1141 4489 et
1262 4496 1272 4521 θ
1321 4495 1330 4520 ‚
1394 4499 1407 4516 .
1496 4494 1551 4521 W
1686 4495 1695 4522 μ
1789 4496 1798 4522 ⁸
1990 4495 1998 4519 ,
2050 4491 2094 4517 Η

145 4524 343 4597 suavitatis.
393 4522 575 4596 Audacem
597 4517 692 4593 hunc
717 4546 789 4593 esse
811 4546 1029 4601 sermonem,
1062 4520 1140 4613 ple·
1236 4521 1292 4564 ⁰²²⁸
1311 4519 1407 4586 “imi
1428 4521 1509 4562 ’‘⁰²“
1530 4521 1604 4582 itta
1625 4522 1738 4582 retorta
1761 4498 1801 4582 dn
1823 4498 1875 4562 eat
1896 4495 2020 4582 βραδυς
2041 4515 2125 4558 οκυν.

144 4651 307 4720 numque
327 4626 484 4697 invidiae
507 4650 581 4696 uon
606 4624 748 4714 ignoro:
773 4625 951 4695 sedidem
976 4648 1049 4694 non
1072 4626 1141 4693 du-
1191 4624 1228 4698 id
1247 4636 1310 4709 est,
1330 4643 1405 4691 non
1420 4621 1605 4712 pervenire
1619 4622 1662 4691 ad
1680 4623 1827 4710 lrugem,
1849 4643 1911 4688 nec
1928 4617 2086 4686 loelicem
2103 4637 2182 4683 snc-

141 4730 245 4823 bito,
271 4730 360 4822 quin
377 4729 573 4802 liberaliter
592 4727 754 4798 instituta
776 4726 936 4818 ingenia,
961 4740 996 4796 et
1011 4726 1140 4820 quibus
1193 4749 1328 4797 cessum
1357 4721 1477 4793 sortiri
1509 4722 1713 4809 malefacta,
1745 4735 1781 4793 et
1814 4721 1930 4789 virum
1964 4717 2181 4810 improbum,

143 4832 256 4903 modo
281 4832 423 4916 leviter,
449 4855 488 4901 ac
509 4829 746 4923 prirnoribus,
772 4831 867 4922 quod
891 4830 1008 4912 aiunt,
1035 4828 1140 4897 labiis
1192 4824 1421 4923 quantumvis
1437 4825 1604 4910 celerem,
1630 4826 1723 4896 etad
1747 4822 1940 4892 fallendum
1959 4820 2181 4903 instructum,

141 4948 198 5005 est
215 4931 631 5024 degustatusHomerus,
656 4925 882 5002 vehementer
903 4932 942 5000 in
962 4926 1029 5000 hoc
1050 4924 1139 4999 mihi
1191 4922 1411 5022 deprehendi
1440 4940 1557 4998 tamen
1585 4926 1787 5019 etquidem
1823 4923 2007 4999 aclaudo.
2058 4920 2182 5013 Neque

140 5036 397 5110 assentiantur.
448 5033 539 5105 Naro
557 5048 597 5104 ut
621 5057 717 5102 nrrnc
739 5058 812 5103 non
829 5035 942 5104 dicam
960 5035 1004 5102 de
1017 5057 1057 5102 ea
1074 5035 1140 5101 do-
1192 5033 1341 5103 dubium
1368 5042 1438 5114 est,
1472 5029 1559 5122 quin
1583 5021 1650 5096 boc
1673 5051 1782 5118 genus
1804 5023 1998 5096 sententiae
2024 5023 2180 5115 primum

140 5137 281 5223 ctrina,
301 5163 391 5233 quae
406 5161 524 5207 rerum
544 5150 707 5206 naturam
725 5135 898 5219 continet,
918 5159 1007 5229 quae
1025 5134 1140 5205 coele-
1191 5161 1211 5205 a
1234 5130 1364 5204 sanctis
1383 5131 1542 5222 patribus
1567 5128 1742 5222 proditae,
1764 5139 1799 5197 et
1813 5129 1857 5197 ad
1878 5139 2034 5218 posteros
2052 5146 2180 5215 propa-

141 5241 255 5312 stium
278 5241 419 5310 orbium
441 5242 678 5333 syderumque
700 5237 811 5322 vices,
845 5253 945 5308 ortos
965 5253 999 5308 et
1020 5236 1139 5307 obitus
1191 5255 1290 5328 gatae
1312 5233 1401 5318 sint3
1427 5233 1556 5302 deinde
1578 5231 1623 5301 ab
1645 5231 1725 5300 aliis
1742 5231 1785 5297 ad
1805 5229 1894 5299 alios
1915 5249 2073 5297 successu
2091 5238 2179 5293 tem-

141 5343 277 5424 tradit,
313 5367 402 5437 quae
424 5355 680 5432 temperaturae
706 5335 852 5410 humani
876 5338 1036 5430 corporis
1057 5333 1140 5407 bar·
1192 5361 1332 5432 porum,
1355 5336 1455 5406 velut
1468 5358 1531 5427 per
1545 5357 1671 5404 manus
1688 5330 1849 5416 traditae,
1874 5333 1918 5400 ad
1936 5329 2022 5399 tales
2036 5326 2178 5397 tandem

142 5444 326 5530 moniam,
375 5445 617 5514 membrorum
653 5435 909 5537 συμμετρίαν,
955 5441 1139 5535 variasque
1192 5441 1288 5510 viros
1316 5436 1622 5531 permanaveriut,
1653 5432 1829 5528 aquibus
1853 5427 1910 5503 his
1940 5426 2181 5501 monumentis

195 5553 377 5619 biscaran.
402 5549 509 5620 Ocra.
535 5538 619 5618 Vos.
647 5546 713 5617 xl.
1520 5536 1571 5608 26

1193 4180 1330 4237 matura
1347 4179 1461 4235 morte
1486 4177 1520 4234 et
1544 4164 1638 4234 inter
1660 4165 1794 4254 primos
1812 4168 1937 4234 cadere
1952 4187 2033 4234 eum
2050 4161 2184 4246 scribit,

1194 4269 1256 4363 qui
1279 4265 1529 4338 nutricationis
1551 4267 1698 4358 gratiam
1721 4268 1928 4359 parentibus
1951 4290 2024 4336 non
2048 4263 2183 4355 persol-

1192 4370 1316 4440 verat?
1368 4367 1473 4438 item:

1195 4061 1486 4135 borresceremus.
1533 4060 1631 4151 Quid
1646 4062 1824 4147 divinius,
1851 4085 1957 4155 quam
1972 4062 2068 4153 quod
2084 4085 2186 4152 prae·
2284 4085 2292 4097 ³
