4664 6022
141 303 217 379 996
622 293 783 377 DECL.
815 292 891 370 DE
923 293 1322 371 DEFINITIONE
1356 295 1679 378 lUSTlTIAE.

145 473 251 546 nobis
271 472 375 560 vitia,
400 497 489 567 qnae
512 495 735 566 nequaquam
755 483 953 561 congruunt
975 495 1055 539 cum
1074 496 1138 539 vo·
1191 474 1301 543 sanati
1320 497 1461 557 sumus,
1487 485 1522 543 et
1541 473 1733 563 significata
1753 474 1925 558 victimis,
1952 495 2104 566 quarum
2127 472 2186 540 in-

146 582 282 649 lnntate
296 575 383 662 Dei,
408 600 471 646 seu
488 601 567 645 cum
583 576 669 664 lege.
723 573 791 643 Hic
807 598 945 643 necesse
962 587 1013 643 est
1034 573 1138 642 aliam
1191 577 1392 667 terpretatio
1413 600 1514 666 saepe
1536 580 1684 668 repetita
1708 590 1778 661 est,
1804 602 1884 646 cum
1908 578 2062 646 dicimur
2086 576 2187 666 puri-

147 682 311 751 vocabuli
328 678 617 766 significationem
634 700 719 749 esse.
745 675 841 747 Haec
856 676 1140 769 quomododiiu·
1191 680 1283 749 ficati
1301 679 1472 768 sanguine
1486 673 1633 750 Christi.
1683 676 1732 749 Et
1751 693 1869 748 tamen
1892 678 1997 747 simul
2016 678 2055 745 in
2081 677 2187 746 nobis

148 784 300 871 dicanda
317 783 407 861 sint,
434 797 568 851 norunt
585 797 676 848 recte
691 781 897 850 institutiin
913 776 1082 850 Ecclesia.
1192 777 1380 850 inchoatur
1415 781 1564 853 novitas.
1625 781 1694 852 Sed
1729 805 1831 872 saepe
1861 782 1899 849 in
1934 778 2093 849 Ecclesia
2128 780 2188 847 lux

251 883 323 955 Nec
340 907 421 951 vero
437 883 513 952 ullo
528 886 634 951 modo
653 878 737 950 haec
752 884 943 972 pugnantia
958 880 1142 950 conciliari
1191 880 1380 972 Evangelii
1403 886 1445 951 de
1468 882 1555 968 lide,
1581 899 1616 954 et
1639 885 1700 953 illa
1723 884 1917 953 necessaria
1940 881 2185 952 consolatione

149 1001 304 1081 possent,
331 986 398 1053 nisi
415 985 509 1053 lilios
524 981 590 1054 Dei
607 1008 647 1052 er
667 1008 794 1052 arcano
811 984 959 1053 consilio
973 983 1142 1052 divinita·
1193 987 1385 1076 accipiente
1402 985 1642 1055 remissionem
1661 999 1804 1077 propter
1826 986 2056 1055 mediatorem
2073 982 2187 1050 lilium

151 1091 196 1161 tis
219 1089 476 1159 enarrationem
500 1087 715 1177 protulisset.
773 1086 897 1155 Manet
922 1088 1017 1154 enim
1044 1085 1143 1151 lirrna
1194 1090 1379 1158 obscurata
1400 1103 1469 1167 est,
1494 1089 1551 1156 vel
1574 1088 1901 1177 superstitionibus,
1926 1087 1984 1154 vel
2003 1086 2085 1154 aliis
2111 1085 2187 1174 opi-

151 1207 185 1261 et
203 1194 345 1259 immota
360 1190 533 1260 sententia
550 1190 587 1257 in
603 1190 701 1257 omni
719 1191 942 1271 aeternitate,
968 1188 1142 1257 iusticiam
1194 1191 1374 1262 niouibus.
1428 1185 1598 1259 Monachi
1622 1192 1877 1273 linxeruntsua
1897 1188 2062 1258 exercitia
2088 1186 2188 1256 iusti-

152 1317 224 1364 esse
255 1292 521 1381 congruentiam
551 1317 629 1359 com
652 1305 770 1360 mente
801 1306 835 1362 et
861 1291 1043 1361 voluntate
1066 1285 1146 1373 Dei,
1195 1295 1285 1362 ciam
1301 1306 1336 1362 et
1349 1292 1594 1379 impletionem
1609 1294 1695 1383 legis
1711 1315 1796 1372 esse,
1814 1305 1847 1362 et
1863 1290 1989 1360 mereri
2007 1289 2188 1358 remissio-

152 1394 376 1490 quoequalis
400 1394 462 1478 sit,
488 1394 543 1462 lex
566 1394 731 1462 ostendit.
1196 1421 1275 1464 nem
1297 1409 1530 1485 peccatorum.

252 1495 444 1590 Postquam
473 1508 589 1565 autem
616 1490 706 1563 banc
728 1493 992 1583 congruentiam
1019 1506 1144 1561 natura
1297 1493 1373 1567 Atii
1396 1497 1514 1565 minus
1531 1495 1684 1563 absurda
1701 1495 1887 1578 docentes,
1913 1495 2100 1564 dixerunt:
2129 1492 2186 1564 lu·

2104 299 2185 375 996·

151 1596 339 1669 hominum
355 1597 492 1683 amisit,
518 1612 552 1668 et
566 1596 661 1666 lilius
673 1595 739 1665 Dei
758 1597 964 1684 deprecator
992 1594 1058 1664 fuit
1082 1619 1145 1684 pro
1196 1600 1331 1669 stisiam
1346 1623 1417 1667 esse
1427 1599 1569 1691 quidem
1585 1584 1824 1666 obedientiam
1839 1611 2097 1685 congruentem
2110 1620 2181 1665 cum

153 1724 279 1793 genere
300 1696 475 1783 humano,
499 1704 677 1798 decretum
697 1701 894 1768 factumest
914 1697 1145 1771 inenarrabili
1196 1726 1320 1770 norma
1336 1701 1477 1784 divina,
1501 1723 1563 1767 seu
1579 1699 1672 1788 lege,
1698 1701 1758 1768 sed
1782 1723 1856 1767 non
1876 1723 1949 1767 esse
1973 1714 2115 1769 tautum
2130 1723 2181 1788 ge-

154 1803 346 1893 sapientia,
380 1803 416 1870 in
447 1826 622 1896 quocum
648 1800 886 1869 misericordia
911 1799 1072 1890 copulata
1097 1812 1146 1867 est
1196 1817 1268 1872 stus
1292 1817 1448 1886 nostros,
1476 1803 1537 1894 qui
1563 1796 1727 1870 humanis
1752 1802 1887 1870 viribus
1909 1816 2098 1890 regantur,
2129 1803 2183 1869 sed

153 1905 291 1975 iusticia
305 1905 469 1974 mirando
484 1918 773 1995 temperamento,
798 1916 837 1972 ut
852 1900 971 1970 Homo
985 1897 1147 1971 Christus
1197 1918 1438 1975 essemotusa
1459 1903 1709 1974 Deoaccensos
1730 1903 1901 1972 innubis.
1954 1906 1997 1971 ln
2021 1897 2088 1972 lrac
2109 1927 2185 1975 sen-

154 2006 253 2079 lesus
278 2031 342 2098 pro
372 2029 499 2096 genere
523 2001 679 2073 humano
696 2006 846 2095 poe'nam
864 2004 1068 2083 sustineret,
1094 2017 1147 2072 at·
1197 2009 1304 2078 tentia
1324 2007 1454 2076 resistit
1473 2006 1657 2096 explicatio
1681 2005 1893 2089 multorum,
1919 2030 2001 2072 cum
2018 2009 2064 2074 de
2088 2005 2186 2074 iusti-

155 2135 224 2205 que
246 2109 294 2179 ita
315 2108 472 2177 iusticiae
494 2108 691 2190 satisfieret,
719 2131 808 2200 quae
831 2120 891 2174 aut
908 2106 1147 2174 obedientiam
1197 2111 1248 2177 cia
1265 2106 1450 2198 Evangelii
1468 2108 1673 2200 loquuntur.
1727 2106 1863 2178 interea
1879 2111 1922 2175 de
1947 2107 2186 2177 consolatione

154 2224 216 2282 aut
230 2234 380 2303 poenam
396 2210 540 2298 llagitat.
592 2206 1146 2299 Sicutipseredemptorinquit:
1197 2213 1257 2279 illa
1283 2212 1464 2280 silentium
1486 2223 1558 2291 est,
1584 2208 1621 2276 in
1643 2233 1713 2303 qua
1729 2209 1814 2278 fides
1832 2223 2004 2280 sustentat
2022 2233 2107 2295 nos,
2133 2210 2186 2275 in-

154 2313 264 2384 Venit
291 2311 384 2381 lilius
413 2307 570 2381 hominis
594 2312 678 2380 dare
701 2310 855 2380 animam
878 2334 976 2378 suam
1011 2302 1148 2401 torpor
1196 2327 1334 2382 tuentes
1350 2314 1388 2380 in
1405 2311 1526 2379 merita
1543 2310 1604 2377 lilii
1620 2311 1701 2395 Dei,
1728 2325 1762 2381 ct
1776 2313 1813 2379 in
1831 2335 1910 2380 eum
1927 2324 2186 2403 tanquampro-

154 2440 219 2509 pro
236 2415 369 2486 multis.
409 2411 455 2482 Et
471 2409 622 2483 hancob
640 2436 780 2482 causam
804 2411 939 2504 iuquit:
968 2408 1048 2486 Non
1065 2411 1147 2477 veni
1196 2415 1420 2507 pieiatorem,
1446 2426 1485 2483 nt
1502 2413 1618 2505 inquit
1635 2411 1785 2482 Paulus:
1820 2411 1935 2500 Quem
1961 2413 2085 2505 posuit
2109 2438 2185 2504 pro.

154 2518 290 2588 solvere
309 2516 433 2604 legem,
459 2519 517 2583 sed
536 2514 683 2605 implere
701 2540 788 2583 eam.
824 2511 919 2581 Haec
934 2513 1044 2604 ipsius
1060 2514 1145 2582 obe-

153 2619 305 2703 dientia,
337 2642 416 2686 cum
438 2617 595 2687 iustitiae
617 2614 684 2685 Dei
706 2616 912 2699 satisfaciat,
948 2637 1146 2704 congruen-

154 2725 202 2792 tia
220 2734 271 2791 est
283 2744 364 2789 cum
378 2719 561 2789 voluntate
575 2717 653 2791 Dei.
708 2717 792 2786 ldeo
811 2732 845 2787 et
859 2716 992 2786 Paulus
1009 2717 1145 2809 inquit:

154 2824 281 2895 Factus
296 2835 347 2891 cst
362 2824 429 2891 sub
442 2822 567 2910 legem,
593 2834 632 2891 ut
647 2843 707 2889 eos
722 2819 782 2913 qui
797 2832 896 2889 erant
916 2821 982 2887 sub
999 2819 1073 2907 lege
1090 2843 1144 2887 re·

155 2926 315 3008 dimeret,
339 2920 379 2991 'id
396 2937 458 3006 est,
485 2946 634 3013 poenam
651 2946 715 3014 pro
733 2921 837 2989 nohis
852 2921 968 3005 solvit,
995 2945 1064 3013 qua
1081 2944 1146 2989 nos

154 3025 327 3116 redempti
344 3047 477 3095 sumus.
565 3021 569 3031 ’

249 3126 366 3199 Simul
381 3140 496 3197 autem
517 3126 672 3199 decrevit
690 3124 859 3216 sapientia
876 3123 1009 3206 divina,
1034 3137 1074 3193 ut
1089 3116 1146 3191 bic

154 3230 250 3301 lilius
271 3230 316 3298 ab
339 3223 547 3299 hominibus
568 3243 794 3317 agnoscatur,
822 3240 854 3295 ct
870 3227 1038 3294 beneficia
1057 3249 1147 3317 quae

154 3333 250 3402 lilius
275 3331 407 3415 adfert,
444 3331 489 3400 iis
516 3331 625 3400 tribui
652 3331 835 3413 adfirmat,
868 3326 929 3419 qui
956 3329 1023 3395 lide
1051 3323 1146 3395 hunc

154 3435 268 3504 filium
293 3435 549 3524 redemptorem
577 3446 791 3522 agnoscunt,
834 3442 866 3498 et
886 3431 924 3496 in
946 3453 1051 3498 sensu
1074 3428 1145 3496 irae

155 3535 222 3607 Dei
253 3537 295 3605 ad
329 3529 425 3604 branc
454 3535 682 3604 mediatorem
723 3531 951 3619 confugiunt,
985 3544 1146 3601 statuunt

154 3663 237 3708 vere
254 3652 400 3730 propter
420 3638 534 3728 ipsum
552 3636 683 3706 remitti
710 3649 867 3723 peccata,
894 3656 930 3701 se
954 3635 1083 3724 recipi,
1109 3656 1145 3700 se

139 3742 292 3833 placere
314 3739 391 3810 Deo
419 3752 563 3831 propter
588 3732 683 3807 hunc
705 3735 928 3806 Sacerdotem
954 3759 1016 3825 pro
1040 3735 1145 3802 nobis

154 3848 410 3935 deprecantem.
461 3838 538 3910 Hac
552 3840 619 3908 tide
639 3861 719 3908 cum
735 3862 775 3906 ex
799 3837 914 3905 media
933 3852 1046 3907 morte
1069 3837 1142 3905 elu-

154 3960 309 4028 ctamur,
335 3943 441 4013 simul
457 3943 493 4010 in
509 3942 613 4011 nobis
627 3954 793 4011 aeternus
809 3952 956 4028 pateret
975 3940 1068 4008 lilius
1085 3963 1145 4008 ac-

155 4049 312 4117 cendunt
327 4044 463 4136 Spiritu
480 4067 545 4113 suo
559 4056 681 4113 sancto
698 4043 735 4109 in
756 4042 923 4110 cordibus
940 4043 1071 4110 nostris
1089 4042 1144 4110 lu-

118 4222 124 4230 ,
154 4171 229 4218 cem
251 4162 284 4218 et
300 4161 417 4215 motus
437 4157 668 4231 congruentes
683 4143 792 4212 menti
810 4156 843 4212 et
859 4142 1033 4212 voluntati
1051 4143 1140 4212 divi-

153 4274 238 4336 nae,
266 4248 413 4342 quaein
435 4248 509 4335 lege
532 4247 753 4316 describitur.
806 4243 933 4337 Fitque
958 4247 1013 4329 id,
1047 4249 1141 4337 quod

153 4354 203 4422 ait
226 4351 419 4424 Dominus:
444 4345 638 4418 Veniemus
658 4350 702 4417 ad
728 4372 827 4432 eum,
863 4361 897 4417 et
921 4348 1141 4417 mansionem

152 4456 244 4545 apud
263 4477 342 4523 eum
356 4451 534 4521 faciemus.

252 4552 344 4625 Cum
355 4566 471 4623 autem
486 4547 571 4620 haec
584 4551 685 4621 initia
699 4551 770 4620 sint
784 4550 962 4639 languida,
983 4565 1016 4622 et
1031 4552 1140 4621 mrrlta

1196 2518 1399 2609 pieiatorem
1426 2539 1488 2606 per
1507 2515 1734 2605 sanguinem,
1760 2517 1839 2584 fide.
1899 2511 2004 2584 Hanc
2029 2516 2185 2584 consola·

1196 2621 1329 2689 tionem
1359 2643 1431 2686 non
1466 2617 1621 2685 sinamus
1657 2618 1740 2687 ullis
1771 2617 1969 2707 praestigiis
1994 2618 2180 2687 obscurari.

1199 2720 1271 2789 lam
1289 2720 1397 2810 igion
1415 2721 1458 2788 de
1475 2718 1681 2789 delinitione
1705 2721 1780 2804 illa,
1798 2743 1903 2813 quam
1919 2717 2089 2789 Clemens
2103 2723 2179 2788 reci-

1196 2839 1264 2903 tat,
1291 2822 1416 2893 dicam.

1297 2922 1471 2993 Fortassis
1504 2922 1633 3014 aliquis
1665 2915 1941 3010 reprehensurus
1969 2923 2165 3014 opinionem,

1196 3049 1285 3119 qnae
1308 3025 1427 3114 lingit,
1457 3037 1596 3093 nostros
1618 3037 1735 3113 gestus
1755 3048 1827 3091 esse
1855 3025 2053 3104 iusticiam,
2084 3021 2172 3090 dixit:

1197 3127 1337 3196 iusticia
1362 3141 1414 3196 est
1436 3128 1582 3196 societas
1605 3123 1688 3208 Dei,
1721 3141 1761 3196 ut
1783 3127 1994 3215 significaret
2023 3149 2178 3196 essenon

1196 3245 1334 3320 nostros
1351 3224 1482 3317 gestus,
1507 3231 1565 3297 sed
1584 3228 1696 3297 lucem
1722 3242 1755 3296 et
1771 3244 1886 3297 motus
1902 3230 2050 3298 divinos
2066 3230 2102 3296 in
2125 3250 2181 3293 no·

1197 3334 1260 3403 bis.
1316 3328 1393 3399 Hoc
1423 3332 1485 3400 etsi
1513 3330 1698 3422 splendide
1728 3331 1875 3414 dicitur,
1908 3345 1941 3399 ct
1972 3356 2101 3401 verum
2130 3341 2182 3411 est,

1196 3447 1356 3520 oportere
1379 3433 1415 3500 in
1437 3435 1540 3502 nobis
1557 3433 1699 3501 accendi
1723 3434 1836 3500 lucem
1852 3447 1885 3501 et
1901 3448 2019 3502 motus
2036 3433 2184 3503 divinos.

1195 3533 1264 3606 Sed
1282 3549 1397 3603 tamen
1416 3552 1494 3604 cnm
1512 3529 1603 3602 nibil
1620 3536 1712 3602 dicat
1730 3537 1773 3602 de
1790 3534 1863 3602 lilio
1879 3531 1957 3616 Dei,
1981 3537 2185 3614 mediatore,

1196 3639 1238 3706 de
1263 3637 1468 3706 remissione
1488 3655 1730 3727 peccatorum,
1756 3641 1799 3703 de
1825 3636 2064 3743 imputatione
2089 3637 2184 3704 iusti-

1195 3740 1287 3818 ciae,
1314 3762 1387 3806 non
1404 3725 1484 3830 plus
1499 3740 1594 3820 dicit,
1620 3736 1855 3830 quampiam,
1880 3738 2017 3819 Cicero,
2046 3736 2186 3819 Seneca,

1194 3866 1344 3934 quorum
1363 3837 1446 3910 haec
1464 3842 1578 3909 oratio
1594 3854 1644 3910 est
1661 3841 1786 3909 crebro
1803 3841 1961 3929 repetita.
2002 3839 2111 3910 Nulla
2129 3863 2186 3906 er-

1193 3946 1326 4012 cellens
1346 3946 1458 4012 virtns
1482 3943 1627 4012 estsine
1649 3942 1735 4012 Deo.
1797 3943 1974 4032 Scipionis
1999 3942 2185 4023 fortitudo,

1193 4046 1429 4128 continentia,
1469 4059 1502 4114 et
1534 4058 1689 4113 caeterae
1717 4045 1882 4128 virtutes,
1919 4058 2038 4115 motus
2073 4045 2185 4111 divini

1193 4161 1294 4226 sont,
1321 4150 1380 4215 sed
1405 4149 1441 4214 in
1458 4145 1613 4216 Ecclesia
1635 4148 1716 4216 sciri
1740 4161 1876 4234 oportet
1892 4147 1959 4214 alia
1983 4170 2060 4216 esse
2078 4148 2186 4217 bene-

1193 4251 1269 4319 licia
1286 4250 1348 4318 lilii
1367 4250 1455 4332 Dei,
1480 4249 1720 4317 remissionem
1740 4264 1958 4340 peccatorum
1979 4263 2012 4318 et
2031 4251 2184 4338 imputa-

1192 4354 1326 4421 tionem
1348 4351 1523 4434 iusticiae,
1549 4346 1635 4419 llaec
1659 4375 1738 4420 cum
1766 4350 1834 4419 lide
1853 4350 2096 4440 accipiuntur,
2128 4352 2184 4418 in-'

1192 4466 1312 4522 tnente
1331 4454 1578 4533 mediatorem,
1605 4452 1711 4521 simul
1733 4466 1768 4522 et
1790 4465 1927 4542 pectora
1951 4467 2074 4523 nostra
2095 4449 2183 4521 bunt

1192 4556 1411 4627 domicilium
1427 4549 1493 4622 liei
1511 4568 1546 4624 et
1560 4555 1648 4625 lucis
1664 4554 1823 4638 divinae,
1847 4555 1908 4623 sed
1925 4554 2025 4647 prius
2041 4553 2180 4645 agnosci

151 4659 190 4729 in
205 4657 308 4726 uobis
323 4656 367 4724 ad
383 4655 481 4723 illam
497 4667 674 4724 aeternam
690 4677 851 4722 normam
874 4656 1034 4723 nondum
1056 4678 1141 4721 con·
1190 4658 1302 4725 lilium
1322 4669 1475 4747 oportet.
1526 4655 1607 4726 Non
1631 4657 1739 4747 igitur
1761 4657 1843 4726 satis
1863 4678 1935 4724 esse
1957 4657 2094 4738 dicere,
2123 4655 2181 4725 luss

152 4770 297 4852 gruant,
329 4756 443 4827 sancit
464 4757 641 4826 decretum
664 4755 845 4839 divinum,
877 4755 940 4823 filii
964 4755 1139 4825 iusticiam
1189 4759 1325 4828 stiriam
1348 4782 1422 4829 esse
1442 4753 1646 4830 κοινωνίαν
1667 4759 1780 4843 θεοῦ,
1815 4757 1888 4829 Nec
1909 4759 2110 4829 omittenda
2132 4770 2180 4827 est

135 4862 256 4943 ‚nobis
271 4859 455 4951 imputari,
476 4870 621 4950 propter
634 4856 747 4927 lilium
764 4857 992 4925 mediatorem
1010 4871 1046 4927 et
1060 4883 1138 4926 um·
1190 4861 1323 4931 mentio
1345 4862 1551 4931 meritorum
1577 4862 1642 4930 filii
1660 4861 1742 4946 Dei,
1767 4873 1801 4930 et
1825 4860 2044 4929 remissionis
2059 4883 2180 4951 pecca-

147 4960 457 5051 braculum‚‘tegi
481 4974 619 5031 nostras
646 4961 786 5043 sordes,
819 4973 852 5029 et
877 4984 941 5027 nos
962 4958 1036 5029 Deo
1061 4960 1139 5051 pla·
1187 4978 1325 5048 torum,
1359 4967 1417 5033 sed
1451 4963 1635 5032 retinenda
1662 4987 1729 5032 vox
1755 4958 1960 5050 Evangelii,
1989 4986 2081 5056 quae
2115 4984 2180 5031 nos

82 5077 86 5085 '
147 5091 237 5147 cere,
263 5077 406 5157 propter
419 5063 528 5156 ipsius
544 5062 691 5155 inquam
708 5062 850 5142 merita,
878 5085 967 5154 quae
984 5064 1138 5152 ipseno-
1189 5080 1332 5159 propter
1352 5066 1464 5135 lilium
1482 5066 1753 5156 propiciatorem
1776 5065 1938 5135 adfirmat
1960 5065 2072 5136 iustos
2095 5087 2178 5135 esse.

146 5168 260 5238 minat
281 5159 418 5258 λύτρα,
445 5180 479 5236 et
499 5178 644 5257 propter
659 5164 780 5256 'ipsum
802 5166 1048 5255 deprecantem
1072 5188 1138 5233 nos
1186 5165 1282 5237 Haec
1313 5170 1357 5236 de
1386 5166 1505 5259 priore
1536 5170 1695 5238 membro
1726 5166 1944 5237 delinitionis
1972 5168 2067 5239 dicta
2099 5168 2178 5250 sint,

146 5269 257 5338 iustos
279 5291 363 5336 esse.
1184 5271 1249 5337 ubi
1272 5270 1426 5357 cogitent
1446 5269 1645 5349 auditores,
1669 5293 1760 5364 quae
1780 5270 1944 5340 tenebrae
1962 5270 2001 5338 in
2020 5266 2178 5340 Ecclesia

247 5366 343 5438 Haec
357 5364 495 5439 iusticia
508 5364 546 5433 in
560 5365 855 5456 promissionibus
870 5381 902 5438 et
920 5362 1135 5437 voceEvan-
1184 5371 1271 5438 olim
1294 5397 1436 5465 quoque
1464 5384 1601 5440 secutae
1624 5372 1715 5458 sint,
1749 5395 1829 5457 cum
1852 5372 2024 5442 conticuit
2045 5398 2114 5442 vox
2135 5376 2177 5440 de

143 5471 404 5567 geliipatelacta
416 5481 481 5554 est,
506 5466 596 5538 sicut
605 5462 730 5538 Esaias
747 5470 882 5563 inquit:
908 5468 1039 5541 Livorc
1055 5471 1132 5542 cius
1183 5472 1244 5543 illa
1258 5473 1395 5544 iusticia
1410 5475 1448 5544 in
1461 5469 1659 5565 Evangelio
1672 5477 1862 5567 patefacta,
1887 5498 1979 5568 quae
1992 5499 2066 5559 est,
2094 5500 2177 5569 pro-
