4664 6022
231 284 310 365 m
701 274 862 359 DECIs.
900 272 977 350 DE
1003 272 1312 351 GRADIBUS
1345 272 1404 351 ΙΝ
1435 270 1809 355 THEOLOGIA.
1908 302 1923 345 .·
2208 282 2287 357 228

238 458 466 531 afflictorum.
501 450 602 523 ldem
617 474 680 523 vos
696 476 819 522 omnes
834 449 982 522 adsidue
999 463 1118 542 petere
1132 448 1236 521 aDeo
1292 470 1381 534 mus,
1395 442 1493 517 hunc
1508 446 1654 518 titulum
1668 448 1925 541 impertiamur.
1957 447 2080 544 Neque
2093 451 2286 545 quicquam

241 558 398 640 debetis,
420 570 462 628 ut
476 554 703 647 Principem,
730 555 797 624 sub
821 554 923 623 cuius
944 554 1053 623 tutela
1075 554 1238 635 latemus,
1291 551 1439 620 fecimus
1456 549 1614 620 alienum
1637 545 1705 620 hoc
1727 566 1850 623 nostro
1874 552 2026 638 iudicio,
2051 576 2151 625 nunc
2170 554 2212 623 in
2231 549 2286 625 his

243 676 377 748 servet,
410 672 445 730 et
468 672 510 729 ut
531 682 652 750 pacem
680 670 714 726 et
743 656 942 726 doctrinam
969 652 1174 744 Evangelii,
1206 668 1241 725 et
1294 652 1557 745 promovendis,
1577 675 1731 745 quorum
1747 655 1920 742 doctrina,
1941 656 2061 746 pietas,
2085 655 2173 725 etin
2185 656 2288 727 omni

244 766 395 837 aliarum
410 757 638 832 honestarum
654 758 784 830 artium
802 758 920 830 studia
934 758 1095 829 retineat.
1145 755 1241 828 Dixi.
1293 754 1402 826 officii
1417 776 1545 845 genere
1560 753 1744 845 diligentia
1761 772 1795 827 et
1811 759 2020 839 moderatio,
2048 758 2153 829 nobis
2168 758 2288 829 omni·

1294 860 1361 928 bus
1376 871 1460 928 nota
1476 869 1540 929 est.
1581 854 1705 949 ltaque
1722 870 1757 927 et
1776 857 1954 930 illustriss.
1969 859 2141 951 Princeps
2156 872 2289 946 noster,

1295 958 1375 1029 Dux
1397 956 1590 1044 saxoniae,
1620 955 1784 1042 Elector,
1817 962 1918 1032 duxit
1944 985 2019 1032 esse
2041 986 2060 1031 e
2082 960 2229 1053 Repnb.
2249 975 2289 1035 nt

1294 1056 1363 1131 hoc
1385 1063 1497 1151 gradu
1522 1074 1751 1147 ornarentur,
1777 1076 1811 1133 et
1826 1086 1892 1134 nos
1906 1065 2061 1153 libenter
2077 1062 2287 1136 authoritati

256 1130 429 1256 Q
1062 1130 1241 1249 Q·
1297 1163 1477 1234 lllustriss.
1494 1161 1672 1253 Principis
1695 1165 1897 1255 paruimus,
1920 1191 2001 1237 cum
2023 1167 2188 1255 ingenia,
2212 1190 2287 1237 mo-

400 1329 477 1415 oe
495 1326 722 1440 aaa..
737 1326 787 1409 a
805 1322 1078 1435 n....g.·..
1295 1268 1794 1460 attestatae
1801 1280 2287 1459 .1‚¹¹,.‘¹;t¹.¹.².t:;¹“²tt;t;

316 1504 348 1557 tn
370 1502 523 1557 Deetamas.
543 1500 612 1558 ΤΛ.
652 1499 708 1555 Aa
726 1517 803 1569 sqq,
836 1497 866 1550 in
885 1496 1005 1553 Servon.
1026 1495 1097 1551 tta
1117 1496 1199 1567 pse
1217 1504 1245 1550 ,s
1296 1494 1375 1540 cum
1399 1463 1464 1538 hos
1487 1470 1616 1557 gradus
1639 1469 1743 1539 initio
1768 1473 1977 1543 constitutos
1998 1495 2073 1543 esse
2096 1472 2284 1545 arbitrere-

351 1573 427 1643 epod
442 1570 569 1626 llichard.
582 1569 615 1624 T·
630 1519 678 1624 itt.
691 1588 717 1639 v·
729 1569 773 1625 7²·
1297 1596 1388 1651 mur,
1415 1594 1460 1640 ne
1474 1583 1604 1640 temere
1620 1571 1891 1644 admitterentur
1907 1578 1949 1644 ad
1965 1572 2143 1645 Ecclesiae
2155 1576 2284 1647 docen-

1297 1676 1358 1743 das
1373 1674 1440 1743 ulli
1456 1673 1533 1741 sine
1557 1673 1701 1764 publico
1718 1675 1921 1745 testimonio
1936 1678 2145 1768 doctorum,
2171 1700 2213 1747 ac
2224 1672 2283 1749 ho·

248 1736 379 1805 ⁰f⁰il⁸⁰
395 1731 443 1805 αθ
455 1727 635 1828 Ψαᾶἰῠω
648 1732 689 1799 in
707 1725 921 1823 The⁰l⁰9iffi
947 1722 1079 1798 habim
1093 1749 1117 1797 α
1134 1728 1243 1799 Dm
1298 1799 1376 1845 rum
1392 1775 1572 1857 virorum,
1597 1798 1663 1843 nos
1678 1800 1819 1868 quoque
1837 1774 1905 1847 hoc
1928 1779 2078 1848 consilio
2094 1779 2284 1851 retinemus

247 1842 363 1910 1⁰¹⁸ss
395 1839 436 1907 ²⁸²²
461 1837 692 1927 Pr⁰m⁰li⁰ne
722 1835 841 1953 ”hum
874 1832 1101 1951 mem’
1144 1848 1243 1899 amm
1298 1900 1454 1962 morem,
1480 1890 1514 1945 et
1529 1888 1570 1945 ut
1584 1876 1823 1966 inexploratos
1839 1879 2282 1953 arceamusanostrisEo·

415 1938 718 2010 MD·XXXffl·
734 1933 797 2005 ‘1²⁶’
810 1938 915 2005 Imm
931 1934 1077 2003 XVIII·
1297 1980 1429 2063 clesiis,
1453 1990 1626 2070 quantum
1646 1979 1722 2047 fieri
1745 1992 1874 2069 potest,
1901 1997 1934 2053 et
1956 1996 1997 2053 ut
2017 1979 2056 2052 hi
2073 1983 2139 2076 qui
2160 2008 2283 2054 vocan-

247 2076 341 2162 Non
363 2084 492 2178 opinor
508 2084 548 2153 in
564 2080 631 2154 hoc
650 2082 894 2153 laudatissimo
910 2093 1014 2149 coetu
1028 2101 1245 2173 quenquam,
1297 2095 1355 2150 tur
1370 2083 1415 2150 ad
1431 2080 1582 2150 docendi
1607 2104 1754 2167 munus,
1781 2077 1934 2153 habeant
1951 2087 2153 2178 quoddam,
2179 2099 2214 2159 et
2227 2110 2283 2156 vo-

248 2194 337 2262 adeo
354 2189 559 2279 imperitum
577 2209 650 2256 esse
663 2184 907 2255 communium
923 2182 1125 2252 officiorum
1140 2181 1244 2260 vitae,
1297 2182 1446 2253 cationis
1472 2197 1506 2251 et
1525 2183 1708 2252 doctrinae
1730 2208 1813 2256 suae
1833 2187 2015 2276 publicum
2032 2188 2282 2261 testimonium.

246 2306 289 2365 ut
311 2290 502 2361 eonsilium
527 2303 688 2358 nostrum
705 2288 743 2355 in
762 2285 1013 2377 promovendis
1030 2282 1244 2355 Ductoribus
1298 2283 1452 2372 Quando
1467 2298 1584 2353 autem
1595 2308 1754 2376 unquam
1770 2289 1838 2358 suit
1852 2289 1967 2357 ullum
1981 2286 2190 2361 inEcclesia
2202 2304 2282 2363 tem·

247 2391 435 2483 Evangelii
457 2386 714 2482 reprehendat,
739 2386 946 2478 praesertim
963 2410 1042 2454 cum
1060 2384 1188 2452 viderit
1205 2384 1242 2451 in
1297 2410 1380 2477 pus,
1407 2410 1488 2457 cum
1504 2379 1588 2454 baec
1604 2386 1786 2475 diligentia
1806 2391 1961 2461 severius
1978 2392 2193 2484 requirenda
2206 2392 2280 2473 tuit,

246 2492 317 2567 hoc
344 2516 510 2565 consessu
535 2490 819 2562 lllustrissimum
841 2486 1043 2577 Principem
1073 2500 1244 2570 nostrum,
1297 2511 1403 2580 quam
1439 2484 1506 2556 hoc
1540 2488 1681 2557 secuto?
1724 2491 1761 2559 in
1796 2517 1866 2583 quo
1901 2508 2087 2587 postquam
2115 2494 2280 2565 tumere

248 2596 422 2671 Senoniae
446 2595 600 2678 Ducem,
632 2588 833 2661 Electorem
859 2603 1082 2679 caeterosque
1105 2586 1245 2657 Princi-
1295 2588 1532 2680 Evangelium
1554 2589 1688 2681 eoepit,
1713 2592 1876 2663 diabolus
1898 2596 1983 2665 odio
2001 2590 2139 2668 Christi
2162 2596 2290 2689 passim¹

247 2722 324 2793 pes,
349 2711 384 2769 et
398 2697 494 2781 viros
508 2694 798 2785 sapientissimos,
824 2693 885 2785 qui
902 2715 982 2760 cum
997 2714 1060 2760 sua
1078 2712 1243 2781 praesen·
1296 2693 1401 2763 etiam
1422 2690 1530 2782 impia
1555 2692 1893 2786 dogmataspargit,
1919 2710 1953 2766 et
1973 2720 2103 2787 magna
2127 2722 2172 2769 ex
2193 2686 2311 2799 pusst'

247 2802 297 2876 tia
314 2813 487 2871 testentur
504 2820 540 2867 se
555 2795 744 2867 consilium
759 2808 920 2863 nostrum
937 2794 1109 2884 probare,
1138 2815 1242 2861 nemo
1295 2809 1418 2864 serunt
1429 2791 1634 2865 huiusmodi
1651 2797 1866 2885 perniciosas
1884 2800 2073 2892 opiniones
2095 2800 2234 2873 indocti
2250 2790 2305 2871 εἴ

248 2902 380 2996 poterit
401 2901 477 2970 sine
502 2922 639 2969 summa
664 2896 904 2987 impudentia,
934 2918 1038 2964 suum
1068 2894 1242 2965 iudicium
1295 2891 1485 2990 neophyti,
1511 2896 1572 2988 qui
1589 2896 1708 2966 nullos
1728 2902 1917 2972 audierunt
1933 2903 2064 2993 peritos
2077 2926 2202 2973 rerum
2218 2902 2285 2997 spi·

248 3006 397 3075 istorum
413 2997 623 3072 authoritati
639 3000 823 3069 anteferre.
872 2996 946 3086 Qui
962 3020 1042 3066 cum
1060 2997 1109 3066 ita
1125 3011 1243 3066 ament
1296 3000 1497 3081 ritualium,
1536 2998 1677 3068 nullum
1707 2994 1911 3074 habuerunt
1937 3027 2041 3075 usum
2070 2999 2285 3095 theolofflfffi·

248 3102 445 3188 Christum,
463 3117 503 3175 ut
518 3116 662 3195 propter
676 3097 862 3190 Evangelii
876 3100 1047 3188 studium,
1063 3101 1106 3168 de
1123 3098 1243 3187 digni·
1296 3101 1711 3191 rum-disputationum,
1752 3128 1938 3197 nunquam
1971 3106 2284 3181 deliberationthu

248 3221 332 3288 tate,
357 3206 511 3279 fortunis
524 3230 563 3275 ac
579 3205 650 3273 vita
668 3203 924 3295 periclitentur,
950 3225 1024 3269 non
1041 3215 1141 3270 erant
1156 3196 1243 3270 haec
1295 3204 1379 3273 ullis
1395 3202 1617 3292 gravioribus
1632 3205 1676 3272 de
1690 3206 1797 3275 tantis
1813 3209 1920 3278 rebus
1941 3208 2205 3295 interfuerunt,
2227 3208 2284 3285 de·

250 3311 445 3403 spectacula
474 3307 678 3400 probaturi,
709 3308 739 3375 si
766 3306 1008 3375 existimarent
1028 3326 1067 3372 ea
1093 3303 1241 3392 indigna
1295 3307 1404 3399 nique
1418 3304 1480 3399 qui
1500 3319 1646 3396 repente
1667 3321 1751 3378 sunt
1766 3306 1934 3380 Cadmaei
1958 3311 2101 3398 iratres,
2123 3306 2283 3406 quoscu-

248 3436 322 3485 esse
337 3408 562 3484 Christianis.
597 3407 720 3501 ltaque
738 3433 818 3478 cum
836 3408 927 3478 tueri
941 3429 1006 3476 nos
1021 3429 1241 3476 summorum
1295 3409 1370 3479 bito
1392 3422 1546 3478 armatos
1573 3421 1665 3479 terra
1687 3411 1815 3498 edidit,
1850 3414 2012 3483 doctores
2033 3414 2193 3485 existunt
2203 3414 2283 3486 :stne

136 3538 143 3550 ·
248 3529 353 3610 atque
368 3514 586 3606 optimorum
604 3507 819 3581 authoritate
834 3510 1020 3602 possimus,
1047 3532 1122 3577 non
1140 3509 1241 3577 valde
1294 3510 1490 3599 magistris,
1523 3511 1599 3579 sine
1631 3535 1715 3591 usu,
1756 3515 1833 3583 sine
1864 3516 2099 3607 experientia,
2133 3516 2282 3611 denique

147 3670 153 3679 .
249 3617 356 3686 nobis
387 3618 623 3685 fanaticorum
654 3608 842 3682 hominum
876 3606 1103 3702 reprehensio
1133 3610 1243 3700 perti·
1294 3608 1388 3682 nihil
1414 3613 1568 3681 afferunt
1589 3614 1633 3680 ad
1655 3614 1908 3702 ministerium,
1938 3620 2035 3712 quod
2059 3618 2098 3687 in
2125 3620 2229 3691 terris
2248 3630 2279 3689 et

249 3720 434 3789 meseenda
448 3730 510 3789 est.
548 3714 616 3786 Sed
636 3716 805 3807 quoniam
821 3714 860 3780 in
878 3707 1036 3781 hocloco
1052 3713 1241 3780 dicendum
1295 3737 1472 3784 summum
1494 3725 1527 3782 et
1551 3714 1885 3805 periculosissimum
1911 3733 1980 3803 est,
2013 3720 2084 3790 nisi
2108 3718 2282 3795 insciliam

250 3834 303 3891 est
317 3817 467 3911 aliquid,
488 3840 597 3909 pauca
614 3817 657 3885 de
671 3811 738 3885 hoc
752 3816 829 3906 ipso
843 3814 954 3905 gradu
970 3814 1241 3904 disputabimus.
1296 3840 1376 3886 cum
1416 3816 1615 3904 arrogantia
1655 3831 1761 3909 atque
1798 3821 2016 3912 impudentia
2048 3822 2286 3896 coniuncten-

249 3920 324 3993 Dio
342 3920 415 3989 iant
436 3943 511 3989 non
534 3918 678 4011 quidem
701 3918 807 4009 plane
828 3916 1013 3987 omisimus
1040 3910 1136 3985 hunc
1157 3939 1243 4006 pro·
1295 3916 1512 3987 Huiusmodi
1525 3931 1620 3996 sunt,
1644 3919 1708 4011 qui
1721 3923 1850 4011 passim
1868 3924 2016 4012 gignunt
2030 3948 2124 3995 nova
2143 3927 2284 4015 dogm-

250 4023 422 4093 movendi
451 4044 605 4100 morem,
646 4022 707 4089 sed
741 4043 815 4089 non
845 4042 947 4109 saepe
982 4018 1242 4108 usurpavimus.
1295 4035 1352 4105 ta,
1377 4043 1416 4089 ac
1430 4018 1561 4090 multos
1576 4020 1763 4092 nominare
1778 4048 1924 4114 possem.
1976 4026 2024 4096 At
2038 4022 2177 4097 Paulus
2190 4028 2284 4097 iubet

250 4123 343 4195 Nam
366 4137 401 4193 et
419 4116 533 4218 ησύ)
557 4123 606 4191 ita
626 4122 816 4203 sentimus,
849 4120 994 4193 titulum
1017 4117 1182 4189 Doctoris
1203 4118 1241 4187 in
1295 4122 1477 4214 explorare
1492 4146 1563 4206 eos,
1587 4122 1648 4217 qui
1664 4127 1706 4193 ad
1723 4126 1899 4196 docendas
1915 4123 2090 4196 Ecclesiae
2103 4143 2283 4211 vocantur,

250 4225 470 4319 professione
491 4223 720 4310 difficillima,
751 4248 826 4294 non
850 4238 982 4295 temere
1013 4221 1243 4317 comunican-
1295 4239 1329 4296 et
1351 4218 1581 4294 Timotheum
1605 4226 1711 4296 nobis
1731 4230 1928 4318 praedicat,
1953 4252 2028 4300 non
2051 4229 2172 4301 solum
2190 4228 2282 4324 quod

251 4331 339 4399 dum
362 4352 435 4397 esse
464 4325 597 4396 multis.
656 4325 748 4395 Nam
771 4323 829 4397 hic
850 4326 975 4397 titulus
1001 4323 1242 4395 testimonium
1295 4325 1452 4397 nutritus
1473 4326 1517 4395 sit
1538 4326 1656 4395 studio
1679 4353 1857 4401 sacrarum
1874 4331 2057 4403 literarum
2073 4331 2160 4402 inde
2175 4351 2282 4425 usqm

251 4445 304 4501 est
319 4430 501 4521 publicum
516 4427 697 4499 doctrinae
711 4453 751 4499 ac
767 4430 916 4521 pietatis,
933 4453 1004 4522 quo
1021 4427 1121 4496 nullo
1135 4427 1241 4495 modo
1295 4454 1314 4499 a
1334 4429 1482 4508 teneris,
1506 4430 1568 4497 sed
1591 4429 1696 4499 etiam
1712 4434 1809 4525 quod
1833 4457 1949 4504 comes
1967 4431 2280 4526 interfuerit-Apo-

251 4533 414 4603 armandi
430 4546 513 4602 sunt
528 4531 663 4600 indocti
678 4557 718 4600 ac
732 4532 899 4621 improbi.
933 4525 1034 4599 Nihil
1050 4529 1144 4597 enim
1162 4552 1244 4619 per-
1293 4531 1467 4601 stolorum
1482 4532 1747 4618 certaminibus,
1770 4535 1946 4625 periculis,
1972 4537 2279 4627 disputationibus,

252 4634 422 4705 niciosius
445 4648 497 4703 est
521 4631 729 4723 Rebuspub.
752 4658 858 4726 quam
882 4631 1021 4702 inscitia
1043 4647 1076 4701 et
1098 4629 1242 4713 malitia,
1295 4632 1625 4703 deliberationibus.
1677 4632 1785 4706 Hunc
1806 4661 1909 4706 usum
1926 4662 2001 4706 non
2022 4638 2146 4709 minua
2167 4636 2278 4733 requi-
2320 4650 2323 4717 ;

253 4760 334 4805 cum
349 4737 493 4807 accessit
507 4732 717 4807 authoritas.
768 4735 886 4828 ltaque
903 4734 1006 4803 annis
1020 4735 1088 4803 iam
1105 4733 1243 4824 aliquot
1295 4736 1447 4805 rendum
1478 4757 1621 4819 censeo,
1659 4761 1765 4829 quam
1795 4739 1978 4829 ingenium
2011 4752 2046 4810 et
2074 4741 2277 4812 doctrinam.

250 4838 438 4929 praecipue
467 4838 506 4905 in
533 4851 631 4907 tanto
655 4834 892 4906 Ecclesiarum
917 4836 1093 4927 periculo,
1124 4834 1243 4925 paucis
1295 4834 1439 4908 Etenim
1453 4837 1483 4904 si
1498 4836 1537 4904 in
1551 4836 1630 4907 aliis
1645 4837 1839 4911 levioribus
1853 4842 1990 4912 artibus
2006 4843 2185 4930 doctrina,
2210 4844 2275 4914 sine

253 4938 446 5009 admodum
463 4934 518 5008 hic
535 4933 649 5008 honos
663 4942 822 5009 decretus
838 4953 906 5024 est,
932 4938 1096 5029 idemque
1120 4937 1158 5005 iu
1177 4959 1244 5026 po-
1295 4962 1362 5008 usu
1394 4954 1499 5031 atque
1526 4941 1738 5029 experientia
1762 4967 1836 5013 non
1862 4945 1947 5015 satis
1976 4957 2088 5031 certa,
2122 4970 2162 5015 ac
2184 4946 2274 5015 firm
2321 5020 2323 5032 ,

253 5052 387 5109 sterum
409 5042 643 5123 servabimus,
675 5055 716 5110 ut
737 5040 890 5124 nemini,
928 5039 997 5107 nisi
1021 5040 1120 5108 cuius
1144 5040 1241 5126 inge·
1296 5054 1366 5125 est,
1392 5054 1525 5133 quanto
1540 5042 1651 5131 magis
1666 5043 1702 5112 id
1720 5046 1846 5116 accidit
1862 5046 1900 5113 in
1918 5041 1985 5117 hoc
2007 5070 2136 5138 genere
2152 5044 2274 5120 doctri·
2320 5088 2323 5129 t

254 5142 374 5226 nium,
400 5143 619 5227 doctrinam,
651 5157 686 5212 et
708 5164 825 5211 moces
848 5144 954 5230 longo
976 5164 1043 5211 usu
1063 5140 1242 5232 perspexi·
1295 5166 1378 5226 nae,
1404 5145 1500 5235 quod
1516 5142 1592 5211 sine
1608 5147 1768 5215 maximis
1783 5150 2035 5220 certaminibus
2055 5150 2159 5222 nullo
2179 5148 2272 5221 mdo
2319 5188 2323 5211 ι

1294 5258 1407 5334 potest
1424 5245 1586 5334 intelligi.
1636 5246 1946 5337 Quemadmodum
1963 5264 1998 5321 et
2010 5249 2143 5323 Paulus
2156 5254 2272 5324 fatetur

1293 5369 1329 5414 se
1344 5349 1504 5416 nondum
1520 5364 1717 5420 assecutum
1731 5374 1816 5436 esse,
1842 5354 1902 5421 sed
1917 5376 2052 5422 summa
2070 5353 2183 5423 animi
2197 5372 2269 5423 cou-

288 5400 322 5465 ⁴¹)
340 5402 414 5468 quie,
433 5399 506 5468 qnod
527 5398 555 5453 in
575 5366 644 5455 textu
661 5412 721 5472 post
734 5418 785 5455 nos
799 5399 911 5471 legitur,
929 5401 1025 5457 delevi.
1064 5400 1187 5458 Fortasse
1202 5412 1242 5457 est
1370 5450 1378 5465 ,
1516 5450 1524 5465 ,
1545 5451 1553 5467 ‚
2138 5455 2148 5473 ·

322 5488 373 5542 pro
385 5470 507 5539 quidem.
1292 5462 1449 5521 tentione
1468 5463 1574 5539 emta,
1600 5466 1640 5523 ut
1653 5468 1872 5548 assequatur,
1898 5456 1959 5524 sed
1976 5467 2096 5526 tamen
2112 5456 2229 5527 vadere
2240 5470 2269 5521 ae
