<?xml version="1.0" encoding="UTF-8"?>
<!DOCTYPE html PUBLIC "-//W3C//DTD XHTML 1.0 Transitional//EN"
    "http://www.w3.org/TR/xhtml1/DTD/xhtml1-transitional.dtd">
<html xmlns="http://www.w3.org/1999/xhtml" xml:lang="en" lang="en">
 <head>
  <title>
</title>
<meta http-equiv="Content-Type" content="text/html;charset=utf-8" />
  <meta name='ocr-system' content='tesseract 3.04.00' />
  <meta name='ocr-capabilities' content='ocr_page ocr_carea ocr_par ocr_line ocrx_word'/>
</head>
<body>
  <div class='ocr_page' id='page_1' title='image "./philippimelanth00bretgoog_0420.png"; bbox 0 0 4664 6022; ppageno 0'>
   <div class='ocr_carea' id='block_1_1' title="bbox 237 290 2281 405">
    <p class='ocr_par' dir='ltr' id='par_1_1' title="bbox 237 290 2281 405">
     <span class='ocr_line' id='line_1_1' title="bbox 237 290 2281 405; baseline 0.006 -35"><span class='ocrx_word' id='word_1_1' title='bbox 237 295 314 373; x_wconf 74' lang='lat'><strong>827</strong></span> <span class='ocrx_word' id='word_1_2' title='bbox 836 291 1001 368; x_wconf 83' lang='lat' dir='ltr'><strong>DECL.</strong></span> <span class='ocrx_word' id='word_1_3' title='bbox 1037 290 1114 367; x_wconf 79' lang='lat' dir='ltr'><strong>DE</strong></span> <span class='ocrx_word' id='word_1_4' title='bbox 1149 290 1299 365; x_wconf 82' lang='lat' dir='ltr'>VITA</span> <span class='ocrx_word' id='word_1_5' title='bbox 1331 290 1683 372; x_wconf 80' lang='lat' dir='ltr'><strong>AVlCENNAE.</strong></span> <span class='ocrx_word' id='word_1_6' title='bbox 1760 343 1764 352; x_wconf 91' lang='lat'>·</span> <span class='ocrx_word' id='word_1_7' title='bbox 1810 401 1812 405; x_wconf 22' lang='grc' dir='ltr'>Ι</span> <span class='ocrx_word' id='word_1_8' title='bbox 2216 307 2281 383; x_wconf 79' lang='lat'><strong>828</strong></span> 
     </span>
    </p>
   </div>
   <div class='ocr_carea' id='block_1_2' title="bbox 223 464 2285 1505">
    <p class='ocr_par' dir='ltr' id='par_1_2' title="bbox 223 464 2285 1505">
     <span class='ocr_line' id='line_1_2' title="bbox 341 464 2282 570; baseline 0.007 -30"><span class='ocrx_word' id='word_1_9' title='bbox 341 468 492 562; x_wconf 78' lang='lat' dir='ltr'>Propter</span> <span class='ocrx_word' id='word_1_10' title='bbox 520 464 613 539; x_wconf 89' lang='lat' dir='ltr'><strong>hanc</strong></span> <span class='ocrx_word' id='word_1_11' title='bbox 642 480 776 538; x_wconf 92' lang='lat' dir='ltr'><strong>tantam</strong></span> <span class='ocrx_word' id='word_1_12' title='bbox 803 491 944 538; x_wconf 87' lang='lat' dir='ltr'><strong>causam</strong></span> <span class='ocrx_word' id='word_1_13' title='bbox 970 481 1119 539; x_wconf 89' lang='lat' dir='ltr'><strong>naturae</strong></span> <span class='ocrx_word' id='word_1_14' title='bbox 1150 478 1265 555; x_wconf 74' lang='lat' dir='ltr'><strong>con-t</strong></span> <span class='ocrx_word' id='word_1_15' title='bbox 1392 464 1504 540; x_wconf 86' lang='lat' dir='ltr'><strong>Natus</strong></span> <span class='ocrx_word' id='word_1_16' title='bbox 1530 481 1581 538; x_wconf 88' lang='lat' dir='ltr'><strong>est</strong></span> <span class='ocrx_word' id='word_1_17' title='bbox 1598 465 1783 541; x_wconf 84' lang='lat' dir='ltr'><strong>Avicenna</strong></span> <span class='ocrx_word' id='word_1_18' title='bbox 1806 495 1902 545; x_wconf 92' lang='lat' dir='ltr'><strong>anno</strong></span> <span class='ocrx_word' id='word_1_19' title='bbox 1919 473 2068 549; x_wconf 87' lang='lat' dir='ltr'><strong>Domini</strong></span> <span class='ocrx_word' id='word_1_20' title='bbox 2086 479 2282 570; x_wconf 89' lang='lat' dir='ltr'><strong>millesimo,</strong></span> 
     </span>
     <span class='ocr_line' id='line_1_3' title="bbox 240 559 2283 683; baseline 0.005 -38"><span class='ocrx_word' id='word_1_21' title='bbox 240 573 494 645; x_wconf 75' lang='lat' dir='ltr'><strong>siderationem</strong></span> <span class='ocrx_word' id='word_1_22' title='bbox 531 571 763 642; x_wconf 90' lang='lat' dir='ltr'><strong>necessariam</strong></span> <span class='ocrx_word' id='word_1_23' title='bbox 798 595 873 642; x_wconf 90' lang='lat' dir='ltr'><strong>esse</strong></span> <span class='ocrx_word' id='word_1_24' title='bbox 912 572 1139 642; x_wconf 78' lang='lat' dir='ltr'><strong>manifestum</strong></span> <span class='ocrx_word' id='word_1_25' title='bbox 1176 584 1239 642; x_wconf 90' lang='lat' dir='ltr'><strong>est.</strong></span> <span class='ocrx_word' id='word_1_26' title='bbox 1260 559 1266 683; x_wconf 62' lang='lat' dir='ltr'><strong>l</strong></span> <span class='ocrx_word' id='word_1_27' title='bbox 1290 569 1482 641; x_wconf 89' lang='lat' dir='ltr'><strong>centesimo</strong></span> <span class='ocrx_word' id='word_1_28' title='bbox 1496 573 1767 665; x_wconf 88' lang='lat' dir='ltr'><strong>quadragesimo</strong></span> <span class='ocrx_word' id='word_1_29' title='bbox 1790 576 1919 670; x_wconf 90' lang='lat' dir='ltr'><strong>quinto</strong></span> <span class='ocrx_word' id='word_1_30' title='bbox 1945 578 1984 649; x_wconf 91' lang='lat' dir='ltr'><strong>in</strong></span> <span class='ocrx_word' id='word_1_31' title='bbox 2014 583 2106 653; x_wconf 91' lang='lat' dir='ltr'><strong>urbe</strong></span> <span class='ocrx_word' id='word_1_32' title='bbox 2118 579 2283 655; x_wconf 91' lang='lat' dir='ltr'><strong>Comma-</strong></span> 
     </span>
     <span class='ocr_line' id='line_1_4' title="bbox 223 671 2283 782; baseline 0.004 -34"><span class='ocrx_word' id='word_1_33' title='bbox 223 674 380 748; x_wconf 75' lang='lat' dir='ltr'><strong>Deinde</strong></span> <span class='ocrx_word' id='word_1_34' title='bbox 400 689 436 745; x_wconf 89' lang='lat' dir='ltr'><strong>et</strong></span> <span class='ocrx_word' id='word_1_35' title='bbox 454 675 608 746; x_wconf 89' lang='lat' dir='ltr'><strong>utilitate</strong></span> <span class='ocrx_word' id='word_1_36' title='bbox 632 689 752 745; x_wconf 89' lang='lat' dir='ltr'><strong>nostra</strong></span> <span class='ocrx_word' id='word_1_37' title='bbox 779 698 996 745; x_wconf 84' lang='lat' dir='ltr'><strong>moveamur.</strong></span> <span class='ocrx_word' id='word_1_38' title='bbox 1037 674 1238 768; x_wconf 87' lang='lat' dir='ltr'><strong>quaerenda</strong></span> <span class='ocrx_word' id='word_1_39' title='bbox 1262 686 1266 741; x_wconf 86' lang='lat' dir='ltr'><strong>t</strong></span> <span class='ocrx_word' id='word_1_40' title='bbox 1289 697 1400 761; x_wconf 88' lang='lat' dir='ltr'><strong>genae</strong></span> <span class='ocrx_word' id='word_1_41' title='bbox 1412 671 1559 755; x_wconf 84' lang='lat' dir='ltr'><strong>Edessa,</strong></span> <span class='ocrx_word' id='word_1_42' title='bbox 1586 676 1630 745; x_wconf 92' lang='lat' dir='ltr'><strong>ad</strong></span> <span class='ocrx_word' id='word_1_43' title='bbox 1645 671 1856 769; x_wconf 77' lang='lat' dir='ltr'>Euphraten</span> <span class='ocrx_word' id='word_1_44' title='bbox 1870 680 1936 754; x_wconf 87' lang='lat' dir='ltr'><strong>sita</strong></span> <span class='ocrx_word' id='word_1_45' title='bbox 1964 696 1999 756; x_wconf 88' lang='lat' dir='ltr'><strong>et</strong></span> <span class='ocrx_word' id='word_1_46' title='bbox 2025 684 2283 782; x_wconf 78' lang='lat' dir='ltr'><strong>subiectaRegi</strong></span> 
     </span>
     <span class='ocr_line' id='line_1_5' title="bbox 240 772 2284 876; baseline 0.005 -24"><span class='ocrx_word' id='word_1_47' title='bbox 240 793 325 852; x_wconf 90' lang='lat' dir='ltr'><strong>sunt</strong></span> <span class='ocrx_word' id='word_1_48' title='bbox 348 779 440 850; x_wconf 89' lang='lat' dir='ltr'><strong>vitae</strong></span> <span class='ocrx_word' id='word_1_49' title='bbox 466 778 639 870; x_wconf 89' lang='lat' dir='ltr'><strong>praesidia</strong></span> <span class='ocrx_word' id='word_1_50' title='bbox 663 777 701 846; x_wconf 91' lang='lat' dir='ltr'><strong>in</strong></span> <span class='ocrx_word' id='word_1_51' title='bbox 725 772 792 847; x_wconf 91' lang='lat' dir='ltr'><strong>bac</strong></span> <span class='ocrx_word' id='word_1_52' title='bbox 807 791 904 849; x_wconf 89' lang='lat' dir='ltr'><strong>tanta</strong></span> <span class='ocrx_word' id='word_1_53' title='bbox 921 777 1090 848; x_wconf 90' lang='lat' dir='ltr'><strong>varietate</strong></span> <span class='ocrx_word' id='word_1_54' title='bbox 1108 799 1239 860; x_wconf 90' lang='lat' dir='ltr'><strong>rerum,</strong></span> <span class='ocrx_word' id='word_1_55' title='bbox 1291 775 1452 865; x_wconf 87' lang='lat' dir='ltr'><strong>Persico,</strong></span> <span class='ocrx_word' id='word_1_56' title='bbox 1477 801 1518 847; x_wconf 84' lang='lat' dir='ltr'><strong>ex</strong></span> <span class='ocrx_word' id='word_1_57' title='bbox 1542 791 1641 868; x_wconf 89' lang='lat' dir='ltr'><strong>patre</strong></span> <span class='ocrx_word' id='word_1_58' title='bbox 1655 780 1789 866; x_wconf 81' lang='lat' dir='ltr'><strong>nobili,</strong></span> <span class='ocrx_word' id='word_1_59' title='bbox 1810 783 1869 853; x_wconf 91' lang='lat' dir='ltr'><strong>cui</strong></span> <span class='ocrx_word' id='word_1_60' title='bbox 1892 809 2025 857; x_wconf 89' lang='lat' dir='ltr'><strong>nomen</strong></span> <span class='ocrx_word' id='word_1_61' title='bbox 2045 786 2236 876; x_wconf 75' lang='lat' dir='ltr'><strong>multati,</strong></span> <span class='ocrx_word' id='word_1_62' title='bbox 2257 807 2284 865; x_wconf 93' lang='lat' dir='ltr'><strong>et</strong></span> 
     </span>
     <span class='ocr_line' id='line_1_6' title="bbox 241 875 2284 987; baseline 0.003 -33"><span class='ocrx_word' id='word_1_63' title='bbox 241 907 331 978; x_wconf 90' lang='lat' dir='ltr'><strong>quae</strong></span> <span class='ocrx_word' id='word_1_64' title='bbox 354 897 436 953; x_wconf 89' lang='lat' dir='ltr'><strong>sunt</strong></span> <span class='ocrx_word' id='word_1_65' title='bbox 460 881 589 973; x_wconf 90' lang='lat' dir='ltr'><strong>partim</strong></span> <span class='ocrx_word' id='word_1_66' title='bbox 615 880 782 950; x_wconf 87' lang='lat' dir='ltr'><strong>alimenta</strong></span> <span class='ocrx_word' id='word_1_67' title='bbox 811 894 1015 949; x_wconf 88' lang='lat' dir='ltr'><strong>nostrorum</strong></span> <span class='ocrx_word' id='word_1_68' title='bbox 1038 903 1239 970; x_wconf 89' lang='lat' dir='ltr'><strong>corporum,</strong></span> <span class='ocrx_word' id='word_1_69' title='bbox 1292 895 1403 951; x_wconf 88' lang='lat' dir='ltr'><strong>matre</strong></span> <span class='ocrx_word' id='word_1_70' title='bbox 1418 875 1583 966; x_wconf 78' lang='lat' dir='ltr'><strong>Cithara,</strong></span> <span class='ocrx_word' id='word_1_71' title='bbox 1606 880 1740 953; x_wconf 83' lang='lat' dir='ltr'><strong>Persici</strong></span> <span class='ocrx_word' id='word_1_72' title='bbox 1754 897 1911 977; x_wconf 82' lang='lat' dir='ltr'><strong>satrapae</strong></span> <span class='ocrx_word' id='word_1_73' title='bbox 1927 889 2012 963; x_wconf 89' lang='lat' dir='ltr'><strong>lilia.</strong></span> <span class='ocrx_word' id='word_1_74' title='bbox 2038 892 2284 987; x_wconf 82' lang='lat' dir='ltr'><strong>quotiesenim</strong></span> 
     </span>
     <span class='ocr_line' id='line_1_7' title="bbox 243 979 2284 1085; baseline 0.006 -29"><span class='ocrx_word' id='word_1_75' title='bbox 243 986 372 1081; x_wconf 91' lang='lat' dir='ltr'><strong>partim</strong></span> <span class='ocrx_word' id='word_1_76' title='bbox 388 985 553 1055; x_wconf 86' lang='lat' dir='ltr'><strong>remedia.</strong></span> <span class='ocrx_word' id='word_1_77' title='bbox 592 979 672 1055; x_wconf 85' lang='lat' dir='ltr'><strong>Etsi</strong></span> <span class='ocrx_word' id='word_1_78' title='bbox 687 999 804 1053; x_wconf 88' lang='lat' dir='ltr'><strong>autem</strong></span> <span class='ocrx_word' id='word_1_79' title='bbox 823 982 980 1051; x_wconf 90' lang='lat' dir='ltr'><strong>studium</strong></span> <span class='ocrx_word' id='word_1_80' title='bbox 1001 995 1035 1051; x_wconf 93' lang='lat' dir='ltr'><strong>et</strong></span> <span class='ocrx_word' id='word_1_81' title='bbox 1049 982 1238 1051; x_wconf 86' lang='lat' dir='ltr'><strong>consilium</strong></span> <span class='ocrx_word' id='word_1_82' title='bbox 1292 983 1368 1074; x_wconf 89' lang='lat' dir='ltr'><strong>ipse</strong></span> <span class='ocrx_word' id='word_1_83' title='bbox 1394 982 1585 1074; x_wconf 90' lang='lat' dir='ltr'><strong>patrissui</strong></span> <span class='ocrx_word' id='word_1_84' title='bbox 1616 985 1797 1072; x_wconf 84' lang='lat' dir='ltr'><strong>meminit,</strong></span> <span class='ocrx_word' id='word_1_85' title='bbox 1830 987 2036 1085; x_wconf 84' lang='lat' dir='ltr'><strong>Principem</strong></span> <span class='ocrx_word' id='word_1_86' title='bbox 2064 1019 2151 1065; x_wconf 90' lang='lat' dir='ltr'><strong>enm</strong></span> <span class='ocrx_word' id='word_1_87' title='bbox 2185 1015 2284 1085; x_wconf 81' lang='lat' dir='ltr'><strong>vocat,</strong></span> 
     </span>
     <span class='ocr_line' id='line_1_8' title="bbox 242 1083 2283 1194; baseline 0.006 -35"><span class='ocrx_word' id='word_1_88' title='bbox 242 1112 366 1159; x_wconf 91' lang='lat' dir='ltr'><strong>eorum</strong></span> <span class='ocrx_word' id='word_1_89' title='bbox 383 1088 514 1180; x_wconf 92' lang='lat' dir='ltr'><strong>probo,</strong></span> <span class='ocrx_word' id='word_1_90' title='bbox 538 1086 601 1179; x_wconf 91' lang='lat' dir='ltr'><strong>qui</strong></span> <span class='ocrx_word' id='word_1_91' title='bbox 617 1109 698 1156; x_wconf 92' lang='lat' dir='ltr'><strong>cum</strong></span> <span class='ocrx_word' id='word_1_92' title='bbox 712 1085 863 1156; x_wconf 89' lang='lat' dir='ltr'><strong>recitant</strong></span> <span class='ocrx_word' id='word_1_93' title='bbox 879 1086 1002 1154; x_wconf 89' lang='lat' dir='ltr'><strong>laudes</strong></span> <span class='ocrx_word' id='word_1_94' title='bbox 1015 1086 1102 1156; x_wconf 89' lang='lat' dir='ltr'><strong>artis</strong></span> <span class='ocrx_word' id='word_1_95' title='bbox 1124 1083 1239 1153; x_wconf 90' lang='lat' dir='ltr'><strong>medi·</strong></span> <span class='ocrx_word' id='word_1_96' title='bbox 1292 1109 1382 1180; x_wconf 86' lang='lat' dir='ltr'><strong>quae</strong></span> <span class='ocrx_word' id='word_1_97' title='bbox 1399 1086 1590 1178; x_wconf 85' lang='lat' dir='ltr'><strong>appellatio</strong></span> <span class='ocrx_word' id='word_1_98' title='bbox 1611 1100 1731 1178; x_wconf 90' lang='lat' dir='ltr'><strong>postea</strong></span> <span class='ocrx_word' id='word_1_99' title='bbox 1753 1090 1792 1160; x_wconf 94' lang='lat' dir='ltr'><strong>in</strong></span> <span class='ocrx_word' id='word_1_100' title='bbox 1809 1091 1882 1162; x_wconf 88' lang='lat' dir='ltr'><strong>lilio</strong></span> <span class='ocrx_word' id='word_1_101' title='bbox 1900 1088 2024 1171; x_wconf 90' lang='lat' dir='ltr'><strong>haesit.</strong></span> <span class='ocrx_word' id='word_1_102' title='bbox 2079 1096 2283 1194; x_wconf 82' lang='lat' dir='ltr'><strong>Puerapa-</strong></span> 
     </span>
     <span class='ocr_line' id='line_1_9' title="bbox 243 1187 2285 1298; baseline 0.007 -37"><span class='ocrx_word' id='word_1_103' title='bbox 243 1216 320 1275; x_wconf 89' lang='lat' dir='ltr'><strong>cae,</strong></span> <span class='ocrx_word' id='word_1_104' title='bbox 344 1191 463 1283; x_wconf 89' lang='lat' dir='ltr'><strong>aliqua</strong></span> <span class='ocrx_word' id='word_1_105' title='bbox 479 1213 519 1259; x_wconf 85' lang='lat' dir='ltr'><strong>ex</strong></span> <span class='ocrx_word' id='word_1_106' title='bbox 543 1201 642 1282; x_wconf 89' lang='lat' dir='ltr'><strong>parte</strong></span> <span class='ocrx_word' id='word_1_107' title='bbox 663 1190 857 1259; x_wconf 87' lang='lat' dir='ltr'><strong>ostendunt</strong></span> <span class='ocrx_word' id='word_1_108' title='bbox 873 1204 1019 1260; x_wconf 89' lang='lat' dir='ltr'><strong>naturae</strong></span> <span class='ocrx_word' id='word_1_109' title='bbox 1036 1187 1239 1257; x_wconf 89' lang='lat' dir='ltr'><strong>considera·</strong></span> <span class='ocrx_word' id='word_1_110' title='bbox 1292 1189 1453 1260; x_wconf 86' lang='lat' dir='ltr'><strong>rentibus</strong></span> <span class='ocrx_word' id='word_1_111' title='bbox 1479 1190 1697 1282; x_wconf 84' lang='lat' dir='ltr'><strong>praeceptori</strong></span> <span class='ocrx_word' id='word_1_112' title='bbox 1725 1195 1884 1266; x_wconf 90' lang='lat' dir='ltr'><strong>natalino</strong></span> <span class='ocrx_word' id='word_1_113' title='bbox 1908 1199 2060 1273; x_wconf 87' lang='lat' dir='ltr'><strong>traditus</strong></span> <span class='ocrx_word' id='word_1_114' title='bbox 2077 1214 2154 1289; x_wconf 88' lang='lat' dir='ltr'><strong>est,</strong></span> <span class='ocrx_word' id='word_1_115' title='bbox 2180 1206 2285 1298; x_wconf 88' lang='lat' dir='ltr'><strong>quiin</strong></span> 
     </span>
     <span class='ocr_line' id='line_1_10' title="bbox 242 1290 2285 1403; baseline 0.006 -38"><span class='ocrx_word' id='word_1_116' title='bbox 242 1294 377 1365; x_wconf 91' lang='lat' dir='ltr'><strong>tionem</strong></span> <span class='ocrx_word' id='word_1_117' title='bbox 398 1293 538 1362; x_wconf 87' lang='lat' dir='ltr'><strong>dulcem</strong></span> <span class='ocrx_word' id='word_1_118' title='bbox 561 1307 596 1363; x_wconf 89' lang='lat' dir='ltr'><strong>et</strong></span> <span class='ocrx_word' id='word_1_119' title='bbox 619 1292 744 1363; x_wconf 92' lang='lat' dir='ltr'><strong>utilem</strong></span> <span class='ocrx_word' id='word_1_120' title='bbox 766 1314 855 1360; x_wconf 87' lang='lat' dir='ltr'><strong>csse:</strong></span> <span class='ocrx_word' id='word_1_121' title='bbox 890 1303 1008 1360; x_wconf 90' lang='lat' dir='ltr'><strong>tamen</strong></span> <span class='ocrx_word' id='word_1_122' title='bbox 1038 1290 1239 1383; x_wconf 88' lang='lat' dir='ltr'><strong>amplitudo</strong></span> <span class='ocrx_word' id='word_1_123' title='bbox 1292 1292 1364 1361; x_wconf 89' lang='lat' dir='ltr'><strong>illis</strong></span> <span class='ocrx_word' id='word_1_124' title='bbox 1387 1290 1492 1362; x_wconf 89' lang='lat' dir='ltr'><strong>terris</strong></span> <span class='ocrx_word' id='word_1_125' title='bbox 1514 1292 1651 1382; x_wconf 87' lang='lat' dir='ltr'><strong>ingenii</strong></span> <span class='ocrx_word' id='word_1_126' title='bbox 1676 1308 1710 1365; x_wconf 89' lang='lat' dir='ltr'><strong>et</strong></span> <span class='ocrx_word' id='word_1_127' title='bbox 1730 1298 1912 1369; x_wconf 87' lang='lat' dir='ltr'><strong>doctrinae</strong></span> <span class='ocrx_word' id='word_1_128' title='bbox 1933 1302 2041 1374; x_wconf 90' lang='lat' dir='ltr'><strong>laude</strong></span> <span class='ocrx_word' id='word_1_129' title='bbox 2058 1303 2211 1379; x_wconf 86' lang='lat' dir='ltr'><strong>floruit:</strong></span> <span class='ocrx_word' id='word_1_130' title='bbox 2235 1310 2285 1403; x_wconf 90' lang='lat' dir='ltr'><strong>qui</strong></span> 
     </span>
     <span class='ocr_line' id='line_1_11' title="bbox 243 1394 2285 1505; baseline 0.003 -37"><span class='ocrx_word' id='word_1_131' title='bbox 243 1396 443 1487; x_wconf 89' lang='lat' dir='ltr'><strong>argumenti</strong></span> <span class='ocrx_word' id='word_1_132' title='bbox 457 1408 557 1466; x_wconf 91' lang='lat' dir='ltr'><strong>tanta</strong></span> <span class='ocrx_word' id='word_1_133' title='bbox 570 1407 633 1480; x_wconf 91' lang='lat' dir='ltr'><strong>est,</strong></span> <span class='ocrx_word' id='word_1_134' title='bbox 656 1408 696 1464; x_wconf 89' lang='lat' dir='ltr'><strong>ut</strong></span> <span class='ocrx_word' id='word_1_135' title='bbox 712 1395 770 1464; x_wconf 82' lang='lat' dir='ltr'><strong>vix</strong></span> <span class='ocrx_word' id='word_1_136' title='bbox 786 1417 895 1485; x_wconf 90' lang='lat' dir='ltr'><strong>pauca</strong></span> <span class='ocrx_word' id='word_1_137' title='bbox 912 1394 1072 1464; x_wconf 89' lang='lat' dir='ltr'><strong>membra</strong></span> <span class='ocrx_word' id='word_1_138' title='bbox 1086 1417 1126 1463; x_wconf 84' lang='lat' dir='ltr'><strong>ex</strong></span> <span class='ocrx_word' id='word_1_139' title='bbox 1141 1406 1238 1465; x_wconf 90' lang='lat' dir='ltr'><strong>tanta</strong></span> <span class='ocrx_word' id='word_1_140' title='bbox 1292 1419 1372 1465; x_wconf 89' lang='lat' dir='ltr'><strong>cum</strong></span> <span class='ocrx_word' id='word_1_141' title='bbox 1389 1394 1688 1468; x_wconf 89' lang='lat' dir='ltr'><strong>animadverteret</strong></span> <span class='ocrx_word' id='word_1_142' title='bbox 1702 1399 1933 1474; x_wconf 87' lang='lat' dir='ltr'><strong>adolescentis</strong></span> <span class='ocrx_word' id='word_1_143' title='bbox 1947 1419 2120 1481; x_wconf 87' lang='lat' dir='ltr'><strong>naturam</strong></span> <span class='ocrx_word' id='word_1_144' title='bbox 2136 1433 2285 1505; x_wconf 76' lang='lat' dir='ltr'><strong>capacem</strong></span> 
     </span>
    </p>
   </div>
   <div class='ocr_carea' id='block_1_3' title="bbox 234 1495 1240 1898">
    <p class='ocr_par' dir='ltr' id='par_1_3' title="bbox 234 1495 1240 1898">
     <span class='ocr_line' id='line_1_12' title="bbox 241 1495 1240 1591; baseline -0.005 -22"><span class='ocrx_word' id='word_1_145' title='bbox 241 1499 337 1570; x_wconf 91' lang='lat' dir='ltr'><strong>mole</strong></span> <span class='ocrx_word' id='word_1_146' title='bbox 348 1513 527 1591; x_wconf 83' lang='lat' dir='ltr'><strong>excerpta,</strong></span> <span class='ocrx_word' id='word_1_147' title='bbox 551 1499 707 1590; x_wconf 90' lang='lat' dir='ltr'><strong>proponi</strong></span> <span class='ocrx_word' id='word_1_148' title='bbox 723 1511 757 1568; x_wconf 90' lang='lat' dir='ltr'><strong>et</strong></span> <span class='ocrx_word' id='word_1_149' title='bbox 773 1495 962 1566; x_wconf 90' lang='lat' dir='ltr'><strong>monstrari</strong></span> <span class='ocrx_word' id='word_1_150' title='bbox 980 1497 1126 1588; x_wconf 90' lang='lat' dir='ltr'><strong>possint.</strong></span> <span class='ocrx_word' id='word_1_151' title='bbox 1167 1495 1240 1565; x_wconf 90' lang='lat' dir='ltr'><strong>lta-</strong></span> 
     </span>
     <span class='ocr_line' id='line_1_13' title="bbox 234 1598 1239 1697; baseline -0.002 -30"><span class='ocrx_word' id='word_1_152' title='bbox 234 1626 311 1697; x_wconf 88' lang='lat' dir='ltr'><strong>que</strong></span> <span class='ocrx_word' id='word_1_153' title='bbox 329 1602 443 1672; x_wconf 82' lang='lat' dir='ltr'><strong>fateor</strong></span> <span class='ocrx_word' id='word_1_154' title='bbox 458 1626 515 1670; x_wconf 92' lang='lat' dir='ltr'><strong>me</strong></span> <span class='ocrx_word' id='word_1_155' title='bbox 531 1600 701 1670; x_wconf 81' lang='lat' dir='ltr'><strong>deterreri</strong></span> <span class='ocrx_word' id='word_1_156' title='bbox 718 1599 964 1689; x_wconf 90' lang='lat' dir='ltr'><strong>magnitudine</strong></span> <span class='ocrx_word' id='word_1_157' title='bbox 982 1600 1053 1686; x_wconf 90' lang='lat' dir='ltr'><strong>rei,</strong></span> <span class='ocrx_word' id='word_1_158' title='bbox 1079 1624 1150 1693; x_wconf 88' lang='lat' dir='ltr'><strong>quo</strong></span> <span class='ocrx_word' id='word_1_159' title='bbox 1169 1598 1239 1668; x_wconf 90' lang='lat' dir='ltr'><strong>mi-</strong></span> 
     </span>
     <span class='ocr_line' id='line_1_14' title="bbox 240 1698 1240 1788; baseline -0.005 -13"><span class='ocrx_word' id='word_1_160' title='bbox 240 1728 310 1775; x_wconf 91' lang='lat' dir='ltr'><strong>nus</strong></span> <span class='ocrx_word' id='word_1_161' title='bbox 325 1706 523 1776; x_wconf 89' lang='lat' dir='ltr'><strong>orationem</strong></span> <span class='ocrx_word' id='word_1_162' title='bbox 537 1706 580 1773; x_wconf 90' lang='lat' dir='ltr'><strong>de</strong></span> <span class='ocrx_word' id='word_1_163' title='bbox 597 1703 763 1774; x_wconf 86' lang='lat' dir='ltr'><strong>laudibus</strong></span> <span class='ocrx_word' id='word_1_164' title='bbox 783 1703 887 1788; x_wconf 92' lang='lat' dir='ltr'><strong>artis,</strong></span> <span class='ocrx_word' id='word_1_165' title='bbox 914 1698 980 1773; x_wconf 93' lang='lat' dir='ltr'><strong>hoc</strong></span> <span class='ocrx_word' id='word_1_166' title='bbox 995 1716 1066 1788; x_wconf 91' lang='lat' dir='ltr'><strong>est,</strong></span> <span class='ocrx_word' id='word_1_167' title='bbox 1091 1703 1135 1771; x_wconf 94' lang='lat' dir='ltr'><strong>de</strong></span> <span class='ocrx_word' id='word_1_168' title='bbox 1152 1725 1240 1773; x_wconf 93' lang='lat' dir='ltr'><strong>con-</strong></span> 
     </span>
     <span class='ocr_line' id='line_1_15' title="bbox 240 1800 983 1898; baseline -0.007 -20"><span class='ocrx_word' id='word_1_169' title='bbox 240 1800 458 1879; x_wconf 75' lang='lat' dir='ltr'><strong>sideratione</strong></span> <span class='ocrx_word' id='word_1_170' title='bbox 475 1820 622 1877; x_wconf 90' lang='lat' dir='ltr'><strong>naturae</strong></span> <span class='ocrx_word' id='word_1_171' title='bbox 636 1806 823 1875; x_wconf 87' lang='lat' dir='ltr'><strong>instituere</strong></span> <span class='ocrx_word' id='word_1_172' title='bbox 838 1806 983 1898; x_wconf 89' lang='lat' dir='ltr'><strong>possim.</strong></span> 
     </span>
    </p>
   </div>
   <div class='ocr_carea' id='block_1_4' title="bbox 346 1956 1239 2046">
    <p class='ocr_par' dir='ltr' id='par_1_4' title="bbox 346 1956 1239 2046">
     <span class='ocr_line' id='line_1_16' title="bbox 346 1956 1239 2046; baseline -0.008 -15"><span class='ocrx_word' id='word_1_173' title='bbox 346 1959 486 2031; x_wconf 85' lang='lat' dir='ltr'><strong>Interea</strong></span> <span class='ocrx_word' id='word_1_174' title='bbox 501 1967 621 2029; x_wconf 88' lang='lat' dir='ltr'><strong>tamen</strong></span> <span class='ocrx_word' id='word_1_175' title='bbox 638 1972 671 2028; x_wconf 90' lang='lat' dir='ltr'><strong>et</strong></span> <span class='ocrx_word' id='word_1_176' title='bbox 684 1980 798 2027; x_wconf 89' lang='lat' dir='ltr'><strong>meam</strong></span> <span class='ocrx_word' id='word_1_177' title='bbox 822 1971 856 2028; x_wconf 92' lang='lat' dir='ltr'><strong>et</strong></span> <span class='ocrx_word' id='word_1_178' title='bbox 872 1957 1033 2028; x_wconf 92' lang='lat' dir='ltr'><strong>omnium</strong></span> <span class='ocrx_word' id='word_1_179' title='bbox 1060 1956 1239 2046; x_wconf 87' lang='lat' dir='ltr'><strong>ignaviam</strong></span> 
     </span>
    </p>
   </div>
   <div class='ocr_carea' id='block_1_5' title="bbox 113 2059 1239 2161">
    <p class='ocr_par' dir='ltr' id='par_1_5' title="bbox 113 2059 1239 2161">
     <span class='ocr_line' id='line_1_17' title="bbox 113 2059 1239 2161; baseline -0.01 -23"><span class='ocrx_word' id='word_1_180' title='bbox 113 2150 118 2161; x_wconf 26' lang='lat'><strong><em>¹</em></strong></span> <span class='ocrx_word' id='word_1_181' title='bbox 243 2064 411 2157; x_wconf 92' lang='lat' dir='ltr'><strong>deploro,</strong></span> <span class='ocrx_word' id='word_1_182' title='bbox 450 2085 574 2131; x_wconf 87' lang='lat' dir='ltr'><strong>omnes</strong></span> <span class='ocrx_word' id='word_1_183' title='bbox 608 2062 703 2130; x_wconf 90' lang='lat' dir='ltr'><strong>enim</strong></span> <span class='ocrx_word' id='word_1_184' title='bbox 723 2085 858 2132; x_wconf 90' lang='lat' dir='ltr'><strong>-sumus</strong></span> <span class='ocrx_word' id='word_1_185' title='bbox 893 2060 1166 2151; x_wconf 84' lang='lat' dir='ltr'><strong>negligentiores</strong></span> <span class='ocrx_word' id='word_1_186' title='bbox 1200 2059 1239 2127; x_wconf 92' lang='lat' dir='ltr'><strong>in</strong></span> 
     </span>
    </p>
   </div>
   <div class='ocr_carea' id='block_1_6' title="bbox 239 2159 1241 3392">
    <p class='ocr_par' dir='ltr' id='par_1_6' title="bbox 239 2159 1241 3392">
     <span class='ocr_line' id='line_1_18' title="bbox 242 2159 1239 2260; baseline -0.008 -22"><span class='ocrx_word' id='word_1_187' title='bbox 242 2167 444 2260; x_wconf 90' lang='lat' dir='ltr'><strong>aspicienda</strong></span> <span class='ocrx_word' id='word_1_188' title='bbox 460 2178 598 2250; x_wconf 91' lang='lat' dir='ltr'><strong>natura,</strong></span> <span class='ocrx_word' id='word_1_189' title='bbox 625 2179 657 2236; x_wconf 88' lang='lat' dir='ltr'><strong>et</strong></span> <span class='ocrx_word' id='word_1_190' title='bbox 673 2159 741 2234; x_wconf 93' lang='lat' dir='ltr'><strong>boc</strong></span> <span class='ocrx_word' id='word_1_191' title='bbox 754 2159 893 2234; x_wconf 90' lang='lat' dir='ltr'><strong>theatro</strong></span> <span class='ocrx_word' id='word_1_192' title='bbox 909 2165 974 2235; x_wconf 89' lang='lat' dir='ltr'><strong>Dei</strong></span> <span class='ocrx_word' id='word_1_193' title='bbox 992 2163 1239 2253; x_wconf 90' lang='lat' dir='ltr'><strong>contemplan-</strong></span> 
     </span>
     <span class='ocr_line' id='line_1_19' title="bbox 241 2260 1239 2364; baseline -0.009 -22"><span class='ocrx_word' id='word_1_194' title='bbox 241 2274 308 2355; x_wconf 93' lang='lat' dir='ltr'><strong>do,</strong></span> <span class='ocrx_word' id='word_1_195' title='bbox 333 2295 440 2364; x_wconf 93' lang='lat' dir='ltr'><strong>quam</strong></span> <span class='ocrx_word' id='word_1_196' title='bbox 456 2269 657 2359; x_wconf 91' lang='lat' dir='ltr'><strong>oportebat:</strong></span> <span class='ocrx_word' id='word_1_197' title='bbox 685 2292 765 2337; x_wconf 91' lang='lat' dir='ltr'><strong>cum</strong></span> <span class='ocrx_word' id='word_1_198' title='bbox 783 2268 927 2360; x_wconf 91' lang='lat' dir='ltr'><strong>quidem</strong></span> <span class='ocrx_word' id='word_1_199' title='bbox 948 2281 982 2336; x_wconf 90' lang='lat' dir='ltr'><strong>et</strong></span> <span class='ocrx_word' id='word_1_200' title='bbox 997 2264 1094 2336; x_wconf 88' lang='lat' dir='ltr'><strong>Deus</strong></span> <span class='ocrx_word' id='word_1_201' title='bbox 1109 2270 1153 2334; x_wconf 91' lang='lat' dir='ltr'><strong>ad</strong></span> <span class='ocrx_word' id='word_1_202' title='bbox 1171 2260 1239 2334; x_wconf 92' lang='lat' dir='ltr'><strong>boc</strong></span> 
     </span>
     <span class='ocr_line' id='line_1_20' title="bbox 241 2366 1241 2458; baseline -0.01 -13"><span class='ocrx_word' id='word_1_203' title='bbox 241 2374 400 2446; x_wconf 89' lang='lat' dir='ltr'><strong>studium</strong></span> <span class='ocrx_word' id='word_1_204' title='bbox 419 2396 483 2441; x_wconf 91' lang='lat' dir='ltr'><strong>nos</strong></span> <span class='ocrx_word' id='word_1_205' title='bbox 506 2370 652 2455; x_wconf 89' lang='lat' dir='ltr'><strong>invitet,</strong></span> <span class='ocrx_word' id='word_1_206' title='bbox 678 2385 712 2441; x_wconf 92' lang='lat' dir='ltr'><strong>et</strong></span> <span class='ocrx_word' id='word_1_207' title='bbox 735 2366 827 2440; x_wconf 89' lang='lat' dir='ltr'><strong>nihil</strong></span> <span class='ocrx_word' id='word_1_208' title='bbox 847 2366 913 2440; x_wconf 88' lang='lat' dir='ltr'><strong>bac</strong></span> <span class='ocrx_word' id='word_1_209' title='bbox 929 2370 1139 2458; x_wconf 80' lang='lat' dir='ltr'><strong>cogitatione</strong></span> <span class='ocrx_word' id='word_1_210' title='bbox 1157 2368 1241 2438; x_wconf 90' lang='lat' dir='ltr'><strong>dul-</strong></span> 
     </span>
     <span class='ocr_line' id='line_1_21' title="bbox 241 2469 1239 2563; baseline -0.009 -15"><span class='ocrx_word' id='word_1_211' title='bbox 241 2478 317 2548; x_wconf 89' lang='lat' dir='ltr'><strong>cius</strong></span> <span class='ocrx_word' id='word_1_212' title='bbox 333 2476 400 2562; x_wconf 90' lang='lat' dir='ltr'><strong>sit,</strong></span> <span class='ocrx_word' id='word_1_213' title='bbox 421 2488 456 2544; x_wconf 93' lang='lat' dir='ltr'><strong>et</strong></span> <span class='ocrx_word' id='word_1_214' title='bbox 469 2473 664 2544; x_wconf 87' lang='lat' dir='ltr'><strong>valetudini</strong></span> <span class='ocrx_word' id='word_1_215' title='bbox 683 2499 722 2544; x_wconf 94' lang='lat' dir='ltr'><strong>ac</strong></span> <span class='ocrx_word' id='word_1_216' title='bbox 737 2475 829 2543; x_wconf 88' lang='lat' dir='ltr'><strong>vitae</strong></span> <span class='ocrx_word' id='word_1_217' title='bbox 851 2469 937 2543; x_wconf 90' lang='lat' dir='ltr'><strong>haec</strong></span> <span class='ocrx_word' id='word_1_218' title='bbox 954 2471 1137 2561; x_wconf 87' lang='lat' dir='ltr'><strong>diligentia</strong></span> <span class='ocrx_word' id='word_1_219' title='bbox 1156 2470 1239 2563; x_wconf 93' lang='lat' dir='ltr'><strong>plu-</strong></span> 
     </span>
     <span class='ocr_line' id='line_1_22' title="bbox 240 2575 1239 2671; baseline -0.009 -19"><span class='ocrx_word' id='word_1_220' title='bbox 240 2582 372 2652; x_wconf 90' lang='lat' dir='ltr'><strong>rimum</strong></span> <span class='ocrx_word' id='word_1_221' title='bbox 390 2578 577 2671; x_wconf 81' lang='lat' dir='ltr'><strong>profutura</strong></span> <span class='ocrx_word' id='word_1_222' title='bbox 597 2589 696 2647; x_wconf 86' lang='lat' dir='ltr'><strong>esset.</strong></span> <span class='ocrx_word' id='word_1_223' title='bbox 748 2575 965 2670; x_wconf 82' lang='lat' dir='ltr'><strong>Quanquam</strong></span> <span class='ocrx_word' id='word_1_224' title='bbox 990 2590 1106 2646; x_wconf 91' lang='lat' dir='ltr'><strong>autem</strong></span> <span class='ocrx_word' id='word_1_225' title='bbox 1131 2596 1239 2643; x_wconf 87' lang='lat' dir='ltr'><strong>nemo</strong></span> 
     </span>
     <span class='ocr_line' id='line_1_23' title="bbox 240 2683 1239 2771; baseline -0.01 -17"><span class='ocrx_word' id='word_1_226' title='bbox 240 2683 325 2754; x_wconf 88' lang='lat' dir='ltr'><strong>satis</strong></span> <span class='ocrx_word' id='word_1_227' title='bbox 340 2683 500 2752; x_wconf 89' lang='lat' dir='ltr'><strong>intentus</strong></span> <span class='ocrx_word' id='word_1_228' title='bbox 518 2693 694 2771; x_wconf 90' lang='lat' dir='ltr'><strong>spectator</strong></span> <span class='ocrx_word' id='word_1_229' title='bbox 707 2703 780 2749; x_wconf 88' lang='lat' dir='ltr'><strong>esse</strong></span> <span class='ocrx_word' id='word_1_230' title='bbox 794 2692 940 2751; x_wconf 90' lang='lat' dir='ltr'><strong>naturae</strong></span> <span class='ocrx_word' id='word_1_231' title='bbox 956 2692 1088 2771; x_wconf 89' lang='lat' dir='ltr'><strong>potest:</strong></span> <span class='ocrx_word' id='word_1_232' title='bbox 1121 2691 1239 2747; x_wconf 90' lang='lat' dir='ltr'><strong>tamen</strong></span> 
     </span>
     <span class='ocr_line' id='line_1_24' title="bbox 241 2776 1240 2873; baseline -0.009 -17"><span class='ocrx_word' id='word_1_233' title='bbox 241 2785 362 2856; x_wconf 92' lang='lat' dir='ltr'><strong>omnia</strong></span> <span class='ocrx_word' id='word_1_234' title='bbox 382 2786 476 2855; x_wconf 91' lang='lat' dir='ltr'><strong>bona</strong></span> <span class='ocrx_word' id='word_1_235' title='bbox 500 2783 642 2873; x_wconf 91' lang='lat' dir='ltr'><strong>ingenia</strong></span> <span class='ocrx_word' id='word_1_236' title='bbox 663 2779 839 2852; x_wconf 90' lang='lat' dir='ltr'><strong>hortanda</strong></span> <span class='ocrx_word' id='word_1_237' title='bbox 863 2795 946 2852; x_wconf 92' lang='lat' dir='ltr'><strong>sunt</strong></span> <span class='ocrx_word' id='word_1_238' title='bbox 971 2782 1013 2851; x_wconf 91' lang='lat' dir='ltr'><strong>ad</strong></span> <span class='ocrx_word' id='word_1_239' title='bbox 1039 2776 1131 2850; x_wconf 92' lang='lat' dir='ltr'><strong>hanc</strong></span> <span class='ocrx_word' id='word_1_240' title='bbox 1153 2802 1240 2849; x_wconf 91' lang='lat' dir='ltr'><strong>con-</strong></span> 
     </span>
     <span class='ocr_line' id='line_1_25' title="bbox 242 2879 1240 2975; baseline -0.008 -17"><span class='ocrx_word' id='word_1_241' title='bbox 242 2888 493 2958; x_wconf 81' lang='lat' dir='ltr'><strong>siderationem</strong></span> <span class='ocrx_word' id='word_1_242' title='bbox 522 2884 766 2975; x_wconf 90' lang='lat' dir='ltr'><strong>dignissimam</strong></span> <span class='ocrx_word' id='word_1_243' title='bbox 793 2879 956 2953; x_wconf 90' lang='lat' dir='ltr'><strong>homine:</strong></span> <span class='ocrx_word' id='word_1_244' title='bbox 1000 2884 1071 2952; x_wconf 93' lang='lat' dir='ltr'><strong>imo</strong></span> <span class='ocrx_word' id='word_1_245' title='bbox 1099 2908 1178 2953; x_wconf 90' lang='lat' dir='ltr'><strong>cum</strong></span> <span class='ocrx_word' id='word_1_246' title='bbox 1206 2894 1240 2951; x_wconf 88' lang='lat' dir='ltr'><strong>et</strong></span> 
     </span>
     <span class='ocr_line' id='line_1_26' title="bbox 240 2987 1241 3080; baseline -0.009 -19"><span class='ocrx_word' id='word_1_247' title='bbox 240 2990 337 3062; x_wconf 92' lang='lat' dir='ltr'><strong>Deus</strong></span> <span class='ocrx_word' id='word_1_248' title='bbox 360 3013 436 3058; x_wconf 84' lang='lat' dir='ltr'><strong>earu</strong></span> <span class='ocrx_word' id='word_1_249' title='bbox 459 2988 672 3079; x_wconf 90' lang='lat' dir='ltr'><strong>praecipiat,</strong></span> <span class='ocrx_word' id='word_1_250' title='bbox 694 2987 810 3077; x_wconf 90' lang='lat' dir='ltr'><strong>ipsum</strong></span> <span class='ocrx_word' id='word_1_251' title='bbox 828 3010 971 3080; x_wconf 91' lang='lat' dir='ltr'><strong>quoque</strong></span> <span class='ocrx_word' id='word_1_252' title='bbox 989 3000 1136 3056; x_wconf 91' lang='lat' dir='ltr'><strong>naturae</strong></span> <span class='ocrx_word' id='word_1_253' title='bbox 1153 3009 1241 3055; x_wconf 91' lang='lat' dir='ltr'><strong>con-</strong></span> 
     </span>
     <span class='ocr_line' id='line_1_27' title="bbox 240 3083 1239 3175; baseline -0.006 -12"><span class='ocrx_word' id='word_1_254' title='bbox 240 3094 393 3164; x_wconf 91' lang='lat' dir='ltr'><strong>ditorem</strong></span> <span class='ocrx_word' id='word_1_255' title='bbox 417 3113 499 3175; x_wconf 96' lang='lat' dir='ltr'><strong>oro,</strong></span> <span class='ocrx_word' id='word_1_256' title='bbox 525 3103 566 3159; x_wconf 90' lang='lat' dir='ltr'><strong>ut</strong></span> <span class='ocrx_word' id='word_1_257' title='bbox 590 3091 785 3160; x_wconf 89' lang='lat' dir='ltr'><strong>multorum</strong></span> <span class='ocrx_word' id='word_1_258' title='bbox 809 3088 925 3159; x_wconf 89' lang='lat' dir='ltr'><strong>flectet</strong></span> <span class='ocrx_word' id='word_1_259' title='bbox 950 3103 1084 3159; x_wconf 88' lang='lat' dir='ltr'><strong>mentes</strong></span> <span class='ocrx_word' id='word_1_260' title='bbox 1105 3090 1149 3157; x_wconf 94' lang='lat' dir='ltr'><strong>ad</strong></span> <span class='ocrx_word' id='word_1_261' title='bbox 1172 3083 1239 3157; x_wconf 93' lang='lat' dir='ltr'><strong>hoc</strong></span> 
     </span>
     <span class='ocr_line' id='line_1_28' title="bbox 239 3187 1239 3278; baseline -0.007 -13"><span class='ocrx_word' id='word_1_262' title='bbox 239 3195 411 3278; x_wconf 89' lang='lat' dir='ltr'><strong>studium,</strong></span> <span class='ocrx_word' id='word_1_263' title='bbox 437 3207 469 3264; x_wconf 94' lang='lat' dir='ltr'><strong>et</strong></span> <span class='ocrx_word' id='word_1_264' title='bbox 486 3192 655 3264; x_wconf 88' lang='lat' dir='ltr'><strong>exuscitet</strong></span> <span class='ocrx_word' id='word_1_265' title='bbox 668 3216 743 3277; x_wconf 89' lang='lat' dir='ltr'><strong>eas,</strong></span> <span class='ocrx_word' id='word_1_266' title='bbox 769 3192 862 3262; x_wconf 91' lang='lat' dir='ltr'><strong>utin</strong></span> <span class='ocrx_word' id='word_1_267' title='bbox 877 3187 942 3262; x_wconf 92' lang='lat' dir='ltr'><strong>bac</strong></span> <span class='ocrx_word' id='word_1_268' title='bbox 956 3191 1239 3261; x_wconf 87' lang='lat' dir='ltr'><strong>consideratione</strong></span> 
     </span>
     <span class='ocr_line' id='line_1_29' title="bbox 239 3295 1238 3392; baseline -0.003 -25"><span class='ocrx_word' id='word_1_269' title='bbox 239 3300 357 3391; x_wconf 90' lang='lat' dir='ltr'><strong>ipsum</strong></span> <span class='ocrx_word' id='word_1_270' title='bbox 375 3319 519 3392; x_wconf 90' lang='lat' dir='ltr'><strong>quoque</strong></span> <span class='ocrx_word' id='word_1_271' title='bbox 538 3309 746 3386; x_wconf 90' lang='lat' dir='ltr'><strong>agnoscant,</strong></span> <span class='ocrx_word' id='word_1_272' title='bbox 769 3309 983 3365; x_wconf 90' lang='lat' dir='ltr'><strong>venerentur</strong></span> <span class='ocrx_word' id='word_1_273' title='bbox 998 3310 1031 3366; x_wconf 91' lang='lat' dir='ltr'><strong>et</strong></span> <span class='ocrx_word' id='word_1_274' title='bbox 1050 3295 1238 3365; x_wconf 90' lang='lat' dir='ltr'><strong>celebrent.</strong></span> 
     </span>
    </p>
   </div>
   <div class='ocr_carea' id='block_1_7' title="bbox 238 3445 1239 4156">
    <p class='ocr_par' dir='ltr' id='par_1_7' title="bbox 238 3445 1239 4156">
     <span class='ocr_line' id='line_1_30' title="bbox 341 3445 1239 3537; baseline -0.009 -17"><span class='ocrx_word' id='word_1_275' title='bbox 341 3449 537 3519; x_wconf 89' lang='lat' dir='ltr'><strong>Laudanda</strong></span> <span class='ocrx_word' id='word_1_276' title='bbox 566 3458 617 3516; x_wconf 88' lang='lat' dir='ltr'><strong>est</strong></span> <span class='ocrx_word' id='word_1_277' title='bbox 643 3457 759 3516; x_wconf 90' lang='lat' dir='ltr'><strong>autem</strong></span> <span class='ocrx_word' id='word_1_278' title='bbox 789 3445 1015 3517; x_wconf 87' lang='lat' dir='ltr'><strong>Medicorum</strong></span> <span class='ocrx_word' id='word_1_279' title='bbox 1042 3446 1239 3537; x_wconf 87' lang='lat' dir='ltr'><strong>diligentia,</strong></span> 
     </span>
     <span class='ocr_line' id='line_1_31' title="bbox 240 3548 1237 3649; baseline -0.008 -25"><span class='ocrx_word' id='word_1_280' title='bbox 240 3556 303 3649; x_wconf 91' lang='lat' dir='ltr'><strong>qui</strong></span> <span class='ocrx_word' id='word_1_281' title='bbox 319 3552 383 3623; x_wconf 87' lang='lat' dir='ltr'><strong>etsi</strong></span> <span class='ocrx_word' id='word_1_282' title='bbox 402 3564 512 3621; x_wconf 92' lang='lat' dir='ltr'><strong>totam</strong></span> <span class='ocrx_word' id='word_1_283' title='bbox 526 3561 690 3619; x_wconf 88' lang='lat' dir='ltr'><strong>naturam</strong></span> <span class='ocrx_word' id='word_1_284' title='bbox 703 3548 865 3618; x_wconf 89' lang='lat' dir='ltr'><strong>evolvere</strong></span> <span class='ocrx_word' id='word_1_285' title='bbox 879 3574 984 3620; x_wconf 88' lang='lat' dir='ltr'><strong>nemu</strong></span> <span class='ocrx_word' id='word_1_286' title='bbox 996 3573 1091 3619; x_wconf 92' lang='lat' dir='ltr'><strong>unus</strong></span> <span class='ocrx_word' id='word_1_287' title='bbox 1106 3563 1237 3643; x_wconf 91' lang='lat' dir='ltr'><strong>potest:</strong></span> 
     </span>
     <span class='ocr_line' id='line_1_32' title="bbox 239 3651 1238 3743; baseline -0.008 -16"><span class='ocrx_word' id='word_1_288' title='bbox 239 3673 360 3728; x_wconf 92' lang='lat' dir='ltr'><strong>tamen</strong></span> <span class='ocrx_word' id='word_1_289' title='bbox 378 3653 509 3723; x_wconf 87' lang='lat' dir='ltr'><strong>multas</strong></span> <span class='ocrx_word' id='word_1_290' title='bbox 529 3665 645 3743; x_wconf 90' lang='lat' dir='ltr'><strong>partes</strong></span> <span class='ocrx_word' id='word_1_291' title='bbox 670 3651 822 3741; x_wconf 90' lang='lat' dir='ltr'><strong>prolatas</strong></span> <span class='ocrx_word' id='word_1_292' title='bbox 839 3666 1103 3737; x_wconf 88' lang='lat' dir='ltr'><strong>monstrarunt,</strong></span> <span class='ocrx_word' id='word_1_293' title='bbox 1129 3666 1163 3721; x_wconf 88' lang='lat' dir='ltr'><strong>et</strong></span> <span class='ocrx_word' id='word_1_294' title='bbox 1180 3676 1238 3720; x_wconf 91' lang='lat' dir='ltr'><strong>ea-</strong></span> 
     </span>
     <span class='ocr_line' id='line_1_33' title="bbox 240 3749 1238 3847; baseline -0.007 -17"><span class='ocrx_word' id='word_1_295' title='bbox 240 3785 320 3831; x_wconf 90' lang='lat' dir='ltr'><strong>rum</strong></span> <span class='ocrx_word' id='word_1_296' title='bbox 340 3756 509 3826; x_wconf 88' lang='lat' dir='ltr'><strong>noticiam</strong></span> <span class='ocrx_word' id='word_1_297' title='bbox 529 3755 651 3845; x_wconf 90' lang='lat' dir='ltr'><strong>generi</strong></span> <span class='ocrx_word' id='word_1_298' title='bbox 673 3749 832 3824; x_wconf 90' lang='lat' dir='ltr'><strong>humano</strong></span> <span class='ocrx_word' id='word_1_299' title='bbox 854 3768 1012 3841; x_wconf 84' lang='lat' dir='ltr'><strong>servant,</strong></span> <span class='ocrx_word' id='word_1_300' title='bbox 1036 3779 1076 3825; x_wconf 94' lang='lat' dir='ltr'><strong>ac</strong></span> <span class='ocrx_word' id='word_1_301' title='bbox 1093 3756 1238 3847; x_wconf 91' lang='lat' dir='ltr'><strong>prodest</strong></span> 
     </span>
     <span class='ocr_line' id='line_1_34' title="bbox 238 3855 1237 3946; baseline -0.008 -13"><span class='ocrx_word' id='word_1_302' title='bbox 238 3857 368 3933; x_wconf 91' lang='lat' dir='ltr'><strong>horum</strong></span> <span class='ocrx_word' id='word_1_303' title='bbox 391 3870 623 3928; x_wconf 91' lang='lat' dir='ltr'><strong>monumenta</strong></span> <span class='ocrx_word' id='word_1_304' title='bbox 638 3856 726 3946; x_wconf 87' lang='lat' dir='ltr'><strong>legi,</strong></span> <span class='ocrx_word' id='word_1_305' title='bbox 753 3882 827 3928; x_wconf 89' lang='lat' dir='ltr'><strong>non</strong></span> <span class='ocrx_word' id='word_1_306' title='bbox 844 3855 979 3928; x_wconf 89' lang='lat' dir='ltr'><strong>Graeca</strong></span> <span class='ocrx_word' id='word_1_307' title='bbox 996 3871 1151 3943; x_wconf 90' lang='lat' dir='ltr'><strong>tantum,</strong></span> <span class='ocrx_word' id='word_1_308' title='bbox 1176 3857 1237 3926; x_wconf 89' lang='lat' dir='ltr'><strong>sed</strong></span> 
     </span>
     <span class='ocr_line' id='line_1_35' title="bbox 240 3960 1239 4055; baseline -0.008 -19"><span class='ocrx_word' id='word_1_309' title='bbox 240 3967 345 4036; x_wconf 89' lang='lat' dir='ltr'><strong>etiam</strong></span> <span class='ocrx_word' id='word_1_310' title='bbox 369 3964 463 4055; x_wconf 89' lang='lat' dir='ltr'><strong>apud</strong></span> <span class='ocrx_word' id='word_1_311' title='bbox 487 3961 575 4030; x_wconf 89' lang='lat' dir='ltr'><strong>alias</strong></span> <span class='ocrx_word' id='word_1_312' title='bbox 596 3972 716 4050; x_wconf 89' lang='lat' dir='ltr'><strong>gentes</strong></span> <span class='ocrx_word' id='word_1_313' title='bbox 738 3975 772 4032; x_wconf 91' lang='lat' dir='ltr'><strong>et</strong></span> <span class='ocrx_word' id='word_1_314' title='bbox 796 3961 875 4030; x_wconf 91' lang='lat' dir='ltr'><strong>aliis</strong></span> <span class='ocrx_word' id='word_1_315' title='bbox 896 3960 1068 4032; x_wconf 87' lang='lat' dir='ltr'><strong>aetatibus</strong></span> <span class='ocrx_word' id='word_1_316' title='bbox 1092 3984 1239 4051; x_wconf 92' lang='lat' dir='ltr'><strong>cumpo-</strong></span> 
     </span>
     <span class='ocr_line' id='line_1_36' title="bbox 239 4059 1238 4156; baseline -0.008 -17"><span class='ocrx_word' id='word_1_317' title='bbox 239 4068 318 4141; x_wconf 92' lang='lat' dir='ltr'><strong>sita.</strong></span> <span class='ocrx_word' id='word_1_318' title='bbox 368 4062 487 4135; x_wconf 90' lang='lat' dir='ltr'><strong>Multa</strong></span> <span class='ocrx_word' id='word_1_319' title='bbox 511 4064 607 4133; x_wconf 90' lang='lat' dir='ltr'><strong>enim</strong></span> <span class='ocrx_word' id='word_1_320' title='bbox 632 4063 671 4131; x_wconf 90' lang='lat' dir='ltr'><strong>in</strong></span> <span class='ocrx_word' id='word_1_321' title='bbox 694 4078 821 4135; x_wconf 89' lang='lat' dir='ltr'><strong>natura</strong></span> <span class='ocrx_word' id='word_1_322' title='bbox 839 4077 873 4133; x_wconf 89' lang='lat' dir='ltr'><strong>et</strong></span> <span class='ocrx_word' id='word_1_323' title='bbox 893 4064 931 4132; x_wconf 92' lang='lat' dir='ltr'><strong>in</strong></span> <span class='ocrx_word' id='word_1_324' title='bbox 948 4077 1022 4133; x_wconf 90' lang='lat' dir='ltr'><strong>arte</strong></span> <span class='ocrx_word' id='word_1_325' title='bbox 1037 4059 1238 4156; x_wconf 90' lang='lat' dir='ltr'><strong>deprehen-</strong></span> 
     </span>
    </p>
   </div>
   <div class='ocr_carea' id='block_1_8' title="bbox 1289 1497 2324 4191">
    <p class='ocr_par' dir='ltr' id='par_1_8' title="bbox 1291 1497 2324 2836">
     <span class='ocr_line' id='line_1_37' title="bbox 1293 1497 2285 1599; baseline 0.02 -32"><span class='ocrx_word' id='word_1_326' title='bbox 1293 1521 1366 1567; x_wconf 90' lang='lat' dir='ltr'><strong>esse</strong></span> <span class='ocrx_word' id='word_1_327' title='bbox 1384 1497 1668 1586; x_wconf 88' lang='lat' dir='ltr'><strong>disciplinarum,</strong></span> <span class='ocrx_word' id='word_1_328' title='bbox 1694 1526 1775 1572; x_wconf 83' lang='lat' dir='ltr'><strong>mox</strong></span> <span class='ocrx_word' id='word_1_329' title='bbox 1794 1517 1874 1594; x_wconf 90' lang='lat' dir='ltr'><strong>post</strong></span> <span class='ocrx_word' id='word_1_330' title='bbox 1888 1507 2002 1599; x_wconf 90' lang='lat' dir='ltr'><strong>prima</strong></span> <span class='ocrx_word' id='word_1_331' title='bbox 2018 1511 2207 1585; x_wconf 89' lang='lat' dir='ltr'><strong>elementa</strong></span> <span class='ocrx_word' id='word_1_332' title='bbox 2219 1515 2285 1587; x_wconf 87' lang='lat' dir='ltr'><strong>lite·</strong></span> 
     </span>
     <span class='ocr_line' id='line_1_38' title="bbox 1292 1600 2280 1689; baseline 0.02 -19"><span class='ocrx_word' id='word_1_333' title='bbox 1292 1624 1424 1681; x_wconf 93' lang='lat' dir='ltr'><strong>rarum,</strong></span> <span class='ocrx_word' id='word_1_334' title='bbox 1446 1600 1691 1689; x_wconf 87' lang='lat' dir='ltr'><strong>Dialecticam,</strong></span> <span class='ocrx_word' id='word_1_335' title='bbox 1715 1601 1958 1681; x_wconf 89' lang='lat' dir='ltr'><strong>Geometriam</strong></span> <span class='ocrx_word' id='word_1_336' title='bbox 1973 1606 2280 1689; x_wconf 83' lang='lat' dir='ltr'><strong>etAstronomian</strong></span> 
     </span>
     <span class='ocr_line' id='line_1_39' title="bbox 1292 1704 2280 1800; baseline 0.019 -27"><span class='ocrx_word' id='word_1_337' title='bbox 1292 1704 1496 1773; x_wconf 87' lang='lat' dir='ltr'><strong>discendam</strong></span> <span class='ocrx_word' id='word_1_338' title='bbox 1522 1704 1555 1772; x_wconf 91' lang='lat' dir='ltr'><strong>ei</strong></span> <span class='ocrx_word' id='word_1_339' title='bbox 1574 1705 1693 1780; x_wconf 89' lang='lat' dir='ltr'><strong>tradit.</strong></span> <span class='ocrx_word' id='word_1_340' title='bbox 1743 1704 1878 1783; x_wconf 91' lang='lat' dir='ltr'><strong>Dicunt</strong></span> <span class='ocrx_word' id='word_1_341' title='bbox 1904 1727 2044 1800; x_wconf 92' lang='lat' dir='ltr'><strong>autem,</strong></span> <span class='ocrx_word' id='word_1_342' title='bbox 2070 1714 2280 1791; x_wconf 75' lang='lat' dir='ltr'><strong>Avieenran</strong></span> 
     </span>
     <span class='ocr_line' id='line_1_40' title="bbox 1292 1806 2285 1897; baseline 0.02 -22"><span class='ocrx_word' id='word_1_343' title='bbox 1292 1806 1519 1895; x_wconf 89' lang='lat' dir='ltr'><strong>singulariter</strong></span> <span class='ocrx_word' id='word_1_344' title='bbox 1532 1807 1744 1880; x_wconf 90' lang='lat' dir='ltr'><strong>delectatum</strong></span> <span class='ocrx_word' id='word_1_345' title='bbox 1760 1835 1834 1882; x_wconf 88' lang='lat' dir='ltr'><strong>esse</strong></span> <span class='ocrx_word' id='word_1_346' title='bbox 1848 1815 2001 1889; x_wconf 88' lang='lat' dir='ltr'><strong>lectione</strong></span> <span class='ocrx_word' id='word_1_347' title='bbox 2010 1814 2199 1897; x_wconf 82' lang='lat' dir='ltr'><strong>Euclidis.</strong></span> <span class='ocrx_word' id='word_1_348' title='bbox 2213 1828 2285 1895; x_wconf 81' lang='lat' dir='ltr'><strong>adeo</strong></span> 
     </span>
     <span class='ocr_line' id='line_1_41' title="bbox 1291 1900 2284 2015; baseline 0.019 -37"><span class='ocrx_word' id='word_1_349' title='bbox 1291 1924 1332 1982; x_wconf 90' lang='lat' dir='ltr'><strong>ut</strong></span> <span class='ocrx_word' id='word_1_350' title='bbox 1347 1905 1540 2001; x_wconf 83' lang='lat' dir='ltr'><strong>Epitomen</strong></span> <span class='ocrx_word' id='word_1_351' title='bbox 1562 1910 1600 1978; x_wconf 92' lang='lat' dir='ltr'><strong>in</strong></span> <span class='ocrx_word' id='word_1_352' title='bbox 1626 1905 1722 1983; x_wconf 91' lang='lat' dir='ltr'><strong>bunc</strong></span> <span class='ocrx_word' id='word_1_353' title='bbox 1744 1929 1903 1987; x_wconf 90' lang='lat' dir='ltr'><strong>autorem</strong></span> <span class='ocrx_word' id='word_1_354' title='bbox 1926 1900 2202 2015; x_wconf 75' lang='lat' dir='ltr'><strong>conscripserit.</strong></span> <span class='ocrx_word' id='word_1_355' title='bbox 2253 1927 2284 1999; x_wconf 89' lang='lat' dir='ltr'><strong>ln</strong></span> 
     </span>
     <span class='ocr_line' id='line_1_42' title="bbox 1293 2008 2283 2124; baseline 0.022 -42"><span class='ocrx_word' id='word_1_356' title='bbox 1293 2008 1360 2082; x_wconf 93' lang='lat' dir='ltr'><strong>hoc</strong></span> <span class='ocrx_word' id='word_1_357' title='bbox 1377 2036 1480 2082; x_wconf 91' lang='lat' dir='ltr'><strong>cursu</strong></span> <span class='ocrx_word' id='word_1_358' title='bbox 1498 2014 1700 2084; x_wconf 88' lang='lat' dir='ltr'><strong>studiorum</strong></span> <span class='ocrx_word' id='word_1_359' title='bbox 1717 2020 1809 2108; x_wconf 90' lang='lat' dir='ltr'><strong>apud</strong></span> <span class='ocrx_word' id='word_1_360' title='bbox 1828 2021 2066 2094; x_wconf 89' lang='lat' dir='ltr'><strong>domesticum</strong></span> <span class='ocrx_word' id='word_1_361' title='bbox 2093 2046 2283 2124; x_wconf 86' lang='lat' dir='ltr'><strong>praecepto·</strong></span> 
     </span>
     <span class='ocr_line' id='line_1_43' title="bbox 1293 2114 2281 2210; baseline 0.023 -25"><span class='ocrx_word' id='word_1_362' title='bbox 1293 2139 1367 2185; x_wconf 90' lang='lat' dir='ltr'><strong>rem</strong></span> <span class='ocrx_word' id='word_1_363' title='bbox 1393 2114 1551 2186; x_wconf 88' lang='lat' dir='ltr'><strong>substitit</strong></span> <span class='ocrx_word' id='word_1_364' title='bbox 1584 2140 1697 2210; x_wconf 89' lang='lat' dir='ltr'><strong>usque</strong></span> <span class='ocrx_word' id='word_1_365' title='bbox 1725 2122 1770 2189; x_wconf 92' lang='lat' dir='ltr'><strong>ad</strong></span> <span class='ocrx_word' id='word_1_366' title='bbox 1797 2146 1934 2194; x_wconf 91' lang='lat' dir='ltr'><strong>anuum</strong></span> <span class='ocrx_word' id='word_1_367' title='bbox 1960 2129 2094 2199; x_wconf 89' lang='lat' dir='ltr'><strong>aetatis</strong></span> <span class='ocrx_word' id='word_1_368' title='bbox 2122 2135 2281 2207; x_wconf 88' lang='lat' dir='ltr'><strong>decimum</strong></span> 
     </span>
     <span class='ocr_line' id='line_1_44' title="bbox 1293 2216 2324 2329; baseline 0.011 -43"><span class='ocrx_word' id='word_1_369' title='bbox 1293 2230 1470 2292; x_wconf 91' lang='lat' dir='ltr'><strong>octavum.</strong></span> <span class='ocrx_word' id='word_1_370' title='bbox 1522 2216 1627 2289; x_wconf 86' lang='lat' dir='ltr'><strong>Pater</strong></span> <span class='ocrx_word' id='word_1_371' title='bbox 1646 2245 1729 2290; x_wconf 90' lang='lat' dir='ltr'><strong>vero</strong></span> <span class='ocrx_word' id='word_1_372' title='bbox 1745 2220 1969 2314; x_wconf 85' lang='lat' dir='ltr'><strong>Avicennae,</strong></span> <span class='ocrx_word' id='word_1_373' title='bbox 2001 2232 2073 2324; x_wconf 90' lang='lat' dir='ltr'><strong>qui</strong></span> <span class='ocrx_word' id='word_1_374' title='bbox 2093 2236 2216 2329; x_wconf 72' lang='lat' dir='ltr'><strong>etipse</strong></span> <span class='ocrx_word' id='word_1_375' title='bbox 2233 2239 2280 2308; x_wconf 80' lang='lat' dir='ltr'><strong>in.</strong></span> <span class='ocrx_word' id='word_1_376' title='bbox 2322 2250 2324 2269; x_wconf 82' lang='lat'><strong>¹</strong></span> 
     </span>
     <span class='ocr_line' id='line_1_45' title="bbox 1292 2320 2277 2411; baseline 0.024 -22"><span class='ocrx_word' id='word_1_377' title='bbox 1292 2322 1396 2411; x_wconf 90' lang='lat' dir='ltr'><strong>genio</strong></span> <span class='ocrx_word' id='word_1_378' title='bbox 1420 2344 1570 2410; x_wconf 89' lang='lat' dir='ltr'><strong>magnus</strong></span> <span class='ocrx_word' id='word_1_379' title='bbox 1591 2320 1678 2408; x_wconf 89' lang='lat' dir='ltr'><strong>fuit,</strong></span> <span class='ocrx_word' id='word_1_380' title='bbox 1704 2325 1767 2398; x_wconf 91' lang='lat' dir='ltr'><strong>ubi</strong></span> <span class='ocrx_word' id='word_1_381' title='bbox 1789 2327 1829 2397; x_wconf 90' lang='lat' dir='ltr'><strong>in</strong></span> <span class='ocrx_word' id='word_1_382' title='bbox 1848 2329 1924 2400; x_wconf 90' lang='lat' dir='ltr'><strong>lilio</strong></span> <span class='ocrx_word' id='word_1_383' title='bbox 1946 2334 2201 2411; x_wconf 83' lang='lat' dir='ltr'><strong>animadvertit</strong></span> <span class='ocrx_word' id='word_1_384' title='bbox 2215 2343 2277 2411; x_wconf 86' lang='lat' dir='ltr'><strong>vim</strong></span> 
     </span>
     <span class='ocr_line' id='line_1_46' title="bbox 1293 2423 2277 2515; baseline 0.022 -22"><span class='ocrx_word' id='word_1_385' title='bbox 1293 2423 1426 2513; x_wconf 88' lang='lat' dir='ltr'><strong>ingenii</strong></span> <span class='ocrx_word' id='word_1_386' title='bbox 1444 2439 1477 2495; x_wconf 90' lang='lat' dir='ltr'><strong>et</strong></span> <span class='ocrx_word' id='word_1_387' title='bbox 1491 2424 1673 2496; x_wconf 88' lang='lat' dir='ltr'><strong>excitatam</strong></span> <span class='ocrx_word' id='word_1_388' title='bbox 1690 2444 1865 2512; x_wconf 88' lang='lat' dir='ltr'><strong>naturam,</strong></span> <span class='ocrx_word' id='word_1_389' title='bbox 1892 2434 2009 2507; x_wconf 87' lang='lat' dir='ltr'><strong>voluit</strong></span> <span class='ocrx_word' id='word_1_390' title='bbox 2024 2461 2115 2510; x_wconf 92' lang='lat' dir='ltr'><strong>eum</strong></span> <span class='ocrx_word' id='word_1_391' title='bbox 2126 2442 2163 2512; x_wconf 90' lang='lat' dir='ltr'><strong>iu</strong></span> <span class='ocrx_word' id='word_1_392' title='bbox 2174 2444 2277 2515; x_wconf 84' lang='lat' dir='ltr'><strong>aulam</strong></span> 
     </span>
     <span class='ocr_line' id='line_1_47' title="bbox 1291 2525 2278 2627; baseline 0.02 -29"><span class='ocrx_word' id='word_1_393' title='bbox 1291 2525 1402 2616; x_wconf 87' lang='lat' dir='ltr'><strong>Regia</strong></span> <span class='ocrx_word' id='word_1_394' title='bbox 1427 2525 1561 2596; x_wconf 89' lang='lat' dir='ltr'><strong>Persici</strong></span> <span class='ocrx_word' id='word_1_395' title='bbox 1587 2529 1749 2616; x_wconf 89' lang='lat' dir='ltr'><strong>tradere,</strong></span> <span class='ocrx_word' id='word_1_396' title='bbox 1792 2548 1827 2606; x_wconf 88' lang='lat' dir='ltr'><strong>et</strong></span> <span class='ocrx_word' id='word_1_397' title='bbox 1853 2551 2001 2627; x_wconf 89' lang='lat' dir='ltr'><strong>propter</strong></span> <span class='ocrx_word' id='word_1_398' title='bbox 2027 2544 2278 2618; x_wconf 85' lang='lat' dir='ltr'><strong>varietatemet</strong></span> 
     </span>
     <span class='ocr_line' id='line_1_48' title="bbox 1293 2629 2274 2721; baseline 0.025 -24"><span class='ocrx_word' id='word_1_399' title='bbox 1293 2629 1574 2719; x_wconf 88' lang='lat' dir='ltr'><strong>magnitudinem</strong></span> <span class='ocrx_word' id='word_1_400' title='bbox 1612 2634 1837 2721; x_wconf 88' lang='lat' dir='ltr'><strong>negotiorum</strong></span> <span class='ocrx_word' id='word_1_401' title='bbox 1880 2633 2030 2714; x_wconf 91' lang='lat' dir='ltr'><strong>haberet</strong></span> <span class='ocrx_word' id='word_1_402' title='bbox 2077 2650 2274 2721; x_wconf 77' lang='lat' dir='ltr'><strong>occasionem</strong></span> 
     </span>
     <span class='ocr_line' id='line_1_49' title="bbox 1292 2733 2271 2836; baseline 0.023 -35"><span class='ocrx_word' id='word_1_403' title='bbox 1292 2733 1477 2802; x_wconf 87' lang='lat' dir='ltr'><strong>exercendi</strong></span> <span class='ocrx_word' id='word_1_404' title='bbox 1502 2733 1652 2821; x_wconf 91' lang='lat' dir='ltr'><strong>ingenii:</strong></span> <span class='ocrx_word' id='word_1_405' title='bbox 1679 2739 1740 2806; x_wconf 90' lang='lat' dir='ltr'><strong>sed</strong></span> <span class='ocrx_word' id='word_1_406' title='bbox 1758 2738 1865 2825; x_wconf 86' lang='lat' dir='ltr'><strong>lilius,</strong></span> <span class='ocrx_word' id='word_1_407' title='bbox 1887 2744 1950 2836; x_wconf 94' lang='lat' dir='ltr'><strong>qui</strong></span> <span class='ocrx_word' id='word_1_408' title='bbox 1964 2747 2078 2820; x_wconf 90' lang='lat' dir='ltr'><strong>aulae</strong></span> <span class='ocrx_word' id='word_1_409' title='bbox 2098 2753 2271 2823; x_wconf 88' lang='lat' dir='ltr'><strong>studiano·</strong></span> 
     </span>
    </p>

    <p class='ocr_par' dir='ltr' id='par_1_9' title="bbox 1292 2834 2263 2935">
     <span class='ocr_line' id='line_1_50' title="bbox 1292 2834 2263 2935; baseline 0.022 -31"><span class='ocrx_word' id='word_1_410' title='bbox 1292 2849 1365 2919; x_wconf 84' lang='lat' dir='ltr'><strong>rat,</strong></span> <span class='ocrx_word' id='word_1_411' title='bbox 1393 2834 1557 2925; x_wconf 91' lang='lat' dir='ltr'><strong>precibus</strong></span> <span class='ocrx_word' id='word_1_412' title='bbox 1574 2849 1711 2925; x_wconf 84' lang='lat' dir='ltr'><strong>epatre</strong></span> <span class='ocrx_word' id='word_1_413' title='bbox 1732 2840 1955 2935; x_wconf 90' lang='lat' dir='ltr'><strong>impetravit,</strong></span> <span class='ocrx_word' id='word_1_414' title='bbox 1976 2862 2020 2920; x_wconf 86' lang='lat' dir='ltr'><strong>ut</strong></span> <span class='ocrx_word' id='word_1_415' title='bbox 2036 2850 2168 2925; x_wconf 90' lang='lat' dir='ltr'><strong>ocium</strong></span> <span class='ocrx_word' id='word_1_416' title='bbox 2184 2856 2263 2927; x_wconf 76' lang='lat' dir='ltr'><strong>addi</strong></span> 
     </span>
    </p>

    <p class='ocr_par' dir='ltr' id='par_1_10' title="bbox 1294 2938 2261 3049">
     <span class='ocr_line' id='line_1_51' title="bbox 1294 2938 2261 3049; baseline 0.026 -42"><span class='ocrx_word' id='word_1_417' title='bbox 1294 2939 1462 3007; x_wconf 92' lang='lat' dir='ltr'><strong>scendum</strong></span> <span class='ocrx_word' id='word_1_418' title='bbox 1480 2938 1548 3006; x_wconf 91' lang='lat' dir='ltr'><strong>sibi</strong></span> <span class='ocrx_word' id='word_1_419' title='bbox 1563 2943 1780 3017; x_wconf 87' lang='lat' dir='ltr'><strong>concederet.</strong></span> <span class='ocrx_word' id='word_1_420' title='bbox 1833 2945 1939 3019; x_wconf 90' lang='lat' dir='ltr'><strong>Pater</strong></span> <span class='ocrx_word' id='word_1_421' title='bbox 1952 2974 2065 3039; x_wconf 90' lang='lat' dir='ltr'><strong>vcro,</strong></span> <span class='ocrx_word' id='word_1_422' title='bbox 2093 2960 2164 3049; x_wconf 90' lang='lat' dir='ltr'><strong>qui</strong></span> <span class='ocrx_word' id='word_1_423' title='bbox 2179 2960 2261 3048; x_wconf 73' lang='lat' dir='ltr'><strong>etipt</strong></span> 
     </span>
    </p>

    <p class='ocr_par' dir='ltr' id='par_1_11' title="bbox 1292 3042 2269 3146">
     <span class='ocr_line' id='line_1_52' title="bbox 1292 3042 2269 3146; baseline 0.025 -35"><span class='ocrx_word' id='word_1_424' title='bbox 1292 3042 1532 3111; x_wconf 86' lang='lat' dir='ltr'><strong>delectabatur</strong></span> <span class='ocrx_word' id='word_1_425' title='bbox 1546 3042 1689 3130; x_wconf 89' lang='lat' dir='ltr'><strong>ingenio</strong></span> <span class='ocrx_word' id='word_1_426' title='bbox 1707 3045 1783 3127; x_wconf 86' lang='lat' dir='ltr'><strong>lilii,</strong></span> <span class='ocrx_word' id='word_1_427' title='bbox 1807 3048 1842 3118; x_wconf 92' lang='lat' dir='ltr'><strong>id</strong></span> <span class='ocrx_word' id='word_1_428' title='bbox 1860 3050 1928 3141; x_wconf 88' lang='lat' dir='ltr'><strong>ipsi</strong></span> <span class='ocrx_word' id='word_1_429' title='bbox 1944 3059 2145 3146; x_wconf 77' lang='lat' dir='ltr'><strong>concessit,</strong></span> <span class='ocrx_word' id='word_1_430' title='bbox 2160 3077 2269 3133; x_wconf 80' lang='lat' dir='ltr'><strong>etton-</strong></span> 
     </span>
    </p>

    <p class='ocr_par' dir='ltr' id='par_1_12' title="bbox 1291 3142 2268 3247">
     <span class='ocr_line' id='line_1_53' title="bbox 1291 3142 2268 3247; baseline 0.019 -36"><span class='ocrx_word' id='word_1_431' title='bbox 1291 3156 1409 3213; x_wconf 91' lang='lat' dir='ltr'><strong>meatu</strong></span> <span class='ocrx_word' id='word_1_432' title='bbox 1441 3143 1666 3215; x_wconf 81' lang='lat' dir='ltr'><strong>instructum·</strong></span> <span class='ocrx_word' id='word_1_433' title='bbox 1679 3142 1933 3223; x_wconf 80' lang='lat' dir='ltr'><strong>Alexandriam</strong></span> <span class='ocrx_word' id='word_1_434' title='bbox 1966 3160 2161 3247; x_wconf 85' lang='lat' dir='ltr'><strong>proficisci</strong></span> <span class='ocrx_word' id='word_1_435' title='bbox 2182 3164 2268 3236; x_wconf 80' lang='lat' dir='ltr'><strong>iussit:</strong></span> 
     </span>
    </p>

    <p class='ocr_par' dir='ltr' id='par_1_13' title="bbox 1289 3239 2291 4191">
     <span class='ocr_line' id='line_1_54' title="bbox 1291 3239 2274 3346; baseline 0.025 -29"><span class='ocrx_word' id='word_1_436' title='bbox 1291 3246 1354 3317; x_wconf 92' lang='lat' dir='ltr'><strong>ubi</strong></span> <span class='ocrx_word' id='word_1_437' title='bbox 1390 3239 1507 3319; x_wconf 89' lang='lat' dir='ltr'><strong>adhuc</strong></span> <span class='ocrx_word' id='word_1_438' title='bbox 1540 3261 1642 3318; x_wconf 91' lang='lat' dir='ltr'><strong>erant</strong></span> <span class='ocrx_word' id='word_1_439' title='bbox 1674 3252 1846 3346; x_wconf 89' lang='lat' dir='ltr'><strong>reliquiae</strong></span> <span class='ocrx_word' id='word_1_440' title='bbox 1877 3259 2006 3331; x_wconf 86' lang='lat' dir='ltr'><strong>veteris</strong></span> <span class='ocrx_word' id='word_1_441' title='bbox 2041 3266 2274 3339; x_wconf 74' lang='lat' dir='ltr'><strong>celeberrimas</strong></span> 
     </span>
     <span class='ocr_line' id='line_1_55' title="bbox 1291 3343 2278 3453; baseline 0.028 -36"><span class='ocrx_word' id='word_1_442' title='bbox 1291 3343 1451 3434; x_wconf 89' lang='lat' dir='ltr'><strong>scholae,</strong></span> <span class='ocrx_word' id='word_1_443' title='bbox 1478 3373 1568 3442; x_wconf 89' lang='lat' dir='ltr'><strong>quae</strong></span> <span class='ocrx_word' id='word_1_444' title='bbox 1589 3351 1656 3421; x_wconf 90' lang='lat' dir='ltr'><strong>sub</strong></span> <span class='ocrx_word' id='word_1_445' title='bbox 1669 3349 1893 3449; x_wconf 84' lang='lat' dir='ltr'><strong>Aegyptiacis</strong></span> <span class='ocrx_word' id='word_1_446' title='bbox 1911 3357 2083 3453; x_wconf 86' lang='lat' dir='ltr'><strong>Regibus</strong></span> <span class='ocrx_word' id='word_1_447' title='bbox 2110 3384 2150 3442; x_wconf 89' lang='lat' dir='ltr'><strong>et</strong></span> <span class='ocrx_word' id='word_1_448' title='bbox 2174 3370 2278 3443; x_wconf 75' lang='lat' dir='ltr'><strong>deinde</strong></span> 
     </span>
     <span class='ocr_line' id='line_1_56' title="bbox 1289 3448 2281 3546; baseline 0.02 -22"><span class='ocrx_word' id='word_1_449' title='bbox 1289 3448 1464 3524; x_wconf 85' lang='lat' dir='ltr'><strong>Romanis</strong></span> <span class='ocrx_word' id='word_1_450' title='bbox 1480 3455 1700 3544; x_wconf 89' lang='lat' dir='ltr'><strong>temporibus</strong></span> <span class='ocrx_word' id='word_1_451' title='bbox 1715 3460 1921 3532; x_wconf 90' lang='lat' dir='ltr'><strong>docentium</strong></span> <span class='ocrx_word' id='word_1_452' title='bbox 1937 3479 1973 3536; x_wconf 92' lang='lat' dir='ltr'><strong>et</strong></span> <span class='ocrx_word' id='word_1_453' title='bbox 1987 3466 2213 3546; x_wconf 88' lang='lat' dir='ltr'><strong>discentium</strong></span> <span class='ocrx_word' id='word_1_454' title='bbox 2225 3474 2281 3543; x_wconf 70' lang='lat' dir='ltr'><strong>ire</strong></span> 
     </span>
     <span class='ocr_line' id='line_1_57' title="bbox 1291 3553 2282 3659; baseline 0.028 -36"><span class='ocrx_word' id='word_1_455' title='bbox 1291 3555 1436 3648; x_wconf 88' lang='lat' dir='ltr'><strong>quentia</strong></span> <span class='ocrx_word' id='word_1_456' title='bbox 1460 3555 1593 3628; x_wconf 83' lang='lat' dir='ltr'><strong>floruit·</strong></span> <span class='ocrx_word' id='word_1_457' title='bbox 1642 3553 1722 3629; x_wconf 86' lang='lat' dir='ltr'><strong>Etsi</strong></span> <span class='ocrx_word' id='word_1_458' title='bbox 1738 3563 1834 3631; x_wconf 90' lang='lat' dir='ltr'><strong>enim</strong></span> <span class='ocrx_word' id='word_1_459' title='bbox 1858 3580 2005 3659; x_wconf 90' lang='lat' dir='ltr'><strong>propter</strong></span> <span class='ocrx_word' id='word_1_460' title='bbox 2019 3570 2282 3649; x_wconf 85' lang='lat' dir='ltr'><strong>Sarracenitun</strong></span> 
     </span>
     <span class='ocr_line' id='line_1_58' title="bbox 1291 3657 2284 3756; baseline 0.026 -31"><span class='ocrx_word' id='word_1_461' title='bbox 1291 3657 1491 3749; x_wconf 89' lang='lat' dir='ltr'><strong>imperium,</strong></span> <span class='ocrx_word' id='word_1_462' title='bbox 1513 3658 1581 3729; x_wconf 94' lang='lat' dir='ltr'><strong>iam</strong></span> <span class='ocrx_word' id='word_1_463' title='bbox 1594 3657 1751 3733; x_wconf 89' lang='lat' dir='ltr'><strong>Graecae</strong></span> <span class='ocrx_word' id='word_1_464' title='bbox 1766 3664 1909 3756; x_wconf 89' lang='lat' dir='ltr'><strong>linguae</strong></span> <span class='ocrx_word' id='word_1_465' title='bbox 1926 3694 2014 3742; x_wconf 91' lang='lat' dir='ltr'><strong>usus</strong></span> <span class='ocrx_word' id='word_1_466' title='bbox 2029 3699 2115 3748; x_wconf 91' lang='lat' dir='ltr'><strong>non</strong></span> <span class='ocrx_word' id='word_1_467' title='bbox 2129 3696 2207 3753; x_wconf 93' lang='lat' dir='ltr'><strong>erat</strong></span> <span class='ocrx_word' id='word_1_468' title='bbox 2219 3680 2284 3752; x_wconf 81' lang='lat' dir='ltr'><strong>sul-</strong></span> 
     </span>
     <span class='ocr_line' id='line_1_59' title="bbox 1290 3761 2285 3872; baseline 0.028 -45"><span class='ocrx_word' id='word_1_469' title='bbox 1290 3761 1402 3850; x_wconf 85' lang='lat' dir='ltr'><strong>garis,</strong></span> <span class='ocrx_word' id='word_1_470' title='bbox 1428 3776 1461 3831; x_wconf 90' lang='lat' dir='ltr'><strong>et</strong></span> <span class='ocrx_word' id='word_1_471' title='bbox 1482 3762 1693 3855; x_wconf 90' lang='lat' dir='ltr'><strong>squallidius</strong></span> <span class='ocrx_word' id='word_1_472' title='bbox 1717 3769 1950 3842; x_wconf 86' lang='lat' dir='ltr'><strong>tradebantur</strong></span> <span class='ocrx_word' id='word_1_473' title='bbox 1973 3800 2108 3852; x_wconf 91' lang='lat' dir='ltr'><strong>omnes</strong></span> <span class='ocrx_word' id='word_1_474' title='bbox 2134 3799 2285 3872; x_wconf 85' lang='lat' dir='ltr'><strong>artes,et</strong></span> 
     </span>
     <span class='ocr_line' id='line_1_60' title="bbox 1291 3863 2287 3975; baseline 0.029 -44"><span class='ocrx_word' id='word_1_475' title='bbox 1291 3863 1424 3933; x_wconf 89' lang='lat' dir='ltr'><strong>multae</strong></span> <span class='ocrx_word' id='word_1_476' title='bbox 1444 3866 1666 3957; x_wconf 88' lang='lat' dir='ltr'><strong>corruptelae</strong></span> <span class='ocrx_word' id='word_1_477' title='bbox 1688 3868 1862 3943; x_wconf 88' lang='lat' dir='ltr'><strong>doctrinis</strong></span> <span class='ocrx_word' id='word_1_478' title='bbox 1885 3878 2068 3952; x_wconf 84' lang='lat' dir='ltr'><strong>admixtae</strong></span> <span class='ocrx_word' id='word_1_479' title='bbox 2093 3901 2222 3975; x_wconf 86' lang='lat' dir='ltr'><strong>erant,</strong></span> <span class='ocrx_word' id='word_1_480' title='bbox 2244 3902 2287 3959; x_wconf 81' lang='lat' dir='ltr'><strong>ts·</strong></span> 
     </span>
     <span class='ocr_line' id='line_1_61' title="bbox 1290 3966 2289 4062; baseline 0.029 -28"><span class='ocrx_word' id='word_1_481' title='bbox 1290 3990 1370 4035; x_wconf 92' lang='lat' dir='ltr'><strong>men</strong></span> <span class='ocrx_word' id='word_1_482' title='bbox 1387 3966 1504 4036; x_wconf 91' lang='lat' dir='ltr'><strong>studia</strong></span> <span class='ocrx_word' id='word_1_483' title='bbox 1521 3970 1682 4039; x_wconf 92' lang='lat' dir='ltr'><strong>nondum</strong></span> <span class='ocrx_word' id='word_1_484' title='bbox 1699 3994 1845 4062; x_wconf 90' lang='lat' dir='ltr'><strong>prorsus</strong></span> <span class='ocrx_word' id='word_1_485' title='bbox 1860 3979 2133 4061; x_wconf 87' lang='lat' dir='ltr'><strong>conticuerant.</strong></span> <span class='ocrx_word' id='word_1_486' title='bbox 2169 3986 2289 4062; x_wconf 81' lang='lat' dir='ltr'><strong>Adbuc</strong></span> 
     </span>
     <span class='ocr_line' id='line_1_62' title="bbox 1289 4063 2291 4191; baseline 0.03 -54"><span class='ocrx_word' id='word_1_487' title='bbox 1289 4068 1340 4139; x_wconf 91' lang='lat' dir='ltr'><strong>ibi</strong></span> <span class='ocrx_word' id='word_1_488' title='bbox 1358 4063 1551 4143; x_wconf 90' lang='lat' dir='ltr'><strong>haerebant</strong></span> <span class='ocrx_word' id='word_1_489' title='bbox 1564 4071 1737 4166; x_wconf 87' lang='lat' dir='ltr'><strong>reliquiae</strong></span> <span class='ocrx_word' id='word_1_490' title='bbox 1750 4081 1924 4171; x_wconf 91' lang='lat' dir='ltr'><strong>quaedam</strong></span> <span class='ocrx_word' id='word_1_491' title='bbox 1939 4081 2093 4159; x_wconf 86' lang='lat' dir='ltr'><strong>illarum</strong></span> <span class='ocrx_word' id='word_1_492' title='bbox 2109 4096 2291 4191; x_wconf 80' lang='lat' dir='ltr'><strong>praecipue</strong></span> 
     </span>
    </p>
   </div>
   <div class='ocr_carea' id='block_1_9' title="bbox 236 4161 2291 5512">
    <p class='ocr_par' dir='ltr' id='par_1_14' title="bbox 236 4161 2291 5512">
     <span class='ocr_line' id='line_1_63' title="bbox 239 4161 2290 4287; baseline 0.016 -47"><span class='ocrx_word' id='word_1_493' title='bbox 239 4173 371 4240; x_wconf 87' lang='lat' dir='ltr'><strong>derunt</strong></span> <span class='ocrx_word' id='word_1_494' title='bbox 395 4167 609 4239; x_wconf 85' lang='lat' dir='ltr'><strong>recentiores</strong></span> <span class='ocrx_word' id='word_1_495' title='bbox 634 4161 792 4251; x_wconf 87' lang='lat' dir='ltr'><strong>Arabes,</strong></span> <span class='ocrx_word' id='word_1_496' title='bbox 826 4189 917 4259; x_wconf 90' lang='lat' dir='ltr'><strong>quae</strong></span> <span class='ocrx_word' id='word_1_497' title='bbox 941 4163 1088 4237; x_wconf 89' lang='lat' dir='ltr'><strong>Graecis</strong></span> <span class='ocrx_word' id='word_1_498' title='bbox 1117 4166 1236 4257; x_wconf 86' lang='lat' dir='ltr'><strong>ignota</strong></span> <span class='ocrx_word' id='word_1_499' title='bbox 1289 4172 1439 4257; x_wconf 91' lang='lat' dir='ltr'><strong>artium,</strong></span> <span class='ocrx_word' id='word_1_500' title='bbox 1466 4172 1597 4268; x_wconf 90' lang='lat' dir='ltr'><strong>quibus</strong></span> <span class='ocrx_word' id='word_1_501' title='bbox 1612 4176 1683 4246; x_wconf 91' lang='lat' dir='ltr'><strong>vita</strong></span> <span class='ocrx_word' id='word_1_502' title='bbox 1700 4172 1857 4253; x_wconf 91' lang='lat' dir='ltr'><strong>humana</strong></span> <span class='ocrx_word' id='word_1_503' title='bbox 1870 4206 1989 4256; x_wconf 85' lang='lat' dir='ltr'><strong>carere</strong></span> <span class='ocrx_word' id='word_1_504' title='bbox 2005 4213 2085 4262; x_wconf 92' lang='lat' dir='ltr'><strong>non</strong></span> <span class='ocrx_word' id='word_1_505' title='bbox 2102 4210 2237 4287; x_wconf 80' lang='lat' dir='ltr'><strong>potest,</strong></span> <span class='ocrx_word' id='word_1_506' title='bbox 2257 4210 2290 4269; x_wconf 87' lang='lat' dir='ltr'><strong>nt</strong></span> 
     </span>
     <span class='ocr_line' id='line_1_64' title="bbox 239 4268 2290 4399; baseline 0.016 -56"><span class='ocrx_word' id='word_1_507' title='bbox 239 4275 402 4343; x_wconf 84' lang='lat' dir='ltr'><strong>luerunt:</strong></span> <span class='ocrx_word' id='word_1_508' title='bbox 430 4294 501 4364; x_wconf 91' lang='lat' dir='ltr'><strong>qua</strong></span> <span class='ocrx_word' id='word_1_509' title='bbox 516 4270 554 4339; x_wconf 92' lang='lat' dir='ltr'><strong>in</strong></span> <span class='ocrx_word' id='word_1_510' title='bbox 572 4294 610 4339; x_wconf 89' lang='lat' dir='ltr'><strong>re</strong></span> <span class='ocrx_word' id='word_1_511' title='bbox 627 4283 661 4339; x_wconf 93' lang='lat' dir='ltr'><strong>et</strong></span> <span class='ocrx_word' id='word_1_512' title='bbox 677 4271 721 4339; x_wconf 90' lang='lat' dir='ltr'><strong>ab</strong></span> <span class='ocrx_word' id='word_1_513' title='bbox 738 4269 813 4360; x_wconf 90' lang='lat' dir='ltr'><strong>ipsa</strong></span> <span class='ocrx_word' id='word_1_514' title='bbox 828 4268 1014 4358; x_wconf 90' lang='lat' dir='ltr'><strong>regionum</strong></span> <span class='ocrx_word' id='word_1_515' title='bbox 1032 4282 1171 4354; x_wconf 89' lang='lat' dir='ltr'><strong>natura,</strong></span> <span class='ocrx_word' id='word_1_516' title='bbox 1197 4270 1236 4338; x_wconf 93' lang='lat' dir='ltr'><strong>in</strong></span> <span class='ocrx_word' id='word_1_517' title='bbox 1290 4273 1493 4346; x_wconf 89' lang='lat' dir='ltr'><strong>Medicinae</strong></span> <span class='ocrx_word' id='word_1_518' title='bbox 1524 4289 1559 4346; x_wconf 92' lang='lat' dir='ltr'><strong>et</strong></span> <span class='ocrx_word' id='word_1_519' title='bbox 1583 4272 1824 4372; x_wconf 85' lang='lat' dir='ltr'><strong>Astrologiae:</strong></span> <span class='ocrx_word' id='word_1_520' title='bbox 1865 4287 2002 4360; x_wconf 90' lang='lat' dir='ltr'><strong>malitia</strong></span> <span class='ocrx_word' id='word_1_521' title='bbox 2027 4308 2155 4369; x_wconf 89' lang='lat' dir='ltr'><strong>antem</strong></span> <span class='ocrx_word' id='word_1_522' title='bbox 2183 4282 2290 4399; x_wconf 78' lang='lat' dir='ltr'><strong>gentis</strong></span> 
     </span>
     <span class='ocr_line' id='line_1_65' title="bbox 239 4371 2290 4477; baseline 0.017 -32"><span class='ocrx_word' id='word_1_523' title='bbox 239 4376 369 4470; x_wconf 90' lang='lat' dir='ltr'><strong>quibus</strong></span> <span class='ocrx_word' id='word_1_524' title='bbox 399 4375 562 4457; x_wconf 85' lang='lat' dir='ltr'><strong>fuerunt,</strong></span> <span class='ocrx_word' id='word_1_525' title='bbox 595 4373 698 4443; x_wconf 89' lang='lat' dir='ltr'><strong>multi</strong></span> <span class='ocrx_word' id='word_1_526' title='bbox 725 4371 838 4442; x_wconf 90' lang='lat' dir='ltr'><strong>adiuti</strong></span> <span class='ocrx_word' id='word_1_527' title='bbox 864 4383 961 4442; x_wconf 89' lang='lat' dir='ltr'><strong>sunt.</strong></span> <span class='ocrx_word' id='word_1_528' title='bbox 1020 4371 1112 4444; x_wconf 91' lang='lat' dir='ltr'><strong>Sunt</strong></span> <span class='ocrx_word' id='word_1_529' title='bbox 1140 4373 1236 4443; x_wconf 89' lang='lat' dir='ltr'><strong>enim</strong></span> <span class='ocrx_word' id='word_1_530' title='bbox 1289 4375 1539 4465; x_wconf 77' lang='lat' dir='ltr'><strong>sarracenicae</strong></span> <span class='ocrx_word' id='word_1_531' title='bbox 1553 4391 1703 4473; x_wconf 90' lang='lat' dir='ltr'><strong>utraque</strong></span> <span class='ocrx_word' id='word_1_532' title='bbox 1720 4383 1847 4459; x_wconf 89' lang='lat' dir='ltr'><strong>misera</strong></span> <span class='ocrx_word' id='word_1_533' title='bbox 1864 4404 1939 4461; x_wconf 89' lang='lat' dir='ltr'><strong>erat</strong></span> <span class='ocrx_word' id='word_1_534' title='bbox 1954 4392 2179 4477; x_wconf 82' lang='lat' dir='ltr'><strong>deformata.</strong></span> <span class='ocrx_word' id='word_1_535' title='bbox 2230 4402 2290 4477; x_wconf 82' lang='lat' dir='ltr'><strong>Pro</strong></span> 
     </span>
     <span class='ocr_line' id='line_1_66' title="bbox 237 4470 2291 4581; baseline 0.016 -31"><span class='ocrx_word' id='word_1_536' title='bbox 237 4477 472 4550; x_wconf 83' lang='lat' dir='ltr'><strong>ferocissimae</strong></span> <span class='ocrx_word' id='word_1_537' title='bbox 487 4475 727 4544; x_wconf 90' lang='lat' dir='ltr'><strong>remediorum</strong></span> <span class='ocrx_word' id='word_1_538' title='bbox 743 4472 859 4569; x_wconf 87' lang='lat' dir='ltr'><strong>Syria,</strong></span> <span class='ocrx_word' id='word_1_539' title='bbox 876 4470 1022 4560; x_wconf 88' lang='lat' dir='ltr'><strong>Arabia,</strong></span> <span class='ocrx_word' id='word_1_540' title='bbox 1044 4472 1237 4572; x_wconf 84' lang='lat' dir='ltr'><strong>Aegyptus,</strong></span> <span class='ocrx_word' id='word_1_541' title='bbox 1293 4478 1471 4550; x_wconf 90' lang='lat' dir='ltr'><strong>Medicina</strong></span> <span class='ocrx_word' id='word_1_542' title='bbox 1506 4479 1602 4549; x_wconf 89' lang='lat' dir='ltr'><strong>enim</strong></span> <span class='ocrx_word' id='word_1_543' title='bbox 1630 4482 1846 4559; x_wconf 88' lang='lat' dir='ltr'><strong>ineruditam</strong></span> <span class='ocrx_word' id='word_1_544' title='bbox 1872 4505 1906 4563; x_wconf 89' lang='lat' dir='ltr'><strong>et</strong></span> <span class='ocrx_word' id='word_1_545' title='bbox 1928 4496 2198 4577; x_wconf 84' lang='lat' dir='ltr'><strong>confusaneam</strong></span> <span class='ocrx_word' id='word_1_546' title='bbox 2220 4532 2291 4581; x_wconf 75' lang='grc' dir='ltr'><strong>ωι-</strong></span> 
     </span>
     <span class='ocr_line' id='line_1_67' title="bbox 236 4572 2043 4676; baseline 0.009 -24"><span class='ocrx_word' id='word_1_547' title='bbox 236 4578 442 4676; x_wconf 90' lang='lat' dir='ltr'><strong>Cyrenaica,</strong></span> <span class='ocrx_word' id='word_1_548' title='bbox 464 4575 601 4662; x_wconf 84' lang='lat' dir='ltr'><strong>Africa,</strong></span> <span class='ocrx_word' id='word_1_549' title='bbox 626 4575 817 4669; x_wconf 88' lang='lat' dir='ltr'><strong>Hispania:</strong></span> <span class='ocrx_word' id='word_1_550' title='bbox 844 4591 879 4649; x_wconf 92' lang='lat' dir='ltr'><strong>et</strong></span> <span class='ocrx_word' id='word_1_551' title='bbox 896 4572 980 4648; x_wconf 89' lang='lat' dir='ltr'><strong>haec</strong></span> <span class='ocrx_word' id='word_1_552' title='bbox 996 4579 1141 4671; x_wconf 91' lang='lat' dir='ltr'><strong>quidem</strong></span> <span class='ocrx_word' id='word_1_553' title='bbox 1159 4580 1236 4648; x_wconf 92' lang='lat' dir='ltr'><strong>loca</strong></span> <span class='ocrx_word' id='word_1_554' title='bbox 1289 4583 1527 4654; x_wconf 86' lang='lat' dir='ltr'><strong>cervatiunem</strong></span> <span class='ocrx_word' id='word_1_555' title='bbox 1543 4585 1865 4676; x_wconf 82' lang='lat' dir='ltr'><strong>experimentorum</strong></span> <span class='ocrx_word' id='word_1_556' title='bbox 1880 4597 2043 4672; x_wconf 88' lang='lat' dir='ltr'><strong>tradidit.</strong></span> 
     </span>
     <span class='ocr_line' id='line_1_68' title="bbox 239 4678 2290 4789; baseline 0.018 -35"><span class='ocrx_word' id='word_1_557' title='bbox 239 4684 500 4776; x_wconf 86' lang='lat' dir='ltr'><strong>perlustrarent</strong></span> <span class='ocrx_word' id='word_1_558' title='bbox 522 4678 669 4750; x_wconf 89' lang='lat' dir='ltr'><strong>Arabici</strong></span> <span class='ocrx_word' id='word_1_559' title='bbox 698 4679 886 4770; x_wconf 90' lang='lat' dir='ltr'><strong>scriptores</strong></span> <span class='ocrx_word' id='word_1_560' title='bbox 915 4681 1054 4767; x_wconf 91' lang='lat' dir='ltr'><strong>omnia,</strong></span> <span class='ocrx_word' id='word_1_561' title='bbox 1091 4696 1124 4752; x_wconf 89' lang='lat' dir='ltr'><strong>et</strong></span> <span class='ocrx_word' id='word_1_562' title='bbox 1151 4704 1237 4772; x_wconf 91' lang='lat' dir='ltr'><strong>gens</strong></span> <span class='ocrx_word' id='word_1_563' title='bbox 1390 4683 1461 4755; x_wconf 93' lang='lat' dir='ltr'><strong>Pro</strong></span> <span class='ocrx_word' id='word_1_564' title='bbox 1483 4679 1732 4777; x_wconf 86' lang='lat' dir='ltr'><strong>Astronomia,</strong></span> <span class='ocrx_word' id='word_1_565' title='bbox 1758 4718 1849 4787; x_wconf 91' lang='lat' dir='ltr'><strong>quae</strong></span> <span class='ocrx_word' id='word_1_566' title='bbox 1872 4713 1989 4770; x_wconf 89' lang='lat' dir='ltr'><strong>motus</strong></span> <span class='ocrx_word' id='word_1_567' title='bbox 2010 4708 2194 4787; x_wconf 85' lang='lat' dir='ltr'><strong>coelestes</strong></span> <span class='ocrx_word' id='word_1_568' title='bbox 2208 4730 2290 4789; x_wconf 78' lang='lat' dir='ltr'><strong>cestr</strong></span> 
     </span>
     <span class='ocr_line' id='line_1_69' title="bbox 239 4778 2291 4891; baseline 0.014 -38"><span class='ocrx_word' id='word_1_569' title='bbox 239 4787 352 4856; x_wconf 89' lang='lat' dir='ltr'><strong>valuit</strong></span> <span class='ocrx_word' id='word_1_570' title='bbox 364 4784 529 4854; x_wconf 90' lang='lat' dir='ltr'><strong>acumine</strong></span> <span class='ocrx_word' id='word_1_571' title='bbox 544 4780 781 4872; x_wconf 91' lang='lat' dir='ltr'><strong>ingeniorum,</strong></span> <span class='ocrx_word' id='word_1_572' title='bbox 804 4796 840 4854; x_wconf 88' lang='lat' dir='ltr'><strong>et</strong></span> <span class='ocrx_word' id='word_1_573' title='bbox 856 4778 942 4854; x_wconf 90' lang='lat' dir='ltr'><strong>huic</strong></span> <span class='ocrx_word' id='word_1_574' title='bbox 958 4784 1024 4854; x_wconf 78' lang='lat' dir='ltr'><strong>arni</strong></span> <span class='ocrx_word' id='word_1_575' title='bbox 1038 4783 1157 4854; x_wconf 90' lang='lat' dir='ltr'><strong>studio</strong></span> <span class='ocrx_word' id='word_1_576' title='bbox 1173 4785 1237 4853; x_wconf 88' lang='lat' dir='ltr'><strong>de·</strong></span> <span class='ocrx_word' id='word_1_577' title='bbox 1289 4786 1425 4858; x_wconf 88' lang='lat' dir='ltr'><strong>ratione</strong></span> <span class='ocrx_word' id='word_1_578' title='bbox 1440 4789 1606 4870; x_wconf 91' lang='lat' dir='ltr'><strong>metitur,</strong></span> <span class='ocrx_word' id='word_1_579' title='bbox 1633 4806 1665 4862; x_wconf 90' lang='lat' dir='ltr'><strong>et</strong></span> <span class='ocrx_word' id='word_1_580' title='bbox 1679 4799 1967 4886; x_wconf 88' lang='lat' dir='ltr'><strong>apparentiarum</strong></span> <span class='ocrx_word' id='word_1_581' title='bbox 1981 4808 2205 4889; x_wconf 81' lang='lat' dir='ltr'><strong>coelestium</strong></span> <span class='ocrx_word' id='word_1_582' title='bbox 2219 4820 2291 4891; x_wconf 61' lang='lat' dir='ltr'><strong>eeu.</strong></span> 
     </span>
     <span class='ocr_line' id='line_1_70' title="bbox 238 4885 2290 5002; baseline 0.012 -45"><span class='ocrx_word' id='word_1_583' title='bbox 238 4889 312 4959; x_wconf 91' lang='lat' dir='ltr'><strong>dita</strong></span> <span class='ocrx_word' id='word_1_584' title='bbox 335 4886 419 4967; x_wconf 86' lang='lat' dir='ltr'><strong>luit,</strong></span> <span class='ocrx_word' id='word_1_585' title='bbox 453 4887 549 4980; x_wconf 91' lang='lat' dir='ltr'><strong>quod</strong></span> <span class='ocrx_word' id='word_1_586' title='bbox 573 4885 719 4978; x_wconf 88' lang='lat' dir='ltr'><strong>quidem</strong></span> <span class='ocrx_word' id='word_1_587' title='bbox 744 4909 763 4953; x_wconf 91' lang='lat' dir='ltr'><strong>a</strong></span> <span class='ocrx_word' id='word_1_588' title='bbox 787 4888 1035 4961; x_wconf 87' lang='lat' dir='ltr'><strong>vetustissimis</strong></span> <span class='ocrx_word' id='word_1_589' title='bbox 1061 4886 1234 4977; x_wconf 87' lang='lat' dir='ltr'><strong>patribus,</strong></span> <span class='ocrx_word' id='word_1_590' title='bbox 1289 4912 1343 4959; x_wconf 88' lang='lat' dir='ltr'><strong>sas</strong></span> <span class='ocrx_word' id='word_1_591' title='bbox 1363 4903 1396 4960; x_wconf 93' lang='lat' dir='ltr'><strong>et</strong></span> <span class='ocrx_word' id='word_1_592' title='bbox 1418 4889 1562 4961; x_wconf 87' lang='lat' dir='ltr'><strong>effectus</strong></span> <span class='ocrx_word' id='word_1_593' title='bbox 1586 4891 1755 4987; x_wconf 91' lang='lat' dir='ltr'><strong>inquirit,</strong></span> <span class='ocrx_word' id='word_1_594' title='bbox 1782 4903 1970 4975; x_wconf 90' lang='lat' dir='ltr'><strong>manticam</strong></span> <span class='ocrx_word' id='word_1_595' title='bbox 1988 4919 2186 5002; x_wconf 71' lang='lat' dir='ltr'><strong>quandam</strong></span> <span class='ocrx_word' id='word_1_596' title='bbox 2230 4898 2290 4993; x_wconf 56' lang='lat' dir='ltr'><strong>iim</strong></span> 
     </span>
     <span class='ocr_line' id='line_1_71' title="bbox 238 4976 2207 5095; baseline 0.015 -35"><span class='ocrx_word' id='word_1_597' title='bbox 238 5015 257 5060; x_wconf 90' lang='lat' dir='ltr'><strong>a</strong></span> <span class='ocrx_word' id='word_1_598' title='bbox 275 4987 340 5060; x_wconf 92' lang='lat' dir='ltr'><strong>lob</strong></span> <span class='ocrx_word' id='word_1_599' title='bbox 356 5003 390 5061; x_wconf 90' lang='lat' dir='ltr'><strong>et</strong></span> <span class='ocrx_word' id='word_1_600' title='bbox 402 4988 583 5057; x_wconf 88' lang='lat' dir='ltr'><strong>similibus</strong></span> <span class='ocrx_word' id='word_1_601' title='bbox 599 5003 817 5079; x_wconf 90' lang='lat' dir='ltr'><strong>acceperuut.</strong></span> <span class='ocrx_word' id='word_1_602' title='bbox 861 4985 920 5060; x_wconf 84' lang='lat' dir='ltr'><strong>&#39;Et</strong></span> <span class='ocrx_word' id='word_1_603' title='bbox 935 5011 1140 5082; x_wconf 91' lang='lat' dir='ltr'><strong>quanquam</strong></span> <span class='ocrx_word' id='word_1_604' title='bbox 1160 4989 1236 5079; x_wconf 90' lang='lat' dir='ltr'><strong>ple·</strong></span> <span class='ocrx_word' id='word_1_605' title='bbox 1288 4991 1459 5079; x_wconf 88' lang='lat' dir='ltr'><strong>magicam</strong></span> <span class='ocrx_word' id='word_1_606' title='bbox 1476 4993 1724 5067; x_wconf 90' lang='lat' dir='ltr'><strong>divinatricem</strong></span> <span class='ocrx_word' id='word_1_607' title='bbox 1743 5004 1912 5091; x_wconf 92' lang='lat' dir='ltr'><strong>protulit,</strong></span> <span class='ocrx_word' id='word_1_608' title='bbox 1937 5005 2047 5083; x_wconf 92' lang='lat' dir='ltr'><strong>Unde</strong></span> <span class='ocrx_word' id='word_1_609' title='bbox 2075 4976 2207 5095; x_wconf 50' lang='lat' dir='ltr'><strong>buius,</strong></span> 
     </span>
     <span class='ocr_line' id='line_1_72' title="bbox 237 5050 2290 5203; baseline 0.014 -41"><span class='ocrx_word' id='word_1_610' title='bbox 237 5093 340 5186; x_wconf 88' lang='lat' dir='ltr'><strong>rique</strong></span> <span class='ocrx_word' id='word_1_611' title='bbox 356 5092 485 5163; x_wconf 89' lang='lat' dir='ltr'><strong>multas</strong></span> <span class='ocrx_word' id='word_1_612' title='bbox 498 5088 715 5180; x_wconf 90' lang='lat' dir='ltr'><strong>corruptelas</strong></span> <span class='ocrx_word' id='word_1_613' title='bbox 729 5091 797 5161; x_wconf 89' lang='lat' dir='ltr'><strong>arti</strong></span> <span class='ocrx_word' id='word_1_614' title='bbox 809 5092 1088 5172; x_wconf 88' lang='lat' dir='ltr'><strong>admiscuerunt,</strong></span> <span class='ocrx_word' id='word_1_615' title='bbox 1116 5104 1236 5162; x_wconf 91' lang='lat' dir='ltr'><strong>tamen</strong></span> <span class='ocrx_word' id='word_1_616' title='bbox 1289 5092 1333 5162; x_wconf 88' lang='lat' dir='ltr'><strong>tis</strong></span> <span class='ocrx_word' id='word_1_617' title='bbox 1348 5093 1539 5166; x_wconf 89' lang='lat' dir='ltr'><strong>immanem</strong></span> <span class='ocrx_word' id='word_1_618' title='bbox 1557 5099 1741 5172; x_wconf 83' lang='lat' dir='ltr'><strong>saevitiam</strong></span> <span class='ocrx_word' id='word_1_619' title='bbox 1756 5105 1953 5179; x_wconf 89' lang='lat' dir='ltr'><strong>diabolicae</strong></span> <span class='ocrx_word' id='word_1_620' title='bbox 1966 5119 2134 5195; x_wconf 79' lang='lat' dir='ltr'><strong>astutiae</strong></span> <span class='ocrx_word' id='word_1_621' title='bbox 2149 5050 2290 5203; x_wconf 55' lang='lat' dir='ltr'><strong>tonffi</strong></span> 
     </span>
     <span class='ocr_line' id='line_1_73' title="bbox 237 5187 2288 5305; baseline 0.012 -40"><span class='ocrx_word' id='word_1_622' title='bbox 237 5220 341 5265; x_wconf 90' lang='lat' dir='ltr'><strong>nemo</strong></span> <span class='ocrx_word' id='word_1_623' title='bbox 359 5219 401 5264; x_wconf 84' lang='lat' dir='ltr'><strong>ex</strong></span> <span class='ocrx_word' id='word_1_624' title='bbox 420 5193 589 5263; x_wconf 90' lang='lat' dir='ltr'><strong>omnibus</strong></span> <span class='ocrx_word' id='word_1_625' title='bbox 603 5187 769 5262; x_wconf 91' lang='lat' dir='ltr'><strong>Arabicis</strong></span> <span class='ocrx_word' id='word_1_626' title='bbox 788 5193 1021 5282; x_wconf 88' lang='lat' dir='ltr'><strong>scriptoribus</strong></span> <span class='ocrx_word' id='word_1_627' title='bbox 1037 5209 1149 5264; x_wconf 90' lang='lat' dir='ltr'><strong>artem</strong></span> <span class='ocrx_word' id='word_1_628' title='bbox 1168 5217 1235 5286; x_wconf 91' lang='lat' dir='ltr'><strong>pu-</strong></span> <span class='ocrx_word' id='word_1_629' title='bbox 1287 5209 1379 5265; x_wconf 90' lang='lat' dir='ltr'><strong>ctam</strong></span> <span class='ocrx_word' id='word_1_630' title='bbox 1395 5198 1516 5268; x_wconf 89' lang='lat' dir='ltr'><strong>videre</strong></span> <span class='ocrx_word' id='word_1_631' title='bbox 1537 5199 1634 5270; x_wconf 88' lang='lat' dir='ltr'><strong>licet:</strong></span> <span class='ocrx_word' id='word_1_632' title='bbox 1658 5228 1841 5298; x_wconf 89' lang='lat' dir='ltr'><strong>quaecum</strong></span> <span class='ocrx_word' id='word_1_633' title='bbox 1859 5233 1934 5280; x_wconf 89' lang='lat' dir='ltr'><strong>nou</strong></span> <span class='ocrx_word' id='word_1_634' title='bbox 1950 5234 2075 5305; x_wconf 82' lang='lat' dir='ltr'><strong>posset</strong></span> <span class='ocrx_word' id='word_1_635' title='bbox 2094 5226 2137 5298; x_wconf 91' lang='lat' dir='ltr'><strong>in</strong></span> <span class='ocrx_word' id='word_1_636' title='bbox 2155 5234 2288 5305; x_wconf 81' lang='lat' dir='ltr'><strong>unirer.</strong></span> 
     </span>
     <span class='ocr_line' id='line_1_74' title="bbox 237 5291 2085 5395; baseline 0.016 -29"><span class='ocrx_word' id='word_1_637' title='bbox 237 5298 312 5371; x_wconf 86' lang='lat' dir='ltr'><strong>rius</strong></span> <span class='ocrx_word' id='word_1_638' title='bbox 334 5299 412 5388; x_wconf 90' lang='lat' dir='ltr'><strong>ipso</strong></span> <span class='ocrx_word' id='word_1_639' title='bbox 437 5294 619 5366; x_wconf 87' lang='lat' dir='ltr'><strong>Avicenna</strong></span> <span class='ocrx_word' id='word_1_640' title='bbox 640 5295 800 5368; x_wconf 89' lang='lat' dir='ltr'><strong>tradidit.</strong></span> <span class='ocrx_word' id='word_1_641' title='bbox 852 5291 902 5366; x_wconf 90' lang='lat' dir='ltr'><strong>Ut</strong></span> <span class='ocrx_word' id='word_1_642' title='bbox 923 5293 1043 5389; x_wconf 89' lang='lat' dir='ltr'><strong>itaque</strong></span> <span class='ocrx_word' id='word_1_643' title='bbox 1068 5295 1235 5368; x_wconf 90' lang='lat' dir='ltr'><strong>studiosis</strong></span> <span class='ocrx_word' id='word_1_644' title='bbox 1287 5321 1367 5368; x_wconf 85' lang='lat' dir='ltr'><strong>sum</strong></span> <span class='ocrx_word' id='word_1_645' title='bbox 1384 5312 1477 5370; x_wconf 91' lang='lat' dir='ltr'><strong>artes</strong></span> <span class='ocrx_word' id='word_1_646' title='bbox 1490 5302 1635 5387; x_wconf 80' lang='lat' dir='ltr'><strong>tollere,</strong></span> <span class='ocrx_word' id='word_1_647' title='bbox 1664 5319 1781 5379; x_wconf 87' lang='lat' dir='ltr'><strong>tamen</strong></span> <span class='ocrx_word' id='word_1_648' title='bbox 1799 5312 1845 5382; x_wconf 90' lang='lat' dir='ltr'><strong>ita</strong></span> <span class='ocrx_word' id='word_1_649' title='bbox 1862 5314 2085 5395; x_wconf 85' lang='lat' dir='ltr'><strong>deformavit</strong></span> 
     </span>
     <span class='ocr_line' id='line_1_75' title="bbox 239 5380 2283 5512; baseline 0.016 -42"><span class='ocrx_word' id='word_1_650' title='bbox 239 5398 458 5470; x_wconf 87' lang='lat' dir='ltr'><strong>Avicennam</strong></span> <span class='ocrx_word' id='word_1_651' title='bbox 486 5399 752 5482; x_wconf 87' lang='lat' dir='ltr'><strong>commendem,</strong></span> <span class='ocrx_word' id='word_1_652' title='bbox 788 5396 936 5468; x_wconf 88' lang='lat' dir='ltr'><strong>recitare</strong></span> <span class='ocrx_word' id='word_1_653' title='bbox 962 5398 1039 5470; x_wconf 92' lang='lat' dir='ltr'><strong>eius</strong></span> <span class='ocrx_word' id='word_1_654' title='bbox 1066 5400 1174 5471; x_wconf 88' lang='lat' dir='ltr'><strong>vitam</strong></span> <span class='ocrx_word' id='word_1_655' title='bbox 1202 5412 1236 5470; x_wconf 92' lang='lat' dir='ltr'><strong>et</strong></span> <span class='ocrx_word' id='word_1_656' title='bbox 1389 5397 1479 5473; x_wconf 80' lang='lat' dir='ltr'><strong>Erat</strong></span> <span class='ocrx_word' id='word_1_657' title='bbox 1508 5403 1585 5474; x_wconf 88' lang='lat' dir='ltr'><strong>istis</strong></span> <span class='ocrx_word' id='word_1_658' title='bbox 1613 5412 1833 5502; x_wconf 86' lang='lat' dir='ltr'><strong>temporibus</strong></span> <span class='ocrx_word' id='word_1_659' title='bbox 1855 5380 2109 5502; x_wconf 72' lang='lat' dir='ltr'><strong>Alexandriae</strong></span> <span class='ocrx_word' id='word_1_660' title='bbox 2141 5440 2283 5512; x_wconf 65' lang='lat' dir='ltr'><strong>medicos</strong></span> 
     </span>
    </p>
   </div>
   <div class='ocr_carea' id='block_1_10' title="bbox 236 5493 2282 5617">
    <p class='ocr_par' dir='ltr' id='par_1_15' title="bbox 236 5493 2282 5617">
     <span class='ocr_line' id='line_1_76' title="bbox 236 5493 2282 5617; baseline 0.005 -36"><span class='ocrx_word' id='word_1_661' title='bbox 236 5503 352 5574; x_wconf 88' lang='lat' dir='ltr'><strong>studia</strong></span> <span class='ocrx_word' id='word_1_662' title='bbox 369 5499 521 5573; x_wconf 75' lang='lat' dir='ltr'><strong>decrevi·</strong></span> <span class='ocrx_word' id='word_1_663' title='bbox 1286 5493 1410 5591; x_wconf 82' lang='lat' dir='ltr'><strong>Rasis,</strong></span> <span class='ocrx_word' id='word_1_664' title='bbox 1436 5505 1499 5600; x_wconf 88' lang='lat' dir='ltr'><strong>qui</strong></span> <span class='ocrx_word' id='word_1_665' title='bbox 1516 5521 1671 5581; x_wconf 87' lang='lat' dir='ltr'><strong>caeteros</strong></span> <span class='ocrx_word' id='word_1_666' title='bbox 1687 5527 1721 5585; x_wconf 91' lang='lat' dir='ltr'><strong>et</strong></span> <span class='ocrx_word' id='word_1_667' title='bbox 1736 5514 1952 5594; x_wconf 88' lang='lat' dir='ltr'><strong>doctriua&#39;ct</strong></span> <span class='ocrx_word' id='word_1_668' title='bbox 1963 5529 2148 5610; x_wconf 63' lang='lat' dir='ltr'><strong>medendi</strong></span> <span class='ocrx_word' id='word_1_669' title='bbox 2164 5541 2282 5617; x_wconf 49' lang='grc' dir='ltr'><strong>ΜΗ,</strong></span> 
     </span>
    </p>
   </div>
   <div class='ocr_carea' id='block_1_11' title="bbox 0 0 2336 6020">
    <p class='ocr_par' dir='ltr' id='par_1_16' title="bbox 0 0 2336 6020">
     <span class='ocr_line' id='line_1_77' title="bbox 0 0 2336 6020; baseline 0 0"><span class='ocrx_word' id='word_1_670' title='bbox 0 0 2336 6020; x_wconf 95' lang='lat' dir='ltr'><strong> </strong></span> 
     </span>
    </p>
   </div>
  </div>
 </body>
</html>
