4664 6022
146 278 225 359 887
649 277 811 356 unct.
849 278 927 356 DE
958 276 1449 358 lNGRATl’l’UDl'NE
1480 277 1711 358 CUCULl.
2123 290 2202 369 88⁸

145 476 450 542 commemorare,
476 455 515 527 in
538 457 670 553 quibus
693 470 855 549 apparet,
881 454 1056 528 divinitus
1083 452 1150 527 has
1202 456 1433 538 notatus-ait,
1466 469 1500 527 et
1520 480 1628 552 qnem
1649 456 1792 530 oderint
1812 483 1850 529 ac
1877 458 2017 553 fugiant
2037 462 2198 559 reliquae

146 557 325 647 imagines
344 561 544 651 propositas
560 582 653 646 esse,
677 574 719 631 ut
732 562 778 630 de
797 560 919 631 multis
935 560 1073 651 magnis
1092 584 1149 629 re-
1200 582 1280 629 aves
1295 584 1361 630 ceu
1376 560 1496 629 dirum
1513 575 1730 652 portentum.
1783 559 1835 632 lta
1859 563 1955 633 enim
1976 576 2104 635 natura
2124 567 2198 638 ser·

147 662 218 733 bus
240 661 280 730 in
299 662 371 732 vita
392 685 459 732 nos
480 663 708 737 admoneant.
757 660 812 735 Aa
828 663 1016 756 praecipue
1032 687 1075 733 eo
1091 686 1148 733 me
1201 674 1259 733 tur
1275 662 1379 734 illum
1398 664 1583 733 damnasse
1605 663 1815 755 impietatis,
1840 677 1880 737 ut
1894 690 1977 737 vere
1996 681 2089 737 erret
2104 669 2196 743 sicut

147 764 307 835 delectat·
336 764 483 836 istarum
519 789 639 836 rerum
668 764 853 856 cogitatio,
900 769 997 860 quod
1023 765 1148 836 videor
1200 765 1346 857 polluti,
1387 766 1465 836 sine
1498 765 1585 836 nido
1617 780 1652 837 et
1680 767 1758 836 sine
1789 767 1863 838 ulla
1887 769 2070 854 societate,
2103 772 2196 846 sicut

147 860 241 937 mihi
255 867 378 938 videre
396 868 596 939 testimonia
611 869 784 939 divinitus
801 868 971 960 impressa
989 881 1146 949 naturae,
1199 870 1292 959 apud
1314 866 1512 939 Homerum
1537 870 1582 938 de
1603 892 1718 962 poena
1740 869 1936 962 impiorum
1956 872 2089 943 dicitur
2109 869 2195 946 ἀνέ-

148 992 241 1064 quae
254 972 449 1041 ostendunt
467 974 643 1043 mundum
657 995 731 1043 non
753 972 908 1043 extitisse
930 996 1031 1056 casu,
1055 995 1146 1063 quae
1199 991 1299 1051 manc
1318 966 1382 1043 καὶ
1405 963 1597 1068 ἀφρήτωρ.
1649 969 1756 1042 Solus
1770 972 1867 1042 enim
1890 972 1968 1044 sine
1990 975 2065 1046 ulla
2081 976 2194 1048 socie·

147 1072 296 1167 quidem
312 1074 361 1144 ita
385 1086 469 1144 sunt
483 1072 656 1159 illustria,
681 1087 723 1145 ut
743 1086 878 1144 veteres
900 1077 1004 1147 etiam
1019 1069 1145 1145 Philo-
1200 1087 1269 1144 tate
1282 1076 1338 1144 sui
1355 1076 1495 1162 generis
1511 1074 1735 1146 autaliarum
1761 1076 1880 1145 avium
1897 1090 2058 1174 vagatur.
2109 1077 2193 1150 Non

147 1169 282 1267 sophos
312 1176 502 1249 moverint.
576 1175 660 1248 ldeo
690 1177 786 1247 enim
818 1180 995 1270 praeclare
1024 1177 1145 1271 inquit
1199 1177 1307 1265 igitur
1323 1180 1473 1248 obscura
1489 1189 1540 1248 est
1553 1177 1779 1267 significatio:
1806 1179 1923 1270 imago
1947 1181 2126 1274 proposita
2141 1197 2194 1256 est

150 1274 370 1364 Aristoteles,
386 1280 425 1348 in
443 1280 558 1371 primo
574 1283 618 1351 de
631 1281 792 1373 partibus
807 1282 1034 1352 animalium:
1053 1276 1144 1352 Cum
1199 1281 1236 1349 in
1257 1295 1345 1352 tetra
1369 1281 1538 1365 volucre,
1555 1293 1596 1350 ut
1619 1281 1819 1366 videamus,
1845 1283 2068 1376 turpissimae
2087 1298 2194 1356 natu·

146 1379 184 1449 in
211 1383 385 1452 omnibus
411 1383 571 1474 partibus
605 1397 753 1454 naturae
779 1384 864 1455 insit
895 1384 1144 1454 admirandum
1197 1407 1255 1452 rae
1272 1383 1545 1453 similitudinem
1567 1377 1698 1453 habere
1719 1383 1887 1473 ingratos.
1937 1384 2091 1457 Sicutin
2113 1388 2194 1459 aliis

147 1483 341 1577 quiddam,
372 1484 457 1555 satis
479 1510 670 1579 apparere,
700 1500 865 1558 naturam
893 1510 966 1557 non
993 1486 1144 1555 extitisse
1197 1485 1310 1555 foedis
1344 1486 1559 1556 animalibus
1598 1484 1752 1556 aliorum
1787 1486 1958 1556 vitiorum
1992 1488 2192 1560 similitudo

147 1608 238 1657 usu.
275 1585 387 1659 Stoici
405 1588 510 1659 etiam
530 1584 597 1660 hoc
613 1590 764 1659 consilio
779 1604 943 1662 naturam
957 1589 1144 1668 deliniunt,
1198 1588 1377 1681 proposita
1391 1602 1459 1673 est,
1482 1602 1523 1658 ut
1539 1588 1678 1679 cognita
1703 1588 1926 1679 turpitudine
1947 1591 2098 1675 bestiae,
2124 1587 2192 1663 ho·

146 1687 218 1757 vim
240 1703 319 1760 arte
340 1693 623 1782 progredientem
647 1694 690 1761 ad
716 1696 975 1783 generandum3
1003 1706 1037 1762 et
1057 1714 1143 1783 pro·
1198 1693 1311 1760 mines
1329 1690 1441 1782 magis
1462 1686 1718 1761 abhorreanta
1744 1691 1924 1761 similibus
1947 1694 2062 1780 vitiis3
2087 1709 2128 1765 ut
2152 1696 2191 1765 in

145 1788 294 1863 fitentur
316 1816 353 1863 se
375 1794 415 1864 in
434 1794 641 1865 delinitione
662 1795 792 1865 addere
815 1810 946 1880 artem,
974 1808 1010 1866 ut
1032 1794 1143 1884 signi·
1198 1795 1282 1886 lupo
1299 1795 1392 1864 inest
1409 1794 1583 1885 rapacitas
1597 1807 1631 1865 et
1651 1793 1859 1878 crudelitas,
1884 1795 1923 1864 in
1940 1797 2073 1891 polypo
2095 1812 2192 1869 tanta

144 1893 252 1967 icent
285 1909 449 1968 naturam
482 1913 599 1967 mente
623 1900 776 1992 quadam
804 1899 878 1988 regi
913 1900 950 1967 in
977 1899 1145 1967 omnibus
1197 1897 1324 1983 libido,
1345 1911 1386 1967 ut
1401 1897 1627 1988 extinguatur
1641 1897 1681 1965 in
1696 1897 1900 1971 concubitu.
1933 1895 2069 1970 Noctua
2086 1901 2193 1991 piscis

142 1998 368 2086 actionibus,
394 2025 485 2095 quae
499 2002 597 2071 velut
613 2001 737 2071 artifex
753 2015 804 2072 est
822 2003 983 2071 omnium
998 2016 1144 2093 genera·
1197 2014 1268 2072 tam
1288 2024 1395 2070 vorax
1408 2014 1472 2080 est,
1497 2013 1626 2071 utnon
1644 1999 1781 2070 desinat
1794 2023 1832 2070 se
1848 2022 1997 2071 onerare
2012 2001 2102 2088 cibo,
2123 2006 2192 2075 do·

141 2099 290 2172 tionum
310 2116 345 2174 et
361 2118 523 2175 motuum
546 2103 584 2174 in
602 2116 740 2179 natura.
790 2102 962 2175 Libenter
979 2104 1088 2194 igitur
1103 2128 1144 2173 ex
1198 2128 1262 2174 nec
1280 2114 1478 2193 rumpatur.

142 2196 354 2275 huiusmodi
372 2208 529 2277 materiis
546 2209 679 2300 sumpsi
695 2203 763 2278 hoc
786 2207 864 2278 loeo
882 2222 1143 2299 argumentum,
1298 2205 1367 2279 Sed
1385 2205 1531 2296 longum
1548 2217 1637 2277 esset
1657 2208 1813 2299 exempla
1829 2207 2021 2300 persequi..
2057 2206 2114 2280 Aa
2133 2208 2193 2278 in-

147 2321 192 2377 ut
213 2306 359 2378 iuvenes
379 2311 574 2397 admoniti,
600 2326 634 2382 et
657 2312 722 2403 ipsi
747 2305 832 2381 haec
851 2313 995 2403 vestigia
1016 2311 1083 2382 Dei
1104 2312 1144 2378 in
1197 2309 1359 2382 stitutum
1390 2320 1639 2398 argumentum
1670 2313 1789 2384 redeo.
1851 2307 2016 2381 Adfectat
2044 2312 2192 2383 ouesrlua

142 2421 276 2481 natura
308 2414 547 2486 considerent.
600 2414 670 2485 Sed
702 2415 806 2484 video
834 2439 891 2484 me
923 2416 962 2484 in
996 2414 1142 2485 exordio
1197 2416 1302 2485 etiarn
1326 2412 1486 2482 Musicae
1511 2410 1672 2501 laudem,
1700 2436 1809 2506 quare
1830 2414 1895 2483 ubi
1918 2412 2104 2484 lusciniam
2126 2438 2192 2484 au-

143 2510 291 2604 longiua
303 2530 488 2607 evagatum
503 2541 577 2587 esse
592 2542 697 2612 quam
713 2517 888 2602 volebam,
908 2522 970 2589 etsi
989 2516 1145 2587 arbitror
1197 2518 1299 2603 divit,
1324 2541 1366 2587 eo
1383 2515 1539 2597 advolat,
1567 2528 1602 2584 et
1617 2517 1786 2586 excitatus
1799 2529 1905 2586 cantu
1920 2515 2028 2600 illius,
2053 2540 2133 2586 cnm
2151 2540 2192 2587 es

144 2616 249 2685 vobis
272 2616 440 2710 quidem,
474 2621 537 2713 qui
560 2635 594 2689 et
616 2615 868 2710 Philosophiae
899 2636 933 2691 et
959 2620 1145 2712 religionis
1196 2635 1331 2691 certare
1345 2621 1473 2693 studet.
1506 2616 1601 2686 Hinc
1616 2618 1768 2708 intelligi
1783 2619 1894 2708 magis
1910 2630 2037 2709 potest,
2063 2620 2102 2687 in
2117 2642 2190 2716 qun

141 2720 384 2790 amantissimi
399 2722 502 2809 estis,
528 2748 602 2793 nnn
617 2722 726 2793 fuisse
746 2723 919 2813 ingratam
936 2719 1028 2793 hanc
1047 2748 1144 2793 com·
1196 2748 1324 2816 genere
1337 2717 1539 2806 hominurn,
1566 2722 1723 2810 ingratos
1736 2721 1926 2811 significet,
1952 2743 2080 2814 nempe
2096 2722 2191 2793 inter

140 2823 451 2894 memorationem.
511 2824 616 2896 Nunc
655 2826 761 2896 venio
799 2829 844 2897 ad
884 2840 1144 2917 argumentum,
1197 2851 1268 2913 eos,
1294 2825 1357 2920 qui
1375 2826 1589 2916 obstrepunt
1602 2823 1810 2895 melioribus
1828 2824 1866 2893 in
1881 2825 2031 2895 dicenda
2046 2840 2193 2896 senten·

142 2927 243 3019 quod
267 2921 339 2996 huc
361 2927 488 2997 afferre
509 2929 698 3020 praecipue
720 2930 901 3003 constitui.
953 2929 1007 3000 De
1025 2932 1144 3019 ingra-
1196 2931 1266 3015 tia,
1292 2929 1331 2998 in
1354 2928 1482 2999 studiis
1504 2925 1764 3013 ecclesiasticis,
1790 2928 1965 3013 autaliia‚
1991 2952 2083 3021 quae
2099 2928 2191 2998 ritae

146 3028 324 3110 titudine,
360 3028 558 3123 impietate,
596 3045 630 3102 et
658 3033 788 3101 scelere
821 3031 948 3103 Cuculi
983 3034 1144 3104 dicturus
1197 3034 1411 3105 conducunt.
1453 3030 1668 3124 Hicquanta
1684 3030 1892 3101 cuculorum
1908 3030 2048 3121 agmina
2064 3054 2194 3101 nume·

141 3150 242 3215 sum3
287 3132 351 3225 qui
385 3135 490 3226 quale
526 3130 714 3204 hominum
748 3157 859 3224 genus
892 3148 1142 3226 repraesentet,
1196 3138 1268 3207 rari
1292 3148 1459 3229 possunt,
1486 3157 1560 3204 non
1582 3133 1735 3203 modosi
1751 3147 1886 3204 veteres
1906 3128 2073 3204 historias
2088 3156 2193 3226 repe-

141 3248 267 3325 postea
282 3234 478 3326 explicabo,
493 3237 591 3327 prins
608 3238 703 3305 enim
720 3239 899 3308 narranda
915 3251 967 3308 est
983 3233 1143 3309 historia.
1197 3254 1333 3322 tamus,
1357 3235 1539 3306 sedetiam
1564 3235 1593 3304 si
1610 3236 1804 3327 praesentia
1829 3236 1973 3325 negocia
1991 3235 2193 3306 considere-
2220 3310 2223 3317 ,

144 3334 358 3408 Aristoteles
384 3337 423 3406 in
451 3364 548 3410 nono
576 3340 669 3410 libro
702 3342 748 3409 de
780 3353 907 3410 natura
934 3340 1143 3409 animalium
1197 3341 1301 3410 mus?
1338 3338 1496 3409 Homero
1519 3338 1737 3408 obtrectabat
1757 3336 1898 3419 Zoilus,
1931 3360 1996 3408 cen
2020 3337 2193 3409 lusciniae

149 3437 287 3525 scribit,
294 3441 462 3527 cuculum
473 3456 619 3535 propter
634 3443 871 3528 timiditatem,
889 3468 995 3537 quarn
1010 3443 1048 3510 in
1066 3442 1143 3532 ipso
1197 3442 1342 3514 cuculus
1350 3439 1517 3512 Ciceroni
1526 3437 1686 3521 Clodius,
1703 3439 1816 3510 etalii
1833 3439 1950 3512 multi.
1977 3437 2192 3512 Habuerunt

146 3538 325 3631 insignem
337 3565 413 3613 esse
427 3558 646 3639 compertum
663 3559 724 3629 est,
738 3569 812 3615 non
826 3546 941 3616 facere
957 3545 1142 3638 proprium
1197 3568 1280 3617 stans
1299 3544 1444 3615 cuculos
1465 3555 1500 3612 et
1521 3538 1656 3612 heroici
1674 3541 1758 3610 viri:
1792 3540 1954 3634 Scipioni
1972 3542 2194 3615 obtrectabat

144 3643 300 3723 nidum,
324 3670 390 3716 nec
413 3670 496 3717 snos
517 3649 636 3739 pullos
657 3650 861 3734 excludere,
887 3650 947 3718 sed
967 3650 1145 3740 deponere
1196 3647 1332 3733 Carbo,
1364 3644 1544 3717 Alcibiadi
1567 3640 1807 3740 Hyperbolus.
1855 3640 2073 3739 Quanquam
2103 3645 2192 3739 quid

144 3770 257 3817 ovum
275 3748 312 3817 in
326 3749 443 3820 alieno
460 3751 559 3836 nido,
577 3776 617 3821 ac
631 3753 829 3846 plerunque
846 3776 1024 3820 currucae.
1047 3748 1144 3820 Haec
1196 3776 1287 3845 opus
1302 3764 1354 3821 est
1368 3750 1526 3841 exempla
1543 3748 1735 3837 colligere?
1760 3748 1865 3840 plena
1881 3759 1932 3818 est
1952 3743 2083 3819 horum
2100 3772 2192 3841 qno·

144 3874 230 3921 cum
247 3851 381 3943 reperit
397 3878 504 3922 ovarrn
523 3855 616 3924 inter
631 3878 712 3938 sua,
736 3855 841 3923 simul
859 3851 942 3926 huic
958 3855 1062 3924 etiam
1086 3853 1143 3921 in·
1197 3857 1331 3926 tidiana
1350 3853 1443 3937 vita,
1469 3854 1530 3922 sed
1552 3854 1705 3921 maxime
1726 3852 1764 3920 in
1777 3847 1955 3935 Ecclesia;
1980 3867 2012 3922 et
2034 3854 2078 3920 ad
2101 3848 2193 3922 hane

144 3954 269 4025 cubat.
321 3952 460 4025 Deinde
477 3954 592 4045 ¹pullis
612 3958 777 4042 exclusis,
803 3957 884 4049 quia
906 3958 1052 4027 cuculus
1067 3981 1144 4024 ma·
1197 3970 1310 4031 totum·
1327 3952 1396 4026 hoc
1408 3955 1610 4052 symbolum
1631 3954 1783 4023 maxime
1798 3954 1981 4024 convenit.
2031 3951 2193 4025 Curruca

147 4055 340 4147 gnitudine
365 4073 400 4129 et
426 4059 564 4128 viribus
591 4075 732 4151 superat
760 4060 934 4153 reliquos,
968 4058 1142 4153 quidquid
1197 4060 1345 4133 Graecis
1371 4073 1424 4129 est
1449 4056 1641 4153 Hypolaia,
1678 4080 1768 4148 quae
1802 4079 1935 4126 nomen
1961 4056 2047 4127 inde
2074 4051 2192 4138 habet,

144 4159 274 4231 sedula
288 4176 400 4232 mater
414 4161 483 4232 cibi
499 4163 632 4245 adfert,
657 4162 909 4254 suppositicios
924 4163 990 4232 iste
1011 4161 1143 4254 praeri-
1197 4166 1293 4260 quod
1311 4158 1413 4233 humi
1434 4163 1479 4229 atl
1497 4182 1577 4229 saxa
1599 4158 1775 4238 nidificet,
1801 4159 1883 4229 talis
1899 4173 1952 4231 est
1969 4182 2052 4229 vera
2068 4155 2193 4229 Eccle-

145 4262 217 4356 pit.
272 4259 325 4331 lta
338 4263 394 4349 lit,
419 4277 459 4333 ut
473 4265 600 4335 caeteri
619 4264 708 4356 pulli
726 4267 819 4336 fame
832 4264 1049 4350 moriantur3
1073 4289 1145 4360 pu·
1197 4268 1398 4359 sia‚,spreta
1415 4260 1818 4333 etabieetainmundo.
1853 4257 2193 4333 Haeedumomnes

145 4378 228 4439 tanc
249 4364 356 4434 etiam
379 4379 527 4437 matrem
556 4392 597 4436 eo
625 4367 760 4437 maiore
783 4392 866 4438 cura
889 4363 987 4437 hune
1015 4367 1146 4451 lovere,
1196 4373 1316 4442 lovere
1340 4382 1375 4438 et
1398 4366 1521 4436 iuvare
1539 4376 1710 4449 conatur,
1733 4363 1838 4434 etiam
1853 4365 2102 4458 suppositicios
2116 4363 2194 4433 ioe-

145 4467 235 4563 qnia
254 4470 365 4559 magia
381 4493 462 4538 eum
482 4469 634 4540 miratur
648 4483 683 4540 et
700 4484 793 4541 amat
807 4485 952 4562 propter
965 4470 1142 4559 magnitu·
1197 4488 1253 4545 tus
1269 4470 1401 4555 nutrit,
1420 4467 1483 4562 qui
1501 4492 1582 4538 curn
1599 4479 1746 4559 propter
1760 4461 1964 4561 hypocrisin
1982 4467 2129 4534 veniant
2152 4465 2192 4535 in

147 4571 276 4641 dinem
290 4571 459 4663 eorporis.
506 4570 689 4642 lntertlum
704 4573 779 4664 ipse
796 4573 942 4644 cuc'ulus
956 4574 1070 4644 factus
1085 4598 1146 4642 ro-
1198 4574 1488 4654 admirationem,
1519 4570 1623 4640 facile
1641 4568 1812 4639 beneficio
1832 4565 2029 4648 Ecclesiae,
2056 4568 2192 4638 autori-

148 4674 312 4759 bustior‚
336 4689 492 4744 caeteros
508 4677 625 4766 pullos
640 4677 803 4761 devorat,
828 4676 1009 4746 interdum
1026 4675 1147 4745 senior
1198 4692 1305 4751 tatem
1327 4690 1362 4747 et
1384 4672 1577 4767 potentiam
1598 4686 1878 4766 consequuntur.
1936 4668 2039 4740 Hanc
2059 4669 2192 4761 adepti,

148 4776 300 4849 meulus
320 4779 465 4848 exorbet
487 4802 554 4848 ova
576 4802 762 4865 currucae;
788 4781 877 4849 adeo
892 4778 1078 4871 multiplex
1095 4791 1145 4848 est
1198 4782 1328 4853 deinde
1343 4788 1548 4869 grassantur
1560 4775 1598 4845 in
1614 4775 1726 4866 ipsam
1739 4787 1909 4858 matrem,
1934 4795 2082 4866 eamque
2097 4773 2192 4843 dila-

149 4878 189 4951 in
205 4874 278 4949 hoc
300 4902 427 4971 genere
447 4882 649 4954 crudelitas.
700 4878 885 4951 Postremo
903 4882 966 4953 ubi
990 4881 1148 4952 adolevit
1198 4895 1334 4966 cerant,
1358 4894 1393 4952 et
1413 4878 1551 4950 erudeli
1571 4873 1761 4973 tyrannide
1779 4875 2000 4968 opprimunt.
2050 4872 2191 4947 Deinde

149 4983 343 5054 sceleratus
359 4995 393 5053 et
406 4983 537 5075 impius
551 4984 682 5073 pullus,
695 4983 797 5054 addit
811 4985 981 5054 nelariam
999 4997 1033 5054 et
1047 4983 1148 5075 plus-
1198 4987 1301 5057 illum
1323 4983 1469 5054 letalem
1495 4996 1528 5053 et
1553 4980 1748 5053 infaustum
1779 5000 1908 5048 sonum
1930 4981 2041 5050 edunt
2059 4979 2099 5048 in
2119 4973 2192 5049 Ec-

149 5106 260 5181 quam
274 5084 441 5175 tragicam
458 5081 721 5179 catastrophen;
748 5111 831 5155 nam
847 5111 1053 5170 currarcam,
1076 5110 1145 5179 qua
1199 5089 1315 5172 clesia,
1336 5100 1465 5157 sonant
1477 5084 1586 5177 impia
1601 5096 1636 5153 et
1648 5080 1849 5174 perniciosa
1862 5082 2038 5172 dogmata.
2060 5077 2190 5151 Arium

149 5186 347 5259 incubante
362 5201 466 5259 natus
482 5202 549 5270 est,
575 5213 682 5283 aqua
699 5212 825 5280 magna
849 5189 1055 5259 assiduitate
1076 5214 1147 5258 nu·
1199 5191 1314 5263 evexit
1336 5191 1380 5260 ad
1399 5183 1554 5257 honores
1569 5181 1725 5255 Ecclesia
1738 5178 2000 5268 Alexandrina,
2024 5183 2086 5277 qui
2107 5204 2190 5253 cnm

150 5292 260 5366 tritus
274 5305 338 5375 est,
360 5291 553 5362 crudeliter
568 5293 754 5363 laceratam
773 5293 930 5366 devorat.
966 5289 1069 5361 Hanc
1081 5316 1146 5382 pro
1199 5306 1287 5365 esset
1309 5289 1560 5383 supposititius
1581 5288 1713 5366 foetus,
1739 5298 1858 5376 postea
1875 5282 2070 5357 Ecclesiam
2093 5284 2191 5355 orbis

150 5393 323 5465 maternis
337 5393 528 5479 benefieiis,
554 5409 588 5465 et
603 5419 668 5488 pro
684 5392 923 5465 nutricatione
937 5394 1061 5480 vicem,
1082 5394 1148 5463 iste
1198 5411 1373 5467 terrarum
1397 5387 1622 5462 horribiliter
1634 5387 1832 5480 dissipavit.
1884 5385 1982 5477 Quid
2006 5388 2044 5456 in
2059 5380 2192 5457 scholia
2287 5392 2295 5415 '

153 5495 340 5594 tiosopyoc
362 5495 547 5588 rependit,
586 5497 716 5588 dignus
737 5497 800 5592 qui
831 5508 1001 5590 perpetua
1030 5497 1148 5568 scabie
1198 5498 1337 5583 accidit,
1361 5519 1453 5591 quae
1468 5516 1550 5565 enm
1564 5504 1649 5564 sunt
1663 5492 1754 5563 bene
1767 5489 1990 5575 constitutae,
2012 5511 2094 5582 pars
2107 5500 2193 5561 aunt

202 5603 384 5668 tinem.
410 5601 515 5673 Orsa.
541 5592 625 5673 Vox..
654 5603 724 5672 xl.
1530 5594 1581 5665 22
