4664 6022
224 283 300 363 su
883 267 1045 351 nucu
1079 266 1158 347 nu
1190 263 1631 373 quartanum-n
2165 250 2276 349 [sss

229 473 348 533 vester
369 456 416 531 ab
439 455 504 527 illo
520 452 711 526 transferat
735 472 776 519 ac
799 457 993 520 mutuetur.
1044 443 1124 517 Nos
1146 443 1231 538 qui·
1283 471 1401 544 neque
1414 448 1460 519 de
1473 440 1605 521 virtute
1622 446 1712 543 ipsa,
1727 470 1844 543 neque
1857 449 1904 523 de
1919 449 2046 521 vestris
2057 444 2274 543 meritispro

231 568 315 637 dem
330 558 559 656 quantumin
574 552 641 627 bac
655 551 791 641 ingenii
806 565 913 643 atque
928 546 1144 619 eruditionis
1158 571 1233 617 mc-
1285 551 1455 642 dignitate
1472 550 1590 621 dicere
1609 574 1731 643 posse,
1755 553 1815 621 sed
1838 576 1941 644 spero
1956 576 2019 623 roa
2040 574 2108 645 pro
2123 552 2275 623 candore

232 665 422 738 diocritate
446 671 625 754 praestare
648 675 856 746 possumus,
888 652 1054 722 dabimus
1077 672 1236 740 operam,
1285 668 1403 725 vestro
1428 651 1587 724 officium
1611 648 1738 723 bacin
1759 677 1799 723 re
1820 678 1941 725 meum
1956 638 2180 747 qprobaturos
2196 676 2277 741 esse,

233 794 280 840 ne
301 790 407 862 quem
428 760 610 854 poeniteat
630 755 738 827 nobis
756 754 1007 827 enarrantibus
1028 748 1126 824 bunc
1140 751 1237 824 Po'e'-
1287 756 1425 829 etiamsi
1445 754 1649 849 eloquentia
1671 754 1901 827 desideretur.
1948 756 2070 846 Quare
2086 778 2154 828 vos
2174 755 2276 829 etism
2311 816 2314 827 .

232 886 307 947 tam
323 890 469 964 operam
484 861 636 936 dedisse.
687 855 784 931 Dixi.
1287 871 1394 953 atque
1408 856 1514 929 etiam
1531 879 1615 943 oro,
1640 869 1681 928 ut
1700 850 1857 929 bominis
1881 858 2060 951 peregrini
2079 836 2277 930 orafione'm
2312 866 2314 877 '

228 974 231 979 '
1288 961 1384 1031 bona
1404 983 1487 1031 eum
1503 957 1607 1029 venia
1627 958 1798 1044 audiatis,
1822 959 1860 1030 id
1877 961 2087 1031 beneficium
2102 959 2278 1031 etiamid-

252 1078 1238 1119 --·-·---·······························
1290 1075 1345 1133 ter
1370 1074 1507 1133 caetera
1538 1055 1748 1153 quaemihi
1777 1063 1921 1132 scobis
1949 1061 2199 1135 liberalissime
2219 1061 2278 1133 tri-
2312 1082 2315 1107 ¹

336 1234 386 1313 33
1141 1229 1228 1294 1534
1291 1164 1473 1248 buuntur,
1503 1175 1604 1253 grato
1626 1161 1748 1233 animo
1772 1167 1972 1238 recensebo.
2027 1161 2139 1236 Scitis
2164 1176 2277 1236 auten

245 1245 422 1370 Q
1058 1255 1238 1351 „⁸2⁸2
1293 1263 1565 1350 Adulescentes,
1603 1264 1746 1335 nullum
1776 1266 1933 1336 officium
1955 1265 2084 1337 iustius
2112 1288 2157 1335 ac
2175 1264 2278 1357 magia

531 1438 608 1526 »ο
636 1430 948 1552 ,roesam
1292 1389 1531 1542 aarum
1551 1362 2278 1541 :accedereaccedere

309 1594 392 1677 Apu,
409 1621 483 1678 cm
497 1618 528 1672 Μ
547 1618 567 1672 ι
587 1634 615 1689 p
629 1614 681 1670 tto
694 1632 771 1687 sqq,
795 1611 825 1667 tn
841 1610 968 1667 Dedan.
982 1604 1053 1664 Μ
1071 1625 1099 1677 ρ.
1110 1603 1193 1673 sss„
1211 1601 1243 1656 tn
1294 1596 1375 1643 rum
1388 1570 1572 1656 omnium,
1595 1574 1656 1641 sed
1671 1570 1783 1662 ipsius
1797 1572 1903 1642 etiam
1917 1586 2078 1655 naturae,
2101 1594 2277 1666 quaeram

343 1695 465 1750 &aaut
477 1688 511 1745 Τ.
540 1706 590 1759 .p.
600 1687 663 1742 ssa.
677 1695 705 1739 es
718 1681 790 1755 apud
804 1680 931 1738 ntumd.
942 1678 977 1737 T·
991 1678 1026 1733 ¹¹·
1040 1696 1066 1749 t·
1081 1674 1142 1731 ²²⁹·
1295 1690 1353 1748 tus
1374 1672 1501 1743 officiis
1523 1667 1687 1743 homines
1711 1673 1805 1744 inter
1821 1696 1858 1743 se
1873 1673 2057 1744 devinctos
2072 1690 2150 1744 es'se
2161 1672 2276 1749 votuit
2315 1660 2318 1669 ¹

340 1862 350 1878 ‚
556 1851 565 1869 ,
642 1848 651 1865 .
1053 1840 1062 1858 .
1212 1834 1244 1854 ..
1297 1774 1418 1863 Quare
1438 1773 1567 1863 ingrati
1591 1788 1671 1844 cum
1688 1769 1775 1845 baec
1790 1776 1964 1845 naturalia
1980 1775 2124 1846 vincula
2139 1776 2276 1847 societa-

241 1864 370 1934 ΜΨ
394 1852 443 1926 ‘¹²
461 1844 699 1948 «mmmm
718 1846 773 1916 Μ·
796 1836 1062 1914 “hund'‘
1087 1835 1245 1908 'mm
1297 1880 1343 1951 tis
1364 1872 1541 1948 humanae
1561 1875 1780 1961 dissolvant,
1810 1877 1877 1970 ipsi
1900 1890 2046 1947 naturae
2074 1876 2212 1949 bellmu
2228 1878 2275 1949 iu·

240 1964 395 2049 300ῗῦ
430 1956 601 2035 ΒΜ»
636 1953 679 2020 ⁶²⁸
710 1949 942 2040 mmmm
975 1944 1246 2038 M⁰95⁸lr⁰m
1296 1978 1693 2052 lerrciudicandisunt.
1728 1973 1806 2050 Eoi
1817 1994 1934 2049 autern
1950 1975 2036 2049 haec
2050 1978 2130 2072 ipsa
2143 1992 2273 2052 naturae

535 2075 636 2127 ‘mm’
653 2047 954 2125 Μ’ῙᾸΧΧΧΨ·
1298 2084 1352 2153 lex
1366 2081 1489 2151 divina
1503 2080 1677 2175 quaedam
1690 2104 1757 2151 vox
1770 2095 1822 2150 est
1837 2081 2015 2153 mentibus
2029 2075 2218 2153 hominum
2230 2082 2272 2151 io·
2317 2148 2320 2159 .

241 2210 330 2298 Etsi
345 2209 501 2283 aliorum
516 2199 728 2285 consilinm,
753 2194 818 2292 qui
832 2190 903 2266 hoc
922 2192 1002 2263 loco
1018 2192 1063 2260 de
1079 2185 1246 2261 universa
1298 2184 1441 2276 scripta,
1461 2195 1582 2253 umen
1595 2195 1631 2255 ct
1643 2181 1682 2252 in
1695 2182 1802 2252 sacris
1813 2183 1926 2254 literis
1941 2197 2060 2256 extant
2075 2182 2173 2255 clara
2186 2206 2270 2277 pras-

240 2306 478 2406 Philosopbia
493 2308 609 2400 deque
621 2300 724 2375 omni
737 2298 877 2371 ratione
892 2294 1096 2369 studiorum
1110 2288 1248 2380 gravis·
1299 2301 1418 2377 cepta,
1450 2308 1541 2378 quae
1562 2306 1629 2354 nos
1649 2285 1694 2355 ad
1716 2285 1901 2355 colendam
1924 2286 2182 2376 gratitudinem
2201 2280 2269 2359 bor-
2317 2314 2321 2373 i

244 2427 335 2503 ‘ime
349 2416 469 2488 dicere
490 2411 608 2480 solent
624 2425 840 2496 magnopere
860 2398 996 2493 probo,
1020 2410 1141 2468 tamen
1155 2415 1249 2486 quo·
1300 2403 1439 2474 tantur,
1472 2400 1506 2459 et
1527 2387 1673 2481 quidem
1696 2386 1805 2477 gratis
1827 2388 2003 2480 praemia,
2035 2388 2185 2485 ingratis
2200 2410 2267 2459 vero

244 2528 343 2603 niam
367 2521 408 2590 in
423 2512 492 2587 bac
511 2506 647 2601 ingenii
669 2505 743 2577 mei
766 2502 972 2574 infirmitate
994 2495 1248 2586 intelligebam,
1300 2512 1432 2586 poenas
1446 2489 1619 2561 divinitus
1638 2488 1789 2581 proponi
1809 2490 1948 2560 docent.
1997 2486 2059 2560 Sic
2082 2488 2181 2563 enim
2198 2489 2268 2562 seci-

244 2645 394 2705 menon
409 2637 512 2715 posse
526 2623 708 2684 tantarum
727 2630 850 2679 rerum
867 2604 1073 2674 varietatem
1087 2596 1248 2670 oratione
1300 2608 1402 2687 ptum
1431 2606 1500 2662 ests
1530 2589 1615 2662 Non
1646 2592 1785 2661 recedet
1814 2591 1946 2661 malurn
1970 2615 1990 2660 a
2016 2594 2128 2664 durno
2152 2590 2269 2683 ingrati.

242 2736 445 2810 illustrare,
471 2711 642 2790 constitui
656 2712 702 2782 dc
713 2733 787 2782 nna
801 2709 957 2803 quadam
971 2704 1103 2774 virtute
1119 2700 1248 2779 dicere,
1301 2694 1424 2786 Quare
1439 2716 1515 2763 non
1532 2694 1649 2763 solum
1665 2705 1791 2763 natura
1808 2692 1965 2783 ingratos
1979 2708 2152 2789 tanquam
2167 2693 2268 2765 imus-

244 2838 357 2931 digna
377 2846 460 2899 cum
480 2817 587 2892 bonis
609 2813 699 2886 viris
724 2812 914 2892 omnibus,
948 2821 1026 2880 tum
1041 2826 1127 2875 vero
1145 2823 1250 2894 prae-
1301 2798 1364 2868 nia
1378 2807 1538 2866 monstra
1552 2795 1632 2865 odit
1647 2807 1683 2864 et
1699 2808 1891 2880 execratur,
1915 2797 1981 2864 sed·
1992 2795 2101 2867 etiam
2116 2808 2268 2889 urget-sss

244 2942 352 3035 cipue
372 2925 505 3002 barum
530 2930 735 2991 nostrarum
750 2913 882 2987 artium
899 2935 940 2982 ac
964 2908 1150 2982 literarum
1174 2914 1251 2973 stu·
1300 2898 1399 2975 Deus
1412 2895 1614 2968 iustissimis
1627 2895 1762 2988 poenis.
1800 2894 1957 2967 Proinde
1972 2896 2002 2966 si
2016 2909 2184 2969 naturam
2198 2894 2269 2991 aspi·

245 3038 376 3121 diosis‚
401 3024 569 3099 videlicet
591 3022 637 3090 de
655 3015 892 3110 gratitudine:
928 3035 1037 3108 quam
1060 3021 1103 3081 ut
1115 3005 1251 3096 delige-
1302 3002 1436 3074 ciemus
1448 3013 1484 3070 et
1497 2999 1598 3092 quasi
1615 2998 1820 3068 evolvamus
1834 2999 1972 3068 animos
1989 2998 2056 3089 ipsi
2079 3001 2269 3081 matroni

247 3168 323 3221 farn
365 3156 442 3208 non
457 3126 574 3203 solum
590 3121 734 3217 publica
748 3140 853 3191 causa
868 3116 1045 3188 adductus
1058 3134 1159 3195 sum,
1182 3106 1252 3180 etsi
1302 3125 1418 3176 sacras
1441 3101 1561 3171 literas
1583 3099 1829 3186 consulemus,
1861 3123 1937 3170 non
1956 3100 2074 3171 solum
2095 3100 2268 3171 videbi-ut

247 3194 465 3337 magleopete
490 3242 577 3325 opto
601 3248 700 3310 eam,
732 3244 814 3293 eum
839 3241 921 3291 vers
947 3217 994 3289 sit
1014 3211 1251 3286 maximarum
1304 3216 1478 3301 quantum
1505 3196 1634 3272 habeat
1657 3201 1874 3291 ingratitudo
1904 3202 2062 3287 sceleris,
2101 3204 2166 3273 aed
2187 3201 2270 3274 etim

247 3352 422 3425 virtutum
445 3334 586 3417 nutris,
611 3329 658 3399 ab
671 3324 842 3397 omnibus
867 3342 1008 3393 sommo
1029 3316 1148 3388 studio
1170 3311 1253 3397 coli,
1304 3306 1579 3389 constituemus,
1612 3327 1686 3372 non
1716 3325 1789 3373 csse
1815 3300 2073 3387 dubitandum,
2105 3304 2196 3399 quin
2213 3300 2270 3375 tta

249 3472 374 3527 versam
392 3442 499 3515 etiam
515 3430 691 3531 quaedam
708 3452 765 3497 me
786 3423 917 3520 privati
933 3419 1025 3493 ratio
1046 3414 1251 3489 commovit
1305 3431 1437 3504 poenas
1452 3406 1581 3497 ingrati
1597 3403 1715 3476 daturi
1729 3403 1812 3480 sint.
1859 3402 1956 3477 Haec
1968 3406 2000 3476 si
2013 3405 2272 3483 considerabitis.

248 3512 397 3633 Blesum
418 3566 499 3615 cum
518 3560 581 3633 per
596 3530 769 3605 iniuriam
793 3551 849 3603 me
865 3524 981 3620 patria
1001 3521 1165 3616 pulsum,
1189 3538 1253 3586 ve-
1306 3526 1346 3583 ut
1368 3532 1432 3627 voa
1452 3506 1658 3601 praesertim
1682 3506 1799 3626 decet,
1824 3508 1887 3601 qui
1909 3508 1955 3577 ad
1976 3507 2095 3579 studia
2120 3508 2272 3581 virerum

250 3658 409 3729 ninstem
433 3642 507 3715 lruc
530 3662 573 3709 er
595 3634 668 3707 alio
684 3632 772 3702 orbe
792 3651 930 3700 summa
949 3620 1172 3696 humanitate
1184 3612 1254 3688 bo-
1306 3606 1461 3684 adhibiti
1475 3610 1578 3694 estis,
1610 3621 1770 3679 statuens
1785 3632 1866 3690 vos,
1892 3622 1925 3681 et
1938 3605 2069 3681 utDeo
2090 3622 2127 3682 et
2149 3623 2272 3681 natust

250 3754 359 3853 ,ymo
372 3737 593 3835 exceperitis,
609 3748 645 3805 et
657 3755 773 3803 annos
787 3730 859 3799 iam
873 3728 1011 3820 aliquot
1027 3732 1188 3793 amanter
1201 3730 1254 3788 te·
1306 3711 1475 3807 pareatis,
1501 3735 1581 3780 cum
1597 3733 1677 3800 erga
1695 3709 1805 3791 alios,
1829 3722 1905 3781 tu'm
1921 3709 2073 3830 maxime
2094 3736 2179 3803 erga
2193 3732 2275 3807 psas·

250 3856 362 3953 gnis,
385 3848 488 3917 valde
510 3836 749 3911 laborandum
773 3824 862 3899 milri
888 3825 1031 3920 putavi,
1055 3835 1097 3893 ut
1120 3829 1255 3891 extaret
1306 3827 1466 3906 ceptorcs
1488 3825 1640 3896 vestros,
1666 3825 1702 3882 et
1723 3805 1815 3881 hanc
1833 3808 2059 3883 Academram
2083 3828 2203 3904 gratos
2218 3832 2278 3885 ut

250 3958 373 4053 ,tique
387 3938 618 4039 gratitudinis
633 3958 732 4005 meae
744 3928 966 4045 significatio.
1001 3919 1256 4044 §laiusCaespr
1307 3917 1451 4036 debere:
1487 3908 1631 3985 Etenim
1645 3937 1725 4033 cum
1742 3913 1881 4034 nullum
1898 3914 1944 3984 sit
1956 3915 2070 3985 maius
2085 3914 2278 4035 benefici-

251 4056 430 4147 hagnam
452 4035 707 4133 hospitalitatis
732 4032 875 4103 laudem
904 4029 1033 4099 tnburt
1052 4022 1256 4107 Germanis,
1308 4043 1347 4088 ru
1366 4032 1481 4135 terras,
1508 4039 1614 4109 quam
1630 4029 1801 4134 veritato,
1823 4018 2281 4138 etreotacdoctnnaeoom·
2325 4024 2330 4097 l

254 4156 350 4235 lm
366 4174 431 4239 ogo
445 4148 485 4217 in
502 4138 560 4214 bis
575 4138 665 4211 meis
678 4132 862 4205 erroribus
879 4142 915 4201 et
933 4128 1039 4198 exilio
1055 4150 1136 4194 meo
1156 4147 1256 4194 com·
1307 4130 1516 4202 mumcsuo,
1540 4117 1697 4209 prolecto
1709 4117 1821 4188 nullas
1832 4117 1912 4209 plus
1925 4119 2097 4190 debemus
2107 4112 2283 4215 quam-h
2325 4100 2330 4221 1

320 4240 590 4321 'cosetreteci
606 4236 772 4308 instituto
789 4232 955 4311 retinere,
978 4227 1067 4298 etin
1083 4220 1150 4296 bac
1167 4224 1256 4293 urbe
1308 4243 1462 4313 qnorum
1476 4219 1610 4305 labore,
1641 4219 1711 4290 lide
1736 4244 1776 4291 ac
1789 4218 2001 4293 liberalitate
2014 4242 2073 4291 res
2086 4224 2285 4295 tentatib-
2326 4246 2330 4257 ⁴

254 4282 444 4459 walpur
456 4342 615 4417 merceri
626 4338 688 4431 pio
704 4336 861 4431 quodam
872 4327 1097 4402 Christianae
1112 4326 1256 4415 religio-
1308 4345 1414 4416 quam
1440 4321 1479 4390 in
1494 4320 1566 4391 vita
1589 4322 1805 4392 necessariae
1824 4320 1930 4392 nobis
1950 4320 2180 4415 contingunt.
2217 4318 2286 4397 ᾖ

255 4464 314 4537 nis
329 4452 471 4533 studio,
495 4466 589 4541 quae
612 4442 707 4510 inter
728 4450 883 4507 caeteras
899 4432 1049 4501 virtutes
1069 4423 1256 4518 hospitali·
1309 4448 1377 4516 que
1395 4422 1491 4491 enim
1511 4421 1699 4513 ignoratis,
1724 4423 1835 4494 vitam
1857 4424 1935 4501 siue
1953 4422 2091 4511 literis,
2111 4426 2197 4497 sine
2209 4422 2290 4499 reb·

256 4578 365 4641 utem
381 4552 453 4625 coli
469 4543 692 4641 praecipitet
712 4535 930 4628 amplissime
951 4530 1121 4601 laudibus
1143 4541 1257 4597 urrant.
1308 4523 1705 4614 gionisscientia,·siue
1727 4524 1947 4618 antiquitatis
1963 4523 2119 4613 noticia,
2141 4526 2290 4601 siueali·
2324 4526 2331 4539 '

257 4666 380 4755 Qum
406 4652 555 4745 gratiam
584 4640 653 4712 lsoc
678 4640 824 4709 nomine
846 4629 960 4703 habco
986 4627 1072 4700 lauic
1095 4628 1258 4720 publicae
1280 4618 1285 4647 '
1309 4650 1378 4718 qua
1400 4640 1546 4694 craturae
1570 4639 1674 4720 atque
1698 4621 1928 4698 honestorum
1951 4626 2156 4699 officiorum
2177 4628 2291 4723 copi-

257 4759 405 4837 gpmgi
419 4743 690 4825 consuetudini,
714 4741 813 4833 quod
830 4736 969 4805 aditum
992 4725 1085 4801 mibi
1104 4732 1149 4798 ad
1174 4730 1258 4799 uni·
1310 4729 1407 4797 tione
1424 4752 1497 4795 non
1514 4729 1631 4797 solum
1648 4729 1838 4813 incultam,
1863 4731 1925 4799 sed
1942 4729 2049 4821 plane
2063 4729 2290 4805 miserrim-

261 4883 382 4935 ressos
409 4878 474 4925 ros
503 4845 667 4941 patefacit
694 4858 731 4911 et
760 4838 983 4909 occasionem
1016 4832 1162 4921 praebet
1193 4831 1256 4899 diu
1309 4830 1428 4902 [uiue.
1479 4826 1644 4922 Denique
1668 4830 1776 4901 etiam
1804 4832 1979 4923 pecudum
2000 4830 2077 4904 vita
2106 4832 2295 4927 optabilior

258 4978 437 5055 mum,
469 4950 624 5021 citissim
656 4966 756 5013 meae
787 4936 983 5009 voluntatis
1012 4933 1257 5006 declarandae.
1309 4932 1415 5000 inierit
1447 4954 1555 5025 quam
1592 4925 1800 5016 hominum,
1845 4931 2054 5025 quamlibet¹
2074 4934 2296 5011 affluentium

259 5062 497 5155 Aptissimum
517 5052 628 5141 igitur
650 5042 718 5117 boc
740 5053 990 5131 argumentum
1011 5059 1111 5105 meae
1135 5058 1257 5127 perso-
1310 5035 1471 5101 emnium
1495 5057 1614 5103 rerum
1639 5034 1758 5124 copia,
1787 5033 1818 5103 si
1841 5058 1922 5103 cunr
1940 5034 2014 5105 illis
2032 5037 2196 5109 tenebris
2213 5060 2295 5111 oost-

260 5192 329 5239 nae
348 5186 424 5233 esse
444 5154 614 5227 iudicari.
667 5146 807 5219 Deinde
828 5164 904 5213 non
921 5138 1039 5209 solum
1057 5138 1257 5208 orationem
1310 5139 1429 5204 iuncta
1449 5150 1501 5206 est
1523 5135 1743 5224 impiissimis
1764 5134 1836 5205 illis
1852 5136 2032 5207 erroribus
2053 5151 2090 5209 et
2100 5138 2201 5214 vitiis
2218 5142 2295 5233 ’ίμ-

260 5292 394 5347 mur,
427 5262 489 5327 sed
510 5258 617 5325 &aas
646 5245 845 5337 exemplum
867 5241 1070 5313 arbitrabar
1094 5240 1258 5332 profutu—
1309 5253 1373 5306 ret.
1425 5235 1549 5329 ltaque
1564 5238 1666 5307 facile
1681 5237 1831 5306 iudicari
1853 5251 1990 5330 potest,
2015 5240 2214 5330 plurimum
2231 5256 2290 5311 nos

260 5396 344 5445 rum
356 5388 442 5445 csse,
464 5352 683 5428 exuscitamli
698 5348 839 5441 aliquos
851 5346 896 5415 ad
912 5343 1166 5433 gratitudinem
1180 5365 1258 5410 ma-
1308 5342 1438 5408 debere
1463 5340 1535 5409 illis
1557 5340 1650 5408 vitae
1674 5339 1844 5422 ducibus,
1875 5340 1940 5431 qui
1967 5364 2034 5411 nos
2056 5343 2095 5411 in
2120 5343 2232 5415 lucem
2250 5358 2283 5409 es

261 5476 330 5544 -ωή
354 5460 539 5553 dppggfflj,
562 5454 824 5549 mmmm,
875 5450 1042 5539 Agnosco
1064 5458 1183 5516 nutem
1199 5467 1257 5515 me
1308 5441 1559 5512 obscurissima
1582 5440 1733 5531 caligine
1757 5440 1931 5526 educunt,
1959 5456 1994 5512 et
2015 5445 2109 5515 bene
2131 5447 2280 5537 sesuqo
