4664 6022
219 310 297 420 s'u
875 298 1037 404 naen
1077 314 1156 399 nn
1186 248 1616 395 coenosorum.
2191 290 2267 381 eso

227 511 384 607 proiecto
404 506 546 578 landem
570 500 704 593 ingenii
718 512 754 572 et
769 497 982 570 eruditionis
997 496 1143 589 largiter
1156 494 1223 567 tri-
1273 490 1532 587 gantissimnm.
1592 483 1713 576 Quare
1735 508 1816 558 cnm
1836 496 1871 556 et
1894 484 2089 556 necessaria
2111 480 2268 577 Reipuh.

159 659 171 669 -
227 612 313 689 buo.
370 609 441 683 Sed
472 607 574 679 nolui
598 604 710 675 videri
738 602 916 672 morosior
943 601 983 671 in
1015 598 1223 680 recusando,
1274 608 1311 668 et
1323 594 1427 665 vobis
1442 591 1611 664 salutaria
1624 589 1757 674 dicam,
1781 601 1817 659 et
1832 582 1919 659 haec
1933 609 2011 657 mea
2028 612 2097 659 vox
2111 610 2273 659 commn-

229 741 311 789 cum
328 708 423 784 hanc
438 733 580 805 operam
604 730 696 778 ame
711 700 819 775 homo
839 702 1073 774 amicissimus
1088 701 1224 792 flagita·
1275 721 1359 769 nem
1382 694 1544 766 omnium
1567 693 1669 763 vobis
1691 690 1905 762 sententiam
1930 702 2100 783 exponat,
2128 701 2215 784 peto
2233 703 2273 763 ot

230 831 298 893 tet.
350 814 485 885 Verum
507 811 592 882 nolo
610 809 663 880 uti
683 808 846 898 longiore
869 806 1110 892 excusatione3
1141 826 1225 872 nam
1278 824 1335 870 me
1358 823 1424 892 pro
1446 809 1560 867 vestra
1583 788 1806 865 humanitate
1828 793 2018 882 diligenter
2041 791 2217 880 audiatis,
2240 804 2274 863 et
2322 874 2324 879 ¹

232 920 363 1014 opinor
382 939 497 986 mores
519 935 617 982 meos
640 912 724 981 satis
743 912 910 1003 probatos
926 909 1028 979 vobis
1042 931 1133 979 esse.
1179 900 1228 975 Et
1278 899 1472 983 admoniti,
1505 923 1580 968 non
1602 911 1741 969 tantum
1764 896 1855 967 sicut
1871 893 2007 991 Ulyssis
2024 894 2112 966 socii
2130 892 2275 968 Sirenas

235 1018 323 1094 haec
345 1033 429 1090 sunt
451 1015 641 1111 praecipue
661 1036 703 1082 ex
726 1037 768 1082 eo
792 1034 938 1104 genere,
970 1010 1011 1080 in
1034 1032 1106 1107 quo
1134 1007 1229 1079 valet
1280 1003 1470 1074 obstructis
1483 1001 1629 1071 auribus
1643 998 1870 1091 praetervecti
1883 1010 1986 1083 sunt,
2011 997 2059 1094 ita
2071 1019 2135 1068 vos
2149 1020 2274 1070 eorum
2321 1014 2324 1075 t

232 1123 446 1195 versiculus:
865 1124 873 1135 ’
1281 1108 1402 1199 inepta
1429 1104 1584 1189 iudicia,¹
1610 1102 1773 1195 quinon
1802 1114 1930 1192 putant
1950 1095 2129 1172 Ecclesiae
2152 1101 2278 1171 admo-

319 1215 435 1303 τρόπος
455 1212 533 1282 ἔσθ’
556 1209 573 1280 i
596 1212 716 1277 πείθων
736 1215 793 1276 τοῦ
816 1210 975 1298 λέγοντος,
1005 1205 1043 1275 od
1063 1199 1164 1293 λόγος·
1281 1211 1366 1279 dum
1380 1230 1471 1300 opus
1484 1228 1558 1276 esse
1573 1203 1711 1274 liberali
1726 1201 1927 1274 eruditione
1935 1201 2097 1294 fugiatis,
2119 1204 2183 1274 sed
2199 1202 2279 1273 illos

70 1400 73 1407 Ι
184 1321 188 1325 ’
235 1310 298 1406 qni
322 1310 391 1392 ait,
427 1329 543 1376 mores
565 1303 716 1373 dicentis
738 1303 968 1393 persuadere,
999 1324 1074 1369 non
1097 1297 1231 1370 oratio-
1281 1312 1377 1405 ipsos
1400 1323 1570 1403 tanquam
1593 1305 1791 1377 teterrimas
1812 1320 1928 1398 pestes
1955 1317 1991 1375 et
2010 1307 2088 1375 dira
2111 1318 2280 1398 portenta

234 1436 329 1483 nem.
368 1406 559 1481 Estautem
576 1407 713 1496 optimo
729 1404 879 1474 consilio
897 1402 1176 1483 institutum‚ut
1191 1398 1232 1469 in
1282 1411 1506 1485 execramini,
1556 1409 1697 1481 Deinde
1718 1420 1871 1479 acuatet
1887 1407 2012 1478 excitet
2035 1408 2202 1478 discendi
2220 1430 2281 1479 m.

234 1508 292 1585 his
307 1512 467 1605 pompis,
495 1523 555 1580 aut
572 1509 616 1578 de
631 1505 776 1586 studiis,
803 1518 866 1576 aut
879 1507 923 1574 dc
937 1505 1042 1575 laude
1057 1503 1231 1574 virtutum
1283 1536 1381 1601 ram,
1413 1515 1510 1609 quod
1534 1510 1650 1583 studia
1674 1523 1789 1582 vestra
1810 1512 1854 1581 ad
1870 1506 2079 1594 jEccteaiam
2104 1533 2148 1582 ae
2169 1506 2282 1583 Rem.

236 1616 387 1687 dicatur·
447 1609 569 1700 Qum
589 1623 629 1680 ¹¹¹
652 1622 899 1697 afgumfflluffl
916 1604 1131 1677 ⁰⁰¹¹V⁰¹¹30¹¹⁸
1148 1601 1232 1674 huic
1284 1618 1367 1710 pub.
1386 1616 1582 1707 pertinent,
1608 1638 1672 1685 nec
1688 1626 1829 1685 tantum
1845 1622 1887 1682 ex
1903 1611 1975 1682 illis
1990 1614 2131 1706 privata
2143 1612 2281 1687 utilitas

236 1718 317 1788 loco
338 1715 523 1798 afferrem,
554 1725 586 1782 et
611 1710 745 1805 aliquid
769 1712 812 1778 de
827 1709 999 1798 dignitate
1025 1722 1060 1778 et
1079 1707 1233 1779 utilitate
1285 1734 1320 1791 ea
1334 1719 1497 1811 voluptas
1519 1717 1662 1810 petitur,

170 1837 174 1841 ’
238 1814 367 1889 harum
392 1816 540 1899 artium,
573 1836 659 1907 quas
683 1806 917 1904 Philosophia
944 1812 1145 1901 profitetur,
1177 1809 1233 1879 di·
1387 1821 1548 1892 Primum
1569 1819 1665 1889 enim
1689 1814 1933 1888 omninoilias
1956 1814 2137 1886 malorum
2151 1828 2209 1887 aas
2228 1814 2282 1887 in.

239 1942 374 2002 cerem,
404 1918 542 1988 ῑηθῐῑῑῦῑ
572 1916 789 1999 ⁰l³li⁰¹¹⁰¹1¹2
830 1915 869 1983 5¹¹
898 1938 967 2007 (1ΰᾶ
1000 1914 1234 1990 ostenderem,
1286 1912 1425 1995 erudita
1449 1917 1658 2011 Theologia.
1717 1914 1785 1990 Est
1800 1918 1895 1988 enim
1918 1919 2133 1989 confusaneas
2148 1918 2282 1991 doctri-

239 2019 417 2093 Ecclesiae
433 2043 522 2109 opus
534 2042 606 2087 esse
620 2002 759 2086 liberali
775 2016 992 2100 eruditione,
1018 2030 1051 2086 et
1066 2038 1139 2084 non
1156 2028 1233 2084 tan·
1286 2052 1353 2112 na,
1385 2027 1424 2095 in
1446 2048 1516 2119 qua
1545 2046 1694 2113 magnae
1714 2045 1769 2091 res
1795 2045 1869 2091 non
1893 2021 2118 2112 explicantur
2143 2020 2282 2110 diserte,

241 2138 317 2195 tum
343 2122 545 2213 cogssilifflle
568 2117 844 2202 Grammificii.
878 2120 937 2187 Sed
962 2117 1066 2187 eiiam
1083 2116 1234 2186 aliarum
1287 2129 1481 2199 miscentur
1501 2149 1541 2197 ca
1562 2149 1653 2220 quac
1676 2126 1861 2217 oportebat
1883 2122 2039 2214 seiungi,
2071 2145 2202 2195 rursus
2225 2124 2283 2195 illa

241 2226 434 2295 multarum
449 2223 579 2292 artium
597 2237 631 2292 et
646 2213 899 2312 Philosophiae
912 2220 1095 2314 scientia,
1123 2217 1233 2307 Quod
1288 2256 1378 2326 quae
1418 2241 1544 2300 natura
1584 2226 1753 2317 coniungi
1795 2226 1970 2317 postulat,
2019 2219 2282 2300 distrahuntur:

241 2352 321 2397 ciam
336 2328 385 2397 ita
401 2349 473 2395 esse
487 2336 698 2406 statuemus,
721 2336 755 2391 et
768 2325 796 2390 si
815 2323 904 2392 aliae
920 2346 1043 2391 causae
1053 2322 1095 2390 ad
1112 2321 1230 2389 dicen·
1288 2358 1392 2425 saepe
1417 2329 1612 2424 pugnantia
1629 2329 1816 2413 dicuntur,
1841 2327 1958 2397 vicina
1977 2328 2207 2418 arripiuntur
2218 2354 2282 2423 pro

242 2432 328 2500 dum
347 2429 521 2512 invitant,
549 2442 666 2494 tantan
684 2426 799 2493 bonae
815 2440 949 2494 menies
965 2425 1003 2493 in
1019 2419 1115 2494 hunc
1130 2423 1235 2491 finem
1288 2426 1382 2506 vari,
1404 2433 1629 2525 gepa-oppii&
1687 2431 1870 2501 Postremo
1895 2429 2157 2501 condomina
2179 2456 2280 2503 mon.

242 2532 431 2623 praecipue
461 2543 494 2599 et
521 2527 689 2597 acerrime
720 2527 852 2596 intueri
877 2528 1024 2607 debent,
1056 2539 1097 2596 ut
1120 2523 1236 2594 studia
1290 2552 1401 2610 mo„
1417 2550 1485 2622 est,
1511 2548 1546 2606 et
1559 2533 1685 2604 similia
1700 2533 1753 2602 illi
1769 2532 1928 2624 pictum
1940 2533 2035 2624 apud
2050 2528 2261 2607 Horatium

207 2628 210 2632 ’
243 2634 287 2702 ad
319 2631 510 2702 iuvandam
542 2644 575 2699 et
603 2630 800 2697 ornandam
836 2627 1032 2700 Ecclesiam
1066 2627 1238 2711 referan13
1415 2644 2099 2726 nummompiaioerviaempictoraqutmm

243 2728 338 2803 nihil
362 2734 456 2802 enim
481 2732 586 2801 bonis
609 2730 749 2801 dulcius
762 2727 940 2801 Ecclesiae
956 2729 1119 2812 nomine,
1146 2724 1239 2797 nihil
1418 2745 1546 2831 lunge„
1561 2751 1587 2808 si
1599 2750 1673 2809 vena
1683 2793 1692 2825 ‚
1718 2759 1747 2806 er
1762 2747 1857 2807 varias
1872 2745 2013 2807 inducere
2030 2748 2167 2828 pluma,

246 2860 288 2905 ea
304 2837 419 2904 carius
437 2859 509 2903 esse
526 2835 641 2902 debet.
706 2831 802 2903 Haec
819 2857 921 2902 causa
937 2832 1087 2902 maxime
1103 2825 1239 2900 hortari
1289 2840 1502 2918 Nihilineg
1522 2838 1707 2927 cohaeret,
1734 2866 1808 2911 110„
1828 2841 1952 2927 initia,
1975 2865 2051 2911 non
2069 2838 2287 2933 pmgreggio.

247 2949 281 3006 et
297 2938 448 3006 excitare
463 2961 528 3005 uos
544 2937 667 3018 debet,
694 2950 732 3002 ui
758 2960 895 3004 summa
917 2936 1146 3004 contentione
1160 2932 1240 3001 ani·
1293 2971 1373 3032 nes,
1406 2971 1480 3016 „011
1510 2946 1623 3015 exitus
1646 2945 1742 3014 cerni
1770 2959 1929 3035 possum,
1993 2941 2096 3015 Talis
2124 2942 2284 3014 doctrin,

246 3063 387 3107 ¹¹¹⁰¹¹¹¹¹¹
412 3053 615 3128 expetimus
639 3038 828 3127 perfectam
855 3038 1075 3122 d⁰⁶lll¹¹³m2
1111 3059 1151 3104 ⁰¹
1170 3059 1239 3129 (1¹¹³
1292 3061 1492 3140 nonpoiest
1506 3072 1579 3117 non
1597 3047 1740 3137 gignere
1754 3046 1913 3116 infinitos
1927 3069 2085 3132 errores,
2111 3044 2280 3117 infinitam

246 3142 290 3211 ad
308 3137 485 3233 ltempub.
502 3154 535 3209 er
551 3143 595 3208 ad
613 3135 806 3241 Ecclesiam
825 3139 960 3210 utilitas
981 3139 1099 3232 aliqua
1114 3161 1240 3230 parve·
1292 3151 1579 3242 dissipationem,
1601 3150 1683 3244 quia
1699 3149 1738 3217 in
1752 3162 1850 3219 tanta
1865 3148 2073 3220 confusione
2088 3146 2281 3220 aliosalios

248 3243 327 3312 ”lm
350 3243 470 3337 P⁰⁸⁸l¹·
529 3241 601 3313 Nec
628 3265 712 3310 vem
739 3239 1242 3335 ¹¹⁰bi⁸Ps⁸⁰⁰⁰P¹⁰¹ib¹¹⁸diss·
1293 3253 1480 3344 intelligit,
1505 3264 1540 3322 et
1562 3253 1648 3323 dum
1671 3276 1775 3322 suum
1797 3252 1948 3345 quisque
1961 3250 2145 3321 somnium
2170 3250 2285 3323 deien-

248 3344 329 3414 nior
351 3361 403 3417 0³1
425 3345 538 3415 012150
563 3346 606 3414 de
627 3343 701 3413 Ulli
724 3367 762 3412 re
786 3344 873 3427 ³¹3²,
905 3368 969 3413 ¹¹80
995 3343 1100 3412 bonis
1118 3355 1242 3411 ‘¹⁵¹⁰-
1295 3356 1367 3442 dit,
1400 3355 1553 3426 existunt
1568 3353 1761 3424 certamina
1787 3367 1822 3424 et
1837 3353 2087 3424 dissensiones.
2141 3351 2282 3426 interim
2322 3350 2324 3361 '

247 3447 357 3517 diosis
380 3449 567 3541 quicquam
587 3446 711 3515 utilius
741 3459 811 3528 est,
844 3470 949 3538 quam
976 3445 1095 3514 auimo
1125 3445 1242 3525 linem,

250 3562 286 3619 et
300 3551 400 3641 quasi
416 3564 545 3618 metam
562 3544 800 3617 honestissimi
818 3571 940 3617 cursus
954 3548 1173 3639 prospicere,
1198 3547 1242 3615 ad

124 3664 132 3669 “
250 3674 357 3744 quam
374 3651 504 3719 referre
520 3674 582 3719 sua
602 3649 718 3719 studia
738 3651 881 3719 debent.

351 3762 498 3837 Adhaec
521 3767 649 3836 artium
677 3767 833 3856 ipsarum
854 3766 1008 3856 dignitas
1031 3780 1065 3836 et
1092 3765 1145 3833 vis
1170 3787 1242 3835 nou

250 3868 339 3940 alibi
363 3870 473 3958 magis
503 3869 659 3959 conspici
692 3881 823 3958 potest,
862 3868 1019 3962 quamsi
1052 3869 1244 3952 videamus,

252 3985 425 4066 quantum
441 3995 531 4064 opus
540 3972 585 4041 sit
600 3970 672 4039 illis
684 3970 722 4039 iu
731 3965 907 4054 Ecclesia,
933 3970 1075 4062 quantis
1090 3970 1244 4041 tenebris

252 4075 382 4145 obruat
413 4072 550 4142 inscitia
573 4072 803 4162 religionem,
843 4086 1011 4163 quautam
1035 4073 1244 4156 vastitatem,

253 4200 360 4270 quam
375 4170 565 4244 horribiles
579 4174 826 4265 dissipationes
840 4170 1100 4255 Ecclesiarum,
1129 4198 1243 4266 quan-

253 4291 326 4350 tam
354 4277 553 4346 barbariem
581 4291 614 4346 et
634 4278 877 4345 confusionem
901 4276 1009 4347 totius
1023 4271 1169 4345 humani
1186 4299 1245 4363 ge-

253 4379 349 4450 neris
372 4377 497 4471 pariat.
556 4377 651 4448 Haec
672 4380 701 4447 si
727 4381 806 4473 quis
828 4379 1084 4465 considerabit,
1118 4379 1166 4448 iia
1183 4381 1246 4446 ‹le-

253 4507 351 4552 mum
367 4480 566 4551 existimare
587 4481 734 4570 poterii,
760 4494 890 4574 quanta
912 4481 958 4552 sit
980 4481 1110 4569 artium
1125 4506 1165 4551 ac
1180 4483 1245 4549 do-

253 4584 387 4653 ctrinae
405 4583 458 4652 vis
476 4595 510 4651 et
526 4584 745 4672 magnitudo.

353 4682 432 4756 Etsi
457 4697 574 4754 autem
598 4684 699 4754 nulla
722 4684 836 4754 oratio
859 4708 923 4777 par
941 4686 1048 4753 taulis
1065 4687 1169 4754 rebus
1187 4709 1247 4753 ex-

254 4785 400 4875 cogitari
418 4799 549 4878 potest,
575 4798 693 4856 tamen
715 4810 795 4856 cum
818 4787 863 4854 ab
877 4787 1049 4877 imperitis
1071 4810 1171 4880 saepe
1192 4812 1244 4855 se-

253 4900 380 4958 rantur
400 4889 444 4957 de
464 4883 530 4959 hac
551 4911 591 4959 re
620 4912 747 4979 pravae
770 4888 976 4980 opiniones,
1009 4891 1247 4959 adolescentes

1293 3459 1526 3530 conscientiae
1554 3457 1811 3550 relinquuntur
1837 3456 2066 3547 ambigentes.
2134 3452 2188 3529 Et
2209 3451 2281 3550 quia

1294 3561 1415 3631 nullae
1441 3556 1607 3653 Erynnes
1644 3553 1888 3628 vehementius
1924 3558 2084 3629 cruciant
2116 3558 2279 3639 animun.

1296 3685 1400 3757 qnam
1425 3657 1512 3730 haec
1534 3660 1710 3730 dubitatio
1735 3661 1779 3728 de
1807 3659 1998 3751 religione,
2030 3662 2183 3737 taudem
2209 3657 2279 3730 odio

1296 3766 1451 3859 quodam
1465 3763 1631 3834 abiicitur
1646 3762 1811 3831 universa
1825 3762 1973 3853 religio,
1999 3776 2032 3833 et
2046 3763 2141 3835 fiunt
2157 3776 2279 3834 mentes

1296 3861 1500 3960 prophanae
1522 3878 1553 3935 et
1570 3862 1779 3955 Epicureae.
2060 3853 2078 3869 ‘

1398 3967 1489 4038 Cum
1521 3967 1630 4057 igitur
1659 3979 1796 4036 tautum
1827 3960 1956 4037 habeat
1992 3965 2079 4034 mali
2109 3966 2279 4041 inerudita

1296 4065 1511 4160 i'heologia,
1543 4069 1646 4138 facile
1669 4068 1818 4143 iudicari
1840 4082 1974 4160 potest,
2006 4064 2191 4142 Ecclesiae
2202 4088 2278 4161 opus

1299 4196 1371 4242 esse
1387 4171 1508 4242 multis
1527 4171 1663 4261 magnis
1677 4172 1822 4244 artibus.
1874 4167 1964 4241 Nam
1984 4170 2279 4254 adiudicandum,

1297 4289 1332 4345 et
1348 4276 1391 4344 ad
1409 4288 1503 4345 recte
1520 4286 1556 4343 et
1570 4273 1728 4343 dilucide
1744 4273 1968 4362 explicandas
1981 4295 2037 4342 res
2056 4273 2278 4346 intricataset

1297 4378 1483 4457 obscuras,
1510 4400 1584 4446 nou
1609 4376 1692 4445 satis
1711 4387 1763 4444 est
1783 4399 1886 4445 nosse
1909 4370 1994 4447 haec
2015 4375 2176 4467 vulgaria
2193 4399 2279 4471 prae·

1297 4493 1395 4572 cepta
1418 4476 1675 4549 Grammatices
1700 4492 1734 4548 et
1759 4477 1990 4558 Dialectices,
2031 4481 2092 4549 sed
2121 4504 2213 4574 opus
2237 4489 2278 4549 est

1277 4581 1487 4679 'multiplici
1510 4580 1689 4665 doctrina3
1726 4581 1837 4650 multa
1860 4581 1956 4649 enim
1979 4586 2195 4655 assumenda
2208 4591 2280 4654 sunt

1298 4708 1338 4754 ex
1355 4679 1536 4779 Physicis,
1567 4683 1678 4752 multa
1701 4706 1742 4751 ex
1764 4676 1996 4773 Philosophia
2020 4685 2151 4755 morali
2171 4685 2278 4758 confe-

1298 4788 1406 4856 renda
1426 4798 1508 4855 sunt
1526 4786 1569 4853 ad
1586 4784 1783 4854 doctrinam
1798 4780 2051 4856 Christianam.

1399 4885 1539 4958 Deinde
1560 4888 1649 4956 duae
1668 4910 1723 4956 res
1745 4900 1848 4973 suut,
1871 4889 1914 4956 ad
1931 4910 2020 4982 quas
2034 4892 2279 4983 comparandas

253 4989 425 5058 mouendi
448 5004 482 5061 et
504 4990 773 5080 praemuniendi
797 5002 897 5059 sunt:
923 4993 1018 5083 quod
1043 5016 1245 5085 quanquam
1297 5015 1387 5082 opus
1401 5003 1452 5060 est
1467 5013 1592 5080 magna
1612 5003 1646 5060 et
1663 4990 1759 5057 varia
1776 4990 1959 5074 doctriua,
1983 5002 2018 5060 et
2031 4991 2140 5082 longa
2156 4990 2279 5064 exerci-

255 5090 295 5159 in
327 5084 458 5160 scholis
486 5092 522 5162 ir
554 5116 573 5162 a
598 5093 884 5184 praeceptoribus
908 5093 1087 5185 quotidie,
1127 5107 1245 5164 tamen
1297 5094 1432 5164 tatione
1455 5093 1492 5161 in
1509 5092 1631 5163 multis
1655 5092 1804 5176 artibus,
1831 5092 2012 5176 videlicet,
2043 5090 2278 5167 methodusel

253 5193 388 5276 oratio,
419 5216 509 5287 qnae
530 5187 599 5263 hoc
629 5193 707 5265 loco
736 5190 886 5264 habetur
916 5196 1059 5285 publico
1089 5197 1246 5282 nomine,
1296 5195 1410 5265 sorma
1424 5195 1608 5268 orationis.
1659 5191 1773 5264 Nemo
1787 5195 1882 5263 euim
1899 5194 1976 5264 fieri
1989 5196 2114 5267 artifex
2130 5192 2278 5268 methodi

253 5295 334 5387 plus
351 5295 549 5366 autoritatis
576 5292 708 5367 habere
727 5297 843 5370 debet.
892 5292 958 5367 Est
971 5298 1066 5366 euim
1082 5298 1245 5367 omnium
1296 5311 1431 5389 potest,
1451 5297 1521 5366 uisi
1538 5298 1628 5367 bene
1643 5309 1677 5366 et
1694 5296 1761 5366 rite
1771 5299 1983 5368 assuefactus
1997 5298 2034 5367 iu
2044 5293 2276 5391 Philosophia,

253 5397 537 5469 doctissimorum
555 5396 715 5477 virorum
731 5398 770 5468 in
784 5393 851 5469 hoc
866 5422 1032 5470 consessu
1046 5401 1245 5470 communis
1296 5400 1488 5492 etquidem
1511 5399 1549 5469 in
1572 5395 1640 5469 hoc
1656 5423 1730 5470 uno
1750 5421 1877 5488 genere
1895 5395 2169 5492 Philosophiae,
2192 5396 2276 5496 quod

252 5499 445 5583 sententia,
469 5522 577 5595 quam
600 5514 826 5575 contemnere
847 5501 1006 5596 profecto
1021 5502 1128 5574 inerit
1142 5527 1242 5573 arro·
1294 5502 1451 5574 alienum
1475 5513 1528 5574 est
1544 5527 1564 5573 a
1579 5495 1801 5596 sophistica,
1836 5503 1933 5599 quod
1957 5502 2144 5577 veritatem
2164 5500 2274 5579 ordine
