4664 6022
142 288 192 359 99
628 275 789 352 DECL.
828 274 905 349 DE
946 273 1250 369 GRADIBUS
1294 276 1683 364 DlSCENTlUM.
2107 293 2184 365 100

146 461 306 531 ‹ttauras
341 483 421 527 cum
466 481 506 526 eo
540 477 687 543 genere,
729 463 866 520 tantum
902 451 1140 521 adolescentes
1190 453 1287 522 mine
1316 465 1473 538 tantum,
1505 455 1567 527 diu
1588 455 1846 532 immorabatur
1871 463 2057 552 iuventus,
2086 469 2185 540 'dum

145 563 444 633 commonefacere
466 557 621 639 decrevi,
653 579 724 648 quo
742 554 891 622 consilio
906 569 938 622 et
958 553 1043 622 olim
1060 578 1140 643 gra·
1190 555 1332 647 penitus
1347 573 1588 646 cognosceret,
1608 561 1692 629 dum
1709 563 1815 652 longo
1830 588 1897 634 usu
1909 567 2081 639 iudicium
2098 594 2187 640 cou-

147 669 215 735 dus
237 663 390 732 instituti
414 662 502 744 sint,
536 673 569 728 et
590 671 761 751 quantum
784 659 826 723 ad
845 657 1046 725 communia
1064 670 1139 725 stu·
1190 659 1399 730 firmaretur.
1454 656 1494 726 lu
1519 654 1575 728 his
1589 673 1757 756 tanquam
1773 668 1965 757 praeludiis
1981 670 2187 758 graviorum

147 768 206 836 dia
223 767 404 836 literarum
430 760 600 830 momenti
624 758 776 829 adferret
792 759 935 826 illorum
953 781 1141 827 conserva·
1191 760 1460 851 disciplinarum
1476 785 1556 829 cum
1579 762 1649 831 iam
1671 765 1755 861 satis
1772 768 1979 840 viderentur
1993 774 2189 863 exercitati,

148 870 211 939 tio.
263 864 326 935 Est
348 879 464 934 autem
487 865 624 930 adeam
648 885 786 930 causam
807 855 1140 953 opusmihiaequi-
1191 875 1433 953 praeceptores
1456 863 1721 954 permittebant,
1755 883 1795 938 ut
1812 895 1927 957 sacra,
1948 887 2009 944 aut
2029 872 2189 946 Medici-

148 984 218 1040 tate
245 982 357 1037 vestra
381 965 593 1047 auditores,
611 963 798 1054 plerosque
816 962 911 1030 enim
931 974 1069 1030 tantum
1088 963 1140 1030 fa·
1173 970 1294 1046 nam,
1320 963 1449 1033 autlus
1461 966 1644 1055 publicum
1659 969 1887 1059 attingerent,
1913 975 1955 1041 ad
1973 1000 2061 1067 quas
2077 978 2188 1048 disci·

148 1071 293 1141 stidium
319 1070 409 1159 cepit
431 1067 534 1137 istius
555 1065 682 1149 rnoris,
715 1078 754 1133 ut
778 1077 914 1133 tautum
936 1087 1010 1131 non
1029 1076 1140 1131 totam
1192 1066 1308 1155 plinas
1327 1089 1428 1136 usum
1446 1067 1636 1156 puerilium
1655 1068 1837 1142 literarum
1855 1097 2021 1164 magnum
2036 1092 2071 1149 et
2086 1103 2188 1150 acer·

149 1173 355 1265 Anticyram
379 1183 502 1260 putent
519 1168 764 1235 destinandam
790 1189 861 1233 esse
878 1160 953 1248 his,
977 1165 1038 1257 qui
1056 1168 1141 1233 titu-
1192 1168 1321 1236 rimum
1346 1167 1516 1237 iudicium
1541 1169 1707 1241 volebant
1731 1175 1880 1247 adferre.
1939 1173 2063 1271 ltaque
2085 1182 2187 1273 prius

147 1276 201 1343 los
225 1275 309 1343 istos
333 1275 506 1360 graduum
523 1269 665 1338 decerni
681 1268 748 1335 sibi
767 1268 957 1358 postulant.
1009 1262 1067 1334 Ab
1084 1261 1140 1334 his
1192 1268 1467 1358 explorabantur
1483 1264 1540 1338 hic
1556 1271 1660 1345 etiam
1678 1275 1769 1343 vires
1779 1277 2078 1367 adulescentium,
2104 1277 2188 1355 Ma-

149 1402 213 1468 pro
230 1400 307 1443 meo
323 1374 400 1442 iure
417 1387 517 1464 peto,
544 1396 587 1438 ae
603 1395 667 1439 nos
686 1393 725 1436 ex
744 1365 809 1438 hac
823 1364 944 1437 schola
960 1368 1141 1447 exibilent,
1192 1371 1372 1459 gisterium
1399 1372 1557 1442 fecerunt
1581 1372 1682 1442 classi
1704 1376 1859 1447 titulum.
1918 1377 2082 1454 Profecto
2105 1385 2186 1476 plu-

148 1476 416 1567 ncexplodant.
444 1475 648 1566 priusquam
668 1472 863 1541 orationem
888 1483 1044 1537 nostram
1059 1492 1141 1556 cog·
1194 1471 1324 1540 rimum
1350 1473 1476 1558 refert,
1512 1478 1691 1565 quomodo
1721 1478 1945 1551 instruantur
1971 1507 2188 1577 praeparen-

148 1580 326 1648 noverint.
391 1575 480 1645 Nam
507 1574 759 1664 pronunciare,
786 1573 1142 1660 cumnondumcog·
1193 1587 1321 1665 torque
1358 1577 1401 1644 ad
1443 1577 1636 1669 severiores
1687 1580 1892 1672 disciplinas
1934 1585 2185 1665 adulescentes.

147 1681 290 1750 noveris
304 1679 521 1757 causam,id
540 1701 620 1745 vero
637 1689 688 1744 est
704 1676 824 1744 iniusti
842 1688 874 1744 et
889 1674 1029 1742 barbari
1048 1673 1142 1741 iudi·
1192 1672 1274 1743 Non
1304 1689 1387 1745 sunt
1417 1676 1519 1765 longe
1552 1681 1702 1769 petenda
1729 1685 1908 1772 exempla,
1939 1689 2053 1756 nostri
2076 1687 2186 1761 seculi

147 1784 207 1850 cis.
259 1778 307 1849 Et
323 1802 386 1867 ego
410 1779 573 1846 vaesanis
591 1779 758 1847 omnibus
780 1776 1052 1848 satisfacturum
1071 1798 1143 1844 esse
1194 1801 1328 1847 morem
1346 1779 1539 1850 videamus.
1592 1779 1718 1850 Statim
1743 1783 1804 1852 ubi
1829 1785 1866 1852 in
1884 1787 2064 1876 publicam
2081 1786 2185 1865 scho-

148 1883 186 1952 in
206 1880 272 1952 hoc
291 1880 437 1970 negocio
456 1881 600 1969 recipio.
1194 1879 1262 1945 lam
1281 1878 1378 1948 missi
1394 1881 1526 1949 suerint
1541 1882 1799 1964 adulescentes,
1830 1900 1957 1976 putant
1973 1891 2113 1963 sordidi
2128 1895 2184 1965 iu·

251 1981 315 2055 Est
337 1984 507 2077 quaedavu
533 1983 571 2048 in
602 1981 796 2070 puerilibus
820 1980 971 2068 ingeniis
993 1976 1143 2047 infantia
1194 1981 1287 2069 genii
1304 2004 1394 2064 esse,
1418 1982 1479 2050 diu
1498 1977 1642 2053 haerere
1659 1985 1696 2052 in
1715 1985 1983 2078 Grammaticis,
2008 2008 2070 2063 aut
2087 1997 2183 2066 simi-

149 2103 183 2158 et
199 2086 439 2166 imbecillitas,
474 2109 563 2175 quae
585 2107 659 2150 non
684 2084 812 2152 sufficit
829 2082 991 2172 pluribus
1006 2081 1142 2149 artibus
1193 2083 1287 2150 libus
1306 2083 1429 2172 nugis,
1464 2099 1655 2173 properant
1676 2087 1736 2154 alii
1762 2091 1806 2157 ad
1833 2112 1952 2178 sacra,
1985 2096 2089 2166 nulla
2114 2099 2182 2168 lin·

147 2189 253 2258 simiel
272 2187 466 2268 discendis,
499 2188 559 2252 sed
575 2186 706 2253 sensim
730 2209 793 2274 per
812 2187 941 2272 gradus
957 2185 1142 2275 quosdam,
1194 2208 1362 2273 guarum,
1390 2185 1488 2253 nulla
1508 2186 1649 2254 dicendi
1664 2189 1809 2260 scientia
1823 2205 1928 2263 antea
1944 2211 2063 2286 parta,
2087 2200 2182 2271 nulls

148 2292 193 2359 ad
213 2291 390 2379 graviores
406 2301 497 2354 artes
513 2288 720 2356 traducendi
740 2300 823 2355 suut
840 2286 960 2376 pueri,
986 2287 1072 2351 dum
1096 2285 1139 2350 ad
1194 2281 1447 2354 humaniorum
1470 2310 1509 2355 ac
1532 2288 1690 2357 civilium
1709 2294 1855 2362 'morum
1879 2299 2105 2386 cognitione,
2130 2302 2182 2373 di-

147 2391 324 2480 sastigium
350 2390 478 2457 artium
505 2389 750 2478 pervenerint,
784 2383 851 2454 hoc
875 2399 944 2464 est,
972 2386 1057 2453 dcam
1081 2408 1143 2473 pa·
1195 2402 1295 2457 scunt
1316 2389 1436 2477 inepte
1456 2388 1563 2458 rixari
1588 2392 1632 2458 de
1659 2393 1766 2462 sacris
1789 2396 1914 2482 rebus,
1940 2423 2004 2468 nec
2026 2404 2072 2471 ad
2096 2402 2181 2475 vitre

148 2494 303 2562 raveriut
323 2491 393 2558 sibi
405 2490 587 2557 scientiam
607 2513 680 2556 non
705 2489 813 2558 stulte
831 2490 873 2555 de
891 2488 997 2557 rebus
1014 2482 1142 2555 huma·
1193 2512 1296 2557 usum
1314 2505 1532 2582 comparant.
1567 2489 1660 2562 Volo
1676 2516 1738 2582 ego
1753 2496 1897 2588 quidem
1913 2501 2078 2571 omnium
2093 2519 2180 2576 aeta·

147 2596 204 2663 nis
235 2593 433 2670 iudicandi,
468 2604 500 2659 et
525 2590 738 2659 mediocrem
764 2591 942 2683 quandam
969 2588 1142 2656 sermonis
1192 2607 1287 2670 tum,
1322 2594 1481 2662 onmium
1510 2593 1603 2663 vitae
1624 2596 1779 2685 partium
1803 2623 1877 2668 esse
1901 2602 2089 2692 religionis
2113 2621 2183 2679 stu·

148 2697 304 2786 copiam,
340 2696 382 2761 ad
415 2694 593 2761 docendos
622 2692 728 2774 alios,
761 2692 1142 2781 demonstrandamque
1193 2692 1313 2776 dium,
1347 2695 1406 2762 sed
1429 2719 1467 2763 ea
1491 2712 1739 2786 proponantur
1758 2701 1895 2791 pueris,
1930 2727 2021 2795 quae
2047 2710 2181 2804 assequi

148 2798 221 2864 vim
256 2811 490 2885 naturamque
533 2794 684 2866 virtutis.
756 2790 804 2862 Et
841 2793 1140 2886 quemadmodum
1195 2794 1347 2884 possint,
1373 2819 1462 2887 quae
1476 2797 1762 2885 pietatemalant,
1787 2827 1877 2894 quae
1893 2809 2180 2903 moresformeut,

148 2924 223 2967 nou
240 2896 357 2966 statim
374 2897 461 2964 cibis
477 2896 682 2964 durioribus
699 2920 760 2964 ora
777 2895 966 2963 infantium
983 2894 1065 2962 satis
1082 2893 1141 2959 far·
1193 2920 1267 2963 non
1282 2898 1377 2963 unde
1390 2911 1512 2986 petant
1527 2898 1665 2967 rixandi
1682 2904 1875 2978 materiam.

148 3025 205 3068 ma
223 3012 321 3080 stant,
348 3000 406 3064 sed
423 2998 511 3066 lacte
528 2998 587 3065 diu
605 2999 768 3081 aluntur,
794 3008 912 3086 postea
932 3018 1139 3085 praemanso
1297 2995 1393 3083 Quid
1417 3000 1460 3066 de
1476 2999 1554 3067 aliis
1571 3002 1848 3090 professionibus
1870 3008 2013 3080 dicam?
2048 3009 2093 3082 ln
2107 3013 2179 3087 iure

148 3103 248 3186 cibo,
282 3101 393 3168 donec
418 3100 667 3187 grandescant:
704 3100 750 3169 ita
774 3097 1004 3189 pinguissima
1033 3120 1141 3189 quae·
1192 3098 1361 3167 discendo
1378 3099 1496 3169 videas
1511 3103 1663 3188 versari,
1688 3108 1749 3197 qui
1762 3108 1901 3177 nullum
1920 3134 2067 3200 prorsus
2083 3140 2176 3189 usum

149 3226 218 3295 que
252 3201 487 3293 facillimaque
514 3200 737 3290 deliguntur,
768 3223 859 3292 quae
883 3199 1043 3266 infirmae
1067 3198 1142 3286 pri·
1192 3200 1342 3270 aliarum
1359 3200 1539 3271 literarum
1556 3197 1707 3290 habent,
1730 3224 1945 3302 mandanda
1961 3214 2053 3284 illud
2070 3217 2177 3311 ipsum

148 3329 246 3372 mum
269 3302 373 3372 aetati
397 3304 601 3386 tradantur,
635 3303 764 3372 deinde
789 3301 916 3370 ordine
932 3299 1140 3390 disciplinae
1191 3300 1248 3370 ius
1267 3326 1308 3371 ex
1330 3297 1628 3394 Philosophorum
1656 3330 1696 3376 ac
1717 3304 1916 3383 Rhetorum
1939 3315 2073 3405 literis,
2104 3332 2179 3390 tau·

148 3406 315 3499 reliquae.
384 3400 505 3496 ltaque
534 3405 725 3495 prudentes
759 3403 828 3472 viri
853 3405 891 3470 in
922 3397 1051 3470 scholis
1075 3403 1136 3468 de·
1191 3427 1296 3497 quam
1328 3427 1369 3472 ex
1400 3405 1498 3475 fonte
1524 3421 1640 3477 ortum
1663 3410 1720 3484 sit.
1783 3409 1928 3485 latricae
1949 3442 2035 3489 vero
2056 3432 2178 3495 manus

148 3509 363 3599 scripserunt
391 3506 515 3575 classes
536 3508 704 3598 quasdam
724 3529 932 3594 puerorum,
960 3518 999 3573 ut
1013 3528 1139 3572 secun·
1191 3508 1399 3591 admovere,
1424 3507 1491 3575 nisi
1508 3505 1681 3605 Physicen
1701 3512 1887 3601 didiceris,
1918 3534 1970 3591 est
1995 3520 2074 3592 sine
2094 3549 2178 3617 peu·

149 3610 234 3676 dum
257 3607 392 3694 ingenii
413 3608 505 3691 vires
527 3608 588 3674 alii
612 3610 690 3675 aliis
714 3607 911 3697 disciplinis
925 3600 1139 3673 adhiberen·
1191 3608 1247 3677 nis
1269 3607 1400 3681 volare.
1451 3610 1543 3679 Nam
1566 3612 1692 3681 clinica
1711 3615 1771 3684 illa
1793 3618 1970 3690 medicina
1997 3636 2070 3694 1⁰1³
2087 3649 2129 3697 ex
2144 3650 2176 3697 0²

149 3704 244 3780 turs
276 3705 323 3778 Et
353 3709 388 3774 in
419 3731 480 3776 sua
507 3709 656 3800 quisque
685 3708 811 3791 classe,
848 3721 1017 3797 tanquam
1045 3707 1138 3773 intra
1190 3704 1444 3798 Philosophiae
1474 3725 1571 3802 parte
1600 3729 1681 3785 nata
1712 3731 1781 3801 est,
1813 3745 1904 3813 quae
1927 3723 2175 3799 elementorum

148 3824 244 3901 septa
267 3810 499 3893 detineretur,
533 3833 577 3878 ne
601 3811 812 3899 imparatus,
845 3821 878 3875 et
895 3821 1062 3899 tauquam
1081 3830 1139 3875 sus
1192 3811 1449 3899 cognitionem,
1483 3829 1600 3882 motus
1622 3819 1844 3907 varietatem,
1871 3847 2063 3916 corporum
2077 3843 2175 3901 natu·

148 3912 186 3980 in
211 3934 306 3981 rosas
332 3912 482 3981 irrueret
502 3913 546 3979 ad
574 3911 794 3981 obscuriores
818 3924 918 3978 artes.
979 3909 1020 3976 ln
1043 3903 1139 3976 hunc
1191 3935 1264 3978 ram
1291 3914 1408 3985 tradit.
1468 3911 1579 3985 Porro
1604 3919 1688 3987 dcam
1708 3915 1898 3994 hocmodo
1923 3951 1996 3996 non
2016 3930 2174 4022 perpoliti

147 4016 294 4081 modum
319 4013 447 4101 gradus
470 4013 614 4106 quidam
644 4013 726 4082 facti
748 4025 831 4081 stant
853 4010 1138 4089 adolescentium,
1190 4014 1319 4102 puerili
1344 4015 1505 4084 doctrina
1532 4017 1674 4090 irruunt
1697 4025 1741 4090 ad
1765 4028 1956 4099 severiores
1980 4044 2095 4119 artes,
2124 4034 2173 4103 in·

148 4128 189 4184 ut
232 4113 387 4205 primum
431 4113 673 4186 Grammatica
718 4110 980 4206 Dialecticaque
1022 4113 1138 4183 trade·
1190 4115 1290 4183 bravo
1318 4115 1450 4186 iudicio
1475 4118 1596 4189 literae
1620 4145 1761 4209 omnes,
1793 4141 1953 4224 artesque
1970 4133 2075 4205 foede
2097 4159 2174 4207 con·

147 4229 290 4297 rentur,
329 4240 418 4307 quae
447 4218 580 4306 primae
600 4229 692 4287 artes
722 4215 1018 4307 planissimaeque
1043 4228 1137 4284 sunt.
1190 4232 1410 4306 spureantur.
1470 4215 1517 4288 Et
1533 4221 1616 4313 quia
1638 4247 1677 4292 ex
1693 4224 1803 4296 literis
1823 4253 1940 4302 rerum
1956 4236 2171 4325 publicarunt

147 4315 218 4387 Ubi
242 4318 453 4386 videbantur
475 4314 538 4386 has
554 4318 797 4405 perdidicisse,
832 4340 904 4384 non
922 4333 1051 4385 temere
1070 4315 1136 4403 ipsi
1162 4344 1165 4353 ·
1189 4332 1298 4389 status
1315 4335 1587 4412 comparantur,
1608 4324 1662 4409 lit,
1685 4352 1763 4396 cum
1780 4355 1905 4421 parum
1921 4336 1998 4405 saui
2014 4362 2082 4429 pro
2095 4364 2171 4411 cou-

146 4421 189 4487 ad
211 4413 403 4512 Physicen,
439 4433 499 4489 aut
519 4421 606 4487 alias
630 4434 722 4488 artes
746 4420 1005 4508 irrumpebant.
1066 4417 1136 4486 Sed
1189 4421 1352 4491 cionibus
1375 4436 1409 4492 et
1434 4425 1470 4491 in
1504 4424 1645 4495 iudiciis
1667 4451 1815 4518 regnum
1842 4452 1981 4522 gerant,
2016 4456 2057 4511 ut
2083 4441 2170 4513 varie

145 4534 387 4612 praeceptores
404 4522 633 4612 explorabant
650 4522 740 4590 vires
755 4520 1047 4602 adolescentium,
1074 4519 1136 4611 qui
1189 4536 1401 4613 quassentur
1426 4522 1584 4617 Respub.
1615 4525 1777 4600 Profecto
1811 4537 1918 4605 sattius
1954 4554 2029 4612 erat
2059 4545 2168 4615 nullst

145 4622 175 4689 si
192 4623 449 4713 probarentur,
481 4623 714 4691 admittebant
739 4625 780 4689 ad
806 4623 960 4714 reliquas
977 4620 1135 4712 discipli·
1188 4623 1308 4693 literas
1329 4625 1520 4714 attingere,
1551 4651 1657 4721 quam
1682 4626 2052 4712 hocmodotractare.
2102 4644 2168 4717 Diu

144 4747 219 4793 nas.
249 4723 395 4815 Nuper
417 4718 533 4793 adlusc
556 4719 844 4793 hocservabatur
860 4725 897 4790 in
915 4719 1063 4806 scholis,
1089 4746 1134 4790 ne
1187 4740 1289 4795 erant
1314 4727 1415 4815 pueri
1443 4724 1712 4818 Grammaticis,
1745 4731 1947 4810 Dialecticis
1972 4768 2012 4812 ac
2039 4742 2167 4818 Rheto-

145 4824 224 4916 quis
252 4826 437 4915 attingeret
465 4820 658 4918 Physicen,
695 4840 754 4894 aut
787 4820 1027 4910 Mathemata,
1063 4824 1134 4891 nisi
1186 4828 1270 4896 ricis
1302 4827 1484 4916 alligandi.
1543 4830 1701 4903 Multum
1727 4841 1894 4930 temporis
1918 4859 2038 4934 postea
2066 4850 2166 4919 collo·

143 4926 307 4994 antesin
337 4927 587 4998 Grammaticis
610 4941 643 4996 et
660 4924 862 4996 Dialecticis
884 4927 946 4995 diu
963 4928 1134 4995 multum·
1185 4930 1337 4998 candum
1357 4943 1430 4998 erat
1452 4930 1490 4998 in
1508 4929 1743 5023 Mathemata,
1771 4953 1806 5010 et
1821 4944 1994 5038 reliquam
2014 4944 2165 5021 Philoso-

144 5050 212 5118 que
237 5040 401 5097 versatus.
460 5025 584 5098 Postea
605 5043 870 5120 praeceptorum
899 5028 1030 5097 iudicio
1060 5041 1133 5096 tra-
1186 5025 1317 5119 phiam.
1372 5030 1676 5106 Ubimaturuisset
1692 5040 1885 5131 iudicium,
1907 5062 1983 5116 tum
1999 5066 2099 5121 erant
2113 5051 2164 5123 ad·

143 5127 292 5195 debatur
313 5127 481 5212 ulterius,
519 5144 552 5201 et
579 5126 715 5220 primus
743 5131 804 5199 ille
830 5131 958 5219 gradus
980 5154 999 5199 a
1021 5127 1131 5199 Lauri
1185 5126 1336 5202 bibendi
1351 5134 1394 5202 ad
1411 5157 1468 5203 eas
1482 5148 1593 5223 artes,
1618 5140 1869 5236 quibusResp.
1888 5152 2140 5238 gubernantur.

141 5228 246 5297 bacca
270 5251 399 5296 nomen
423 5225 565 5300 babuit:
593 5227 708 5302 Erant
735 5232 829 5298 enim
856 5226 1003 5300 honesto
1026 5230 1131 5299 titulo
1286 5231 1416 5305 Graeci
1436 5237 1627 5326 agricolae,
1657 5267 1737 5312 cum
1760 5245 1920 5323 viderent
1942 5268 2162 5326 maturescere

141 5330 243 5417 pueri
275 5330 440 5402 ornandi.
510 5330 634 5403 Postea
663 5327 860 5425 Physicen,
900 5327 1129 5433 Mathemata,
1182 5348 1314 5423 segetes
1328 5352 1423 5408 certo
1439 5351 1575 5413 tantum
1594 5346 1763 5435 temporis
1775 5352 1910 5438 spacio,
1936 5379 2011 5425 non
2027 5358 2160 5428 colono-

138 5424 265 5500 Ethica
288 5432 548 5524 percipiebant,
579 5458 645 5504 nec
666 5434 913 5507 salutabantur
936 5429 1022 5511 haec
1047 5433 1129 5502 ali·
1181 5459 1262 5506 rum
1294 5462 1420 5533 opere,
1449 5454 1512 5512 aut
1543 5443 1610 5513 soli
1635 5459 1780 5530 natura,
1819 5452 2003 5530 dixerunt:
2043 5456 2158 5531 Aurius
2207 5536 2210 5541 ¹
