4664 6022
125 280 201 363 css
713 278 876 359 naen
915 278 991 358 ua
1023 276 1251 359 rorans
1285 278 1440 357 nucu
1473 278 1597 361 sax.
2096 290 2176 367 sse
2302 242 2307 251 ’

126 464 256 531 ment.
304 448 360 527 Ac
373 476 459 527 vero
474 456 679 527 uonsolum
694 454 834 527 inimici
849 456 924 528 eius
939 456 1127 528 autoritate
1177 450 1278 543 Quid
1297 467 1415 525 autern
1430 456 1546 527 dicam
1569 457 1615 527 de
1635 456 1711 528 eius
1728 457 1920 531 domestica
1941 460 2172 535 administra-

125 557 374 633 etmuderatie
390 558 549 629 consiliis
567 560 717 651 repressi
732 573 827 646 aunt,
843 563 905 630 aed
918 560 1005 629 socii
1020 559 1125 629 etiarn
1175 557 1292 643 tione,
1333 581 1423 652 quae
1453 571 1526 631 tota
1555 560 1763 633 clementiae
1794 574 1901 659 atque
1937 556 2170 639 humanitatis

125 660 342 746 leruciures,
376 683 469 754 quos
499 662 684 733 continere
712 665 817 732 etad
844 662 1125 733 moderationem
1174 660 1280 753 plena
1302 660 1379 732 esti
1421 656 1599 732 Homerus
1628 663 1695 749 ait,
1728 662 1890 759 Ulyssem
1914 664 2012 737 velut
2032 681 2170 761 patrem

126 766 270 836 flectere
292 763 419 856 quami
440 764 510 835 iuit
533 765 689 856 negocii,
715 788 791 835 non
812 777 928 858 potest
955 760 1125 835 hocloco
1174 763 1310 833 honum
1344 762 1476 835 rexisse
1500 759 1742 851 Thracenses‚
1781 780 1815 837 et
1840 762 2063 860 Xenophon,
2104 770 2169 865 qui

125 866 208 939 dici·
263 864 435 936 Vidimus
455 890 553 936 arma
576 880 734 959 sumpta,
766 882 801 939 et
817 868 966 941 victoria
988 883 1065 939 erat
1085 867 1123 935 in
1174 865 1318 956 quidem
1352 866 1554 937 absolutum
1587 870 1765 960 exemplar
1797 870 1886 939 boni
1918 870 2096 964 Principis
2127 871 2168 942 iu

123 992 256 1053 manu,
282 968 346 1038 ubi
370 982 490 1039 tamen
515 971 691 1063 aequitate
712 968 822 1040 Ducis
844 969 1019 1041 Sarouiae
1044 992 1125 1061 per·
1175 963 1270 1061 Cyro
1294 969 1495 1058 proposuit,
1518 966 1656 1063 iuquit,
1679 973 1815 1042 bonum
1833 968 2036 1065 Principem
2053 974 2169 1044 simil-

123 1072 258 1145 besum
282 1083 353 1152 est,
381 1083 420 1141 ut
447 1073 644 1165 quamlibet
666 1072 749 1143 irati
774 1074 902 1143 caeteri
930 1073 1125 1143 abiicereut
1176 1068 1301 1140 limum
1312 1090 1388 1139 esse
1406 1071 1515 1163 patris
1531 1071 1632 1143 honi.
1684 1070 1776 1162 Quis
1791 1086 1908 1144 autem
1930 1098 2090 1168 unquam
2108 1076 2168 1147 ul-

128 1196 245 1255 tima,
271 1186 308 1245 et
333 1174 499 1265 componi
521 1174 598 1243 sine
621 1177 725 1244 caede
745 1188 965 1267 paterentur:
993 1174 1122 1268 quain
1174 1173 1250 1242 lum
1270 1172 1395 1242 durius
1419 1174 1554 1243 dictum
1580 1186 1641 1246 aut
1665 1176 1825 1267 asperius
1851 1177 1965 1247 nostri
1989 1175 2168 1271 Principis

131 1276 238 1349 reret
260 1275 452 1369 praecipue
471 1275 599 1346 enituit
619 1277 657 1345 in
674 1300 715 1346 eo
732 1278 939 1367 magnitudo
954 1302 1036 1347 vere
1061 1272 1125 1346 he·
1174 1285 1298 1343 notare
1327 1275 1468 1365 potuit?
1508 1274 1666 1347 Tantum
1688 1278 1805 1362 abest,
1836 1290 1876 1348 ut
1895 1279 2086 1375 quicquam
2106 1305 2168 1351 su-

129 1376 241 1459 roica,
267 1400 351 1447 curn
366 1391 523 1468 parceret
539 1379 694 1448 inimicis
709 1403 749 1448 eo
763 1394 941 1472 ternpore,
967 1404 1038 1474 quo
1056 1403 1123 1449 no·
1173 1378 1281 1468 perbe
1295 1388 1357 1447 aut
1371 1378 1559 1449 crudeliter
1572 1402 1731 1472 uuquam
1745 1379 1876 1451 lecerit.
1909 1377 1963 1450 Ac
1977 1375 2069 1450 mihi
2083 1406 2166 1453 vere

127 1478 546 1572 miecilimeputerat,
567 1482 761 1574 etquidem
783 1482 931 1569 talibus,
956 1483 1123 1576 aquibus
1173 1479 1270 1547 visus
1304 1492 1356 1549 est
1388 1502 1532 1571 prorsus
1565 1494 1752 1572 paternum
1778 1483 1938 1551 animum
1964 1506 2044 1574 erga
2070 1485 2165 1555 cives

126 1579 240 1655 striis
256 1580 403 1651 iniuriis
423 1582 569 1654 affectus
591 1596 685 1667 erat,
709 1595 746 1655 et
767 1585 933 1678 aquibus
957 1585 1124 1675 deinceps
1174 1604 1296 1649 omnes
1311 1576 1452 1656 habere.
1502 1580 1753 1653 Animadverti
1776 1583 1872 1653 enirn
1895 1583 2167 1673 significationes

125 1682 327 1777 plurimum
347 1683 496 1775 periculi
512 1697 613 1756 esset.
664 1682 724 1755 An
742 1709 816 1755 non
833 1687 988 1757 ostendit
1003 1681 1068 1756 hac
1084 1686 1122 1753 in
1174 1706 1257 1753 suae
1280 1678 1510 1757 humanitatis
1532 1709 1612 1757 cum
1645 1685 1684 1754 iu
1705 1710 1884 1773 sermone,
1916 1697 1993 1756 tum
2023 1685 2061 1755 iu
2087 1689 2167 1760 aliis

124 1810 164 1859 re
180 1784 349 1857 animum
370 1784 544 1858 invictum
565 1790 735 1857 adversus
749 1811 871 1858 omnes
892 1790 1047 1880 privatas
1060 1810 1123 1857 cu·
1174 1783 1295 1855 multis
1310 1786 1447 1861 officiis.
1483 1785 1566 1855 Vidi
1586 1787 1660 1880 ipse
1674 1812 1781 1880 quam
1798 1812 1879 1858 vere
1892 1787 2063 1861 induebat
2077 1790 2167 1861 alio·

125 1888 320 1983 piditatesi
355 1886 443 1957 Nam
458 1902 644 1981 postquam
660 1914 738 1982 spes
754 1904 895 1961 ostensa
909 1904 960 1961 est
977 1914 1123 1982 compo-
1175 1910 1254 1958 rum
1271 1887 1435 1973 affectus,
1460 1888 1489 1959 si
1504 1889 1591 1983 quid
1607 1890 1681 1961 suis
1697 1892 1861 1975 deberet,
1886 1904 1922 1961 ct
1939 1903 2057 1961 tamen
2072 1887 2166 1964 hanc

124 1992 267 2061 uendac
291 1990 362 2075 rei,
394 2014 471 2059 nou
494 1992 661 2082 expetivit
684 1992 887 2079 victoriam,
919 2016 995 2061 non
1017 1992 1122 2083 gessit
1175 1990 1355 2059 leuitatem
1383 1989 1459 2059 iure
1487 1993 1723 2083 temperabat;
1762 1987 1950 2063 cohercere
1982 1992 2167 2086 improbos

124 2116 264 2165 mamm
286 2092 509 2179 iracundiae,
540 2096 599 2166 sed
624 2089 679 2163 his
702 2096 809 2164 rebus
830 2094 998 2164 omnibus
1019 2118 1121 2186 prae-
1174 2091 1325 2164 volebat.
1376 2088 1431 2161 Ac
1447 2094 1477 2161 si
1490 2095 1647 2164 fortassis
1663 2095 1700 2163 in
1717 2118 1756 2164 ea
1774 2118 1814 2164 re
1828 2095 1925 2165 visus
1940 2108 1991 2165 est
2008 2090 2167 2166 humini-

124 2196 212 2269 tutis
245 2195 542 2287 tranquillitatem
575 2193 729 2287 Reipub.
792 2195 889 2266 Haec
922 2209 975 2266 est
1008 2196 1122 2266 virtus
1174 2194 1240 2263 bus
1254 2194 1428 2285 imperitis
1441 2198 1683 2280 cunctantior,
1703 2197 1780 2266 laus
1794 2209 1846 2267 est
1860 2197 2051 2283 bonitatis,
2076 2224 2168 2292 quae

124 2320 257 2389 magno
280 2296 360 2366 viro
382 2322 424 2367 ac
444 2297 595 2388 sapienti
619 2300 806 2390 praecipue
827 2300 950 2388 digna,
976 2298 1121 2368 iracun-
1173 2308 1266 2364 certe
1290 2295 1446 2365 eminere
1470 2298 1572 2367 dehet
1589 2298 1626 2366 iu
1643 2295 1820 2389 Principe.
1873 2298 1957 2368 Vita
1977 2299 2052 2370 eius
2072 2301 2167 2372 inte-

124 2400 223 2471 diam
242 2399 401 2485 vincere,
425 2412 461 2469 et
484 2399 631 2491 privatis
653 2401 835 2471 affectibus
857 2402 1034 2471 anteferre
1056 2425 1123 2491 pu-
1173 2397 1247 2466 rior
1270 2397 1546 2480 modestissima,
1582 2399 1705 2469 nullus
1727 2400 1852 2480 luxus,
1878 2401 1998 2470 nullae
2019 2403 2167 2474 deliciae

124 2502 256 2575 blicam
273 2500 476 2575 utilitatem.
528 2501 784 2573 Praedicentur
800 2503 838 2571 iu
861 2503 941 2571 aliis
955 2527 1010 2572 res
1027 2502 1121 2571 bello
1173 2499 1250 2569 viru
1279 2499 1467 2590 indignae,
1498 2501 1620 2571 nullae
1648 2501 1818 2572 libidines
1844 2516 1963 2590 erant,
1994 2504 2166 2597 quicquid

125 2618 262 2699 gestae,
288 2600 407 2673 hostes
422 2603 460 2671 in
475 2605 548 2674 acie
562 2604 668 2688 victi,
694 2616 835 2696 paratae
851 2605 958 2675 armis
975 2605 1122 2696 provin·
1172 2625 1193 2670 a
1207 2603 1362 2693 negociis
1377 2602 1480 2672 vacui
1496 2603 1665 2695 temporis
1682 2599 1826 2685 habuit,
1852 2604 1889 2674 id
1906 2617 2021 2677 totum
2036 2617 2166 2677 contu·

124 2704 218 2793 ctae,
243 2706 309 2775 illa
329 2705 426 2775 enim
448 2720 533 2776 sunt
553 2729 697 2797 magna,
728 2720 762 2777 et
787 2730 888 2799 saepe
910 2707 1122 2793 necessaria3
1164 2704 1215 2793 lit
1247 2705 1288 2774 in
1313 2705 1502 2774 lectionem
1535 2730 1712 2776 sacrarum
1744 2706 1946 2793 literarum,
1978 2722 2166 2800 propterea

124 2810 185 2879 sed
202 2832 283 2879 nun
303 2811 445 2878 minora
463 2823 547 2880 sunt
564 2803 670 2888 haec,
697 2810 836 2881 ratione
857 2823 892 2880 et
914 2809 1023 2878 animi
1044 2833 1123 2878 mo-
1173 2807 1269 2900 quud
1283 2806 1467 2897 religionis
1480 2803 1705 2879 Christianae
1718 2809 1982 2879 amantissimus
1997 2823 2082 2880 erat.
2121 2808 2167 2880 ln

125 2910 314 2983 deratiuue
331 2909 496 2981 excitatos
513 2926 628 2980 mutus
645 2914 767 2982 sedare
782 2936 822 2982 ac
839 2913 1011 3002 mitigare,
1036 2937 1123 2982 cun·
1174 2904 1241 2978 huc
1264 2910 1370 2980 etiam
1394 2923 1572 3002 postremo
1588 2924 1747 3002 tempore
1764 2912 1876 2982 multa
1892 2911 1996 3001 legit,
2019 2925 2054 2984 et
2068 2924 2110 2983 ut
2124 2936 2167 2982 ex

129 3010 207 3087 dio
222 3006 427 3105 prohibere,
452 3034 499 3081 ne
515 3035 570 3082 res
585 3015 629 3083 ad
645 3038 742 3085 arma
758 3016 963 3087 deducatur.
1000 3004 1123 3108 ltaque
1173 3010 1377 3081 certissimis
1406 3013 1556 3084 testibus
1580 3013 1749 3102 cognovi,
1776 3037 1879 3106 saepe
1905 3028 2016 3086 certas
2046 3036 2167 3106 preces

127 3126 222 3189 tecle
236 3116 344 3185 liceat
359 3138 530 3208 usurpare
547 3116 654 3186 illud:
1174 3114 1329 3184 interdiu
1350 3115 1533 3206 repetivit:
1567 3139 1656 3209 quae
1680 3116 1837 3206 pericula
1863 3140 1970 3210 quarn
1991 3116 2167 3207 patienter

1157 3231 1317 3307 -propter
1336 3218 1494 3287 studium
1512 3212 1699 3306 Evangelii
1723 3217 1861 3302 tulerit,
1886 3240 1992 3286 nemo
2014 3218 2166 3307 ignorat.

1109 3378 1122 3399 ,
1173 3314 1220 3388 Et
1244 3318 1332 3386 savit
1359 3314 1455 3388 Deus
1480 3312 1537 3387 his
1557 3318 1768 3399 virtutibus,
1801 3332 1854 3389 tot
1881 3319 1986 3388 annis
2006 3320 2166 3389 defendit

124 3420 337 3517 praesrtim
351 3420 382 3487 si
396 3418 476 3513 quis
490 3419 597 3489 etiam
612 3418 823 3499 consideret,
850 3413 1122 3511 quantumhaec
1173 3442 1273 3503 eum,
1311 3430 1346 3487 et
1372 3420 1467 3487 varia
1492 3420 1647 3510 pericula
1672 3419 1854 3504 discussit,
1889 3443 1929 3489 ac
1957 3444 2060 3512 saepe
2082 3444 2165 3490 eum

124 3522 327 3595 moderatio
343 3522 430 3591 boni
447 3522 605 3591 attulerit
620 3519 804 3591 universae
819 3517 996 3590 Ecclesiae
1014 3516 1124 3589 Chri·
1174 3521 1432 3611 propemodum
1448 3544 1523 3589 nun
1542 3542 1640 3590 secus
1656 3534 1762 3613 atque
1777 3516 1965 3591 Ezechiam
1977 3521 2167 3593 obsidione

127 3627 277 3701 atienae.
328 3622 428 3712 Quid
455 3624 551 3693 euim
574 3624 739 3693 tutorum·
753 3637 861 3703 esset,
887 3622 1002 3717 qualis
1019 3622 1124 3691 dissi·
1173 3622 1327 3691 cinctum
1351 3622 1525 3695 liberavit.
1575 3620 1680 3693 Nunc
1697 3637 1818 3694 nostra
1832 3617 1950 3694 adhuc
1970 3624 2165 3718 tranquilla

124 3726 225 3823 pasto
248 3724 489 3797 Ecclesiarum
517 3749 558 3794 ac
581 3726 796 3815 religionum
818 3740 1000 3809 secutura,
1032 3748 1123 3817 quae
1173 3725 1297 3816 patria,
1321 3747 1402 3793 eum
1417 3750 1458 3793 ex
1474 3720 1540 3794 hac
1554 3724 1627 3795 vita
1642 3727 1800 3796 evocavit
1811 3726 1902 3796 bene
1916 3739 2166 3819 praeparatum

123 3830 352 3901 sacerdotum
366 3828 404 3895 in
421 3842 572 3920 utraque
587 3842 685 3919 parte
701 3830 834 3907 caedes,
857 3836 887 3898 si
903 3828 1034 3897 bellum
1050 3828 1123 3897 ori·
1172 3828 1217 3897 ad
1239 3841 1409 3909 mortem,
1437 3840 1512 3896 turn
1537 3828 1617 3896 aliis
1638 3829 1794 3914 casibus,
1826 3843 1901 3900 tum
1924 3830 2030 3898 etiam
2045 3827 2166 3899 morbi

126 3932 252 4005 retur?
285 3944 422 3999 etcum
448 3928 541 3997 inter
569 3953 666 4000 arma
695 3930 823 4000 sileant
846 3931 955 4018 leges,
989 3944 1122 4022 quanto
1173 3929 1329 4002 saevitia.
1382 3926 1464 3998 Iure
1490 3928 1601 4018 igitur
1623 3929 1804 4009 dolemus,
1834 3930 1951 3999 orbati
1972 3930 2035 4001 tali
2056 3928 2163 3999 Prin·

127 4035 241 4123 magis
278 4031 468 4121 disciplina
505 4029 735 4102 ecclesiastica
769 4045 804 4102 ct
838 4032 1021 4121 religionis
1057 4034 1125 4101 du·
1173 4032 1267 4122 cipe,
1300 4043 1354 4101 tot
1375 4031 1534 4121 praedito
1555 4030 1765 4117 virtutibus,
1795 4044 1895 4102 tantu
1918 4032 2014 4126 pacis
2035 4032 2166 4119 studio,

128 4138 245 4209 ctrina
266 4134 508 4205 consilesceret
517 4186 528 4224 ,
555 4147 630 4204 tum
647 4134 755 4203 armis
768 4156 953 4227 oppressa,
979 4148 1056 4204 tum
1070 4134 1124 4203 la·
1174 4147 1271 4204 tanta
1284 4134 1445 4203 bonitate
1461 4156 1542 4221 erga
1555 4156 1653 4216 suus,
1677 4147 1717 4203 ut
1733 4157 1806 4203 non
1821 4133 1941 4203 minus
1955 4156 2038 4203 vere
2053 4148 2166 4227 pater,

127 4238 259 4309 naticis
290 4236 516 4320 doctoribus,
552 4235 684 4328 quibus
717 4236 859 4308 licentia
891 4235 1121 4306 bellilocum
1173 4257 1279 4330 quam
1299 4234 1468 4325 Princeps
1484 4235 1556 4304 dici
1578 4235 1698 4327 possit.
1749 4233 2054 4329 Nuncquibuaiu
2069 4236 2167 4329 peri·

126 4340 332 4437 praebitura
356 4351 466 4411 esset·
513 4338 638 4429 ltaque
663 4338 804 4430 quidvis
833 4360 971 4430 semper
998 4338 1122 4408 maluit
1174 4338 1280 4421 culis,
1304 4338 1343 4405 in
1359 4351 1492 4430 quanto
1509 4336 1713 4407 discrimine
1726 4360 1928 4423 versamur,
1952 4338 2166 4421 nundicam,

126 4442 209 4515 Dux
225 4442 423 4524 Senoniae,
448 4434 642 4534 quam·hos
662 4440 846 4528 religionis
868 4440 1125 4511 controversias
1173 4464 1219 4509 ne
1235 4440 1327 4507 male
1342 4439 1494 4511 ominari
1512 4439 1614 4509 vobis
1630 4440 1762 4508 videar.
1796 4436 1891 4509 illud
1908 4463 2034 4531 precor
2047 4434 2165 4507 Deum

129 4546 238 4617 umis
264 4542 475 4623 diiudicari,
500 4542 597 4635 quod
622 4541 699 4611 eius
724 4542 896 4611 iudicium
921 4543 1046 4635 quanti
1071 4542 1126 4611 la·
1174 4538 1260 4633 Opt.
1283 4538 1381 4611 Max.
1402 4553 1443 4611 ut
1463 4541 1636 4611 foeliciter
1657 4541 1882 4635 conquiescat
1903 4537 1984 4611 Dux
2004 4538 2167 4623 loannes,

129 4649 298 4721 ciendum
314 4646 378 4729 sit,
403 4644 460 4714 vel
474 4669 516 4713 er
533 4667 574 4713 eo
597 4643 789 4715 existimari
811 4659 941 4735 potest,
965 4646 1061 4738 quod
1085 4644 1123 4715 iu
1174 4658 1207 4715 et
1230 4657 1270 4713 ut
1287 4643 1459 4712 familiam
1482 4656 1642 4727 tueatur,
1664 4657 1697 4713 et
1714 4644 1788 4712 lilio
1804 4666 1885 4712 vere
1902 4662 2105 4711 successuro
2125 4640 2166 4709 in

128 4752 251 4823 eadem
268 4749 450 4819 voluntate
463 4740 581 4817 adhuc
598 4747 742 4839 quidem
760 4747 889 4817 videtis
903 4747 1010 4817 l'uisse
1031 4748 1126 4837 opti·
1175 4745 1322 4837 patriam
1337 4745 1680 4815 administrationem
1695 4746 1822 4828 faveat,
1847 4766 1999 4837 eumque
2015 4752 2168 4831 tueatur,

129 4876 229 4925 mum
261 4849 465 4940 Principem
497 4845 667 4919 Carolum
696 4844 881 4919 Caesarem
914 4846 1125 4939 Augustum,
1174 4848 1415 4932 ac'delendat,
1442 4848 1536 4915 inter
1556 4841 1643 4916 haec
1662 4847 1817 4937 pericula
1833 4868 1925 4939 quae
1947 4844 2168 4936 impendent,
2253 4910 2260 4919 .

129 4954 255 5027 utalia
269 4950 413 5025 mitiora
428 4951 582 5021 remedia
599 4950 717 5042 potius
731 4963 899 5036 tentaret,
925 4975 1032 5045 quam
1049 4950 1125 5020 bel·
1175 4962 1209 5019 et
1224 4964 1263 5021 ut
1279 4949 1346 5041 ipsi
1364 4972 1405 5019 ac
1420 4945 1572 5040 Reipub.
1592 4972 1712 5037 pacem
1731 4972 1772 5017 ac
1790 4946 2084 5041 tranquillitatem
2101 4948 2168 5017 do-
2202 4954 2205 4961 '

130 5056 204 5129 lum
228 5068 399 5125 moveret.
457 5050 547 5125 Cum
572 5052 683 5143 igitur
706 5050 883 5143 Principis
912 5052 1026 5122 nostri
1047 5065 1123 5122 tum
1174 5065 1255 5135 net,
1287 5052 1332 5121 ad
1359 5050 1548 5121 utilitatem
1575 5046 1752 5120 Ecclesiae
1786 5061 1820 5119 et
1843 5049 1986 5119 laudem
2009 5048 2168 5119 nominis

132 5158 322 5243 lodicitas,
360 5171 438 5227 turn
468 5155 658 5239 autoritas,
692 5156 899 5225 tumeliam
926 5155 1125 5225 moderatio
1175 5149 1327 5239 Christi;
1351 5153 1388 5223 id
1406 5153 1501 5223 enim
1516 5152 1739 5243 agnoscimus
1755 5164 1790 5221 et
1805 5152 2067 5243 praedicamus,
2091 5172 2167 5219 non

133 5262 244 5331 animi
262 5259 458 5353 plurimum
474 5257 626 5328 valuerit
646 5251 816 5327 hactenus
832 5258 879 5327 ad
901 5258 1126 5327 retinendam
1175 5279 1276 5347 posse
1289 5252 1449 5347 Respub.
1465 5256 1572 5338 tucri,
1591 5254 1663 5322 nisi
1679 5253 1754 5324 Deo
1769 5266 2012 5323 conservante.
2045 5248 2168 5340 Quare

135 5384 265 5455 paceru,
285 5374 459 5459 quantum
476 5359 509 5429 ei
523 5362 678 5430 debeant
692 5382 817 5429 omues
831 5360 1004 5439 nationes,
1023 5382 1127 5450 prae-
1175 5358 1221 5427 ab
1242 5358 1319 5449 ipso
1334 5382 1436 5449 opem
1462 5356 1713 5448 imploramus,
1736 5356 1780 5425 ad
1800 5355 1916 5448 ipsum
1931 5352 2168 5443 confugimus,

135 5464 233 5557 cipue
261 5486 349 5532 vero
384 5456 451 5532 hae
489 5462 673 5551 regiones,
719 5484 795 5532 uon
835 5474 889 5532 est
920 5463 1125 5533 obscurum.
1176 5460 1239 5555 qui
1269 5460 1412 5555 quidem
1448 5471 1614 5545 testatur,
1647 5478 1684 5528 se
1716 5458 1923 5529 auditurum
1949 5476 2023 5526 estc
2047 5474 2168 5547 preces

179 5574 361 5639 neccaro.
380 5568 482 5634 Orcus
510 5568 593 5633 Vos.
611 5566 675 5637 xl.
1475 5557 1523 5631 16

235 3270 352 3339 Cedant
367 3294 448 3335 arma
460 3286 547 3355 togae
557 3321 576 3383 ,ι
592 3272 735 3337 o‘onssdat
749 3278 850 3337 laurea
866 3275 996 3355 linguae.
