4664 6022
140 302 215 376 aas
858 291 1016 371 ouon.
1056 292 1132 370 na
1165 265 1454 372 enaroua.
2103 299 2179 377 424

142 492 272 561 torum,
294 473 434 568 quasin
449 470 627 542 mentibus
641 469 857 561 concipiunt,
879 466 946 541 hoc
963 471 1134 569 est,ipsas
1184 494 1203 539 a
1231 482 1348 560 patre,
1379 467 1548 540 fratribus
1578 483 1639 540 aut
1664 469 1757 545 liliis.
1820 471 1860 542 ld
1893 474 1949 543 lex
1971 474 2110 545 imitata
2134 476 2179 543 de

141 578 384 658 definitiones,
417 586 479 645 aut
511 573 838 643 demonstrationes.
898 570 989 643 Cum
1025 575 1134 664 igitur
1184 572 1405 663 raptoribus,
1431 596 1503 640 non
1528 586 1664 642 tantum
1688 577 1797 663 patri,
1823 579 1882 645 sed
1906 578 2012 647 etiam
2034 576 2182 646 caeteris

140 706 230 765 eam,
256 704 361 773 quam
378 678 480 748 toties
496 677 690 766 praedicat,
716 669 924 743 methodum
942 700 1015 744 non
1033 698 1134 767 saepe
1183 674 1395 767 propinquis
1418 686 1624 765 potestatem
1648 677 1731 746 facit
1755 679 1992 748 interficiendi
2016 677 2181 770 raptoris·

140 778 327 862 adhibeat,
354 795 388 850 et
403 791 568 866 evagetur
585 777 776 868 aliquando
795 777 942 846 liberius
956 779 993 845 in
1011 779 1134 868 dispu-
1184 776 1254 847 Sed
1272 777 1511 866 exemplorum
1527 781 1815 848 commemoratio
1831 781 1972 871 longior
1988 795 2050 865 est,
2073 800 2179 872 quam

142 887 271 968 tando,
298 884 469 976 quaedam
486 880 591 949 etiam
612 879 733 966 figuris
752 879 929 958 involvat,
955 905 994 948 ac
1011 880 1134 948 volens
1184 893 1225 947 nt
1241 878 1429 948 conveniat
1443 873 1527 946 huic
1545 881 1707 970 tempori.
1743 879 1819 950 lmo
1837 881 2084 953 lurisconsulti
2102 896 2180 951 tan·

143 988 310 1070 occultet,
344 984 496 1074 denique
527 1006 607 1050 cum
632 1004 714 1049 raro
743 982 954 1070 pronunciet
980 983 1065 1073 quid
1089 983 1136 1051 sit
1185 994 1261 1049 tum
1279 975 1385 1048 huius
1405 981 1585 1070 scriptoris
1602 983 1780 1052 autoritati
1798 986 2017 1070 tribuerunt,
2042 998 2085 1054 ut
2106 984 2180 1054 cius

143 1089 386 1170 sentiendum,
411 1084 585 1152 assentior
606 1083 887 1153 adolescentibus
913 1083 1029 1174 potios
1050 1108 1135 1175 pro·
1186 1082 1293 1149 verba
1316 1083 1420 1150 etiam
1450 1082 1587 1169 legibus
1613 1084 1847 1171 inseruerint,
1878 1088 1980 1156 utin
2003 1087 2110 1156 titulo
2137 1088 2180 1155 de

143 1190 348 1282 ponendum
372 1209 448 1270 esse
466 1184 712 1268 Aristotelem,
736 1185 799 1276 qui
819 1198 928 1266 artes,
953 1209 1040 1277 quas
1063 1200 1136 1255 tra·
1185 1184 1359 1252 nundinis
1378 1184 1545 1252 recitatur
1567 1187 1738 1257 sententia
1760 1213 1849 1280 quae
1872 1190 2046 1280 adprobat
2068 1182 2181 1257 houe-

143 1294 215 1375 dit,
242 1289 391 1380 explicat
406 1289 572 1374 integras,
600 1300 632 1355 et
649 1282 856 1355 methodum
872 1288 1135 1377 simpliciorem,
1187 1301 1276 1354 stam
1325 1286 1602 1374 negociationem
1645 1313 1846 1381 quanquam
1897 1282 2178 1384 καπηλευτικήν.

144 1419 207 1465 ceu
223 1393 341 1476 filum,
366 1392 409 1458 ad
426 1390 617 1478 regendum
635 1389 800 1457 lectorem
817 1382 972 1473 adhibet,
999 1404 1032 1459 et
1049 1389 1136 1482 quid
1186 1386 1372 1458 Caeterum
1392 1389 1564 1479 plurimas
1589 1392 1779 1461 sententias
1801 1391 1925 1462 Cicero
1948 1417 1989 1460 ex
2013 1393 2178 1461 omuibus

144 1497 190 1567 sit
213 1495 456 1575 sentiendum,
483 1491 680 1583 plerunque
700 1491 925 1580 pronunciat.
978 1488 1137 1561 Haecin
1187 1488 1347 1560 Platonis
1381 1491 1683 1579 disputationibus
1712 1495 1755 1562 de
1787 1495 2020 1585 imperiorum
2044 1493 2177 1563 vicibus

145 1597 373 1679 docentibus,
404 1608 443 1663 ut
466 1593 693 1686 requirantur
716 1594 846 1662 multae
868 1615 991 1682 graves
1014 1616 1137 1663 causae
1188 1605 1222 1660 et
1240 1593 1495 1681 gubernatione
1510 1595 1643 1663 recitat.
1685 1595 1800 1665 Multa
1818 1609 2029 1665 ornamenta
2046 1608 2084 1667 et
2099 1593 2178 1665 Ari·

145 1714 240 1770 sunt.
293 1696 343 1769 Ut
364 1696 458 1766 enim
481 1694 563 1764 satis
585 1695 752 1765 dentibus
768 1696 931 1764 draconis
953 1693 1137 1779 aCadmo,
1188 1694 1328 1763 stoteles
1352 1718 1391 1762 ex
1407 1692 1556 1763 Platone
1576 1697 1768 1787 decerpsit,
1804 1723 1893 1791 quae
1921 1692 2087 1769 adhibita
2109 1720 2177 1767 me·

146 1826 241 1892 seges
257 1812 376 1869 exorta
392 1811 684 1877 estarmatorum‚
713 1797 776 1889 qui
792 1798 885 1867 inter
898 1821 934 1867 se
950 1797 1139 1889 ipsidimi-
1189 1792 1301 1865 thodo
1329 1796 1487 1885 explicat.
1546 1796 1637 1866 Nam
1663 1800 1856 1869 divisiones
1880 1800 2060 1886 iusticiae,
2094 1820 2176 1893 quae

147 1917 284 1987 carnut,
312 1903 359 1972 ita
376 1901 404 1969 si
425 1900 504 1994 quis
518 1912 610 1968 serat
626 1900 807 1993 ambiguas
824 1900 1028 1991 opiniones,
1055 1924 1139 1968 exo·
1189 1912 1272 1968 sunt
1289 1899 1481 1967 admodum
1502 1901 1625 1983 utiles,
1651 1903 1801 1993 sumpsit
1823 1901 2028 1988 aPlatone‚
2056 1923 2175 1995 easque

146 2008 292 2076 riuntur
315 2004 400 2072 inde
429 2003 547 2069 variae
576 2025 616 2070 ac
644 2002 863 2092 perniciosae
891 2002 1139 2071 dissensiones.
1190 2000 1301 2089 magis
1321 2000 1467 2069 inclusit
1494 2002 1685 2072 dialecticis
1716 2006 1852 2075 metis·
1892 2003 2056 2074 Platonis
2078 2005 2174 2074 etiam

144 2106 258 2177 Paulo
282 2118 363 2174 ante
389 2098 480 2172 hanc
502 2114 649 2172 aetatem
665 2104 856 2172 Bessarion
880 2117 913 2174 et
933 2102 1139 2195 Trapezon·
1190 2103 1374 2172 inventum
1391 2114 1451 2187 est,
1471 2104 1658 2173 discrimen
1675 2108 1872 2196 specierum
1888 2105 2062 2191 iusticias,
2088 2106 2173 2176 iuxta

146 2211 217 2280 tius
235 2203 413 2277 hostiliter
436 2207 529 2275 inter
543 2229 578 2273 se
592 2205 851 2291 dissenserunt,
877 2231 957 2276 cum
979 2201 1036 2275 hic
1053 2204 1139 2276 Ari·
1189 2204 1446 2294 proportiones,
1473 2201 1741 2277 Arithmeticam
1759 2223 1793 2278 et
1810 2207 2087 2279 Geometricarn.
2113 2206 2174 2276 Ve-

147 2313 328 2395 stotelem,
355 2309 415 2376 ille
434 2306 618 2376 Platonem
643 2309 843 2378 anteferret.
894 2308 934 2375 ld
961 2322 1137 2377 certamen
1190 2331 1268 2375 rum
1287 2307 1324 2372 in
1342 2301 1531 2375 Aristotele
1547 2308 1727 2378 dialectiea
1751 2311 1886 2400 integra
1907 2324 1968 2384 est.
2021 2308 2073 2380 Et
2090 2302 2173 2403 Phy-

146 2413 288 2481 diremit
310 2406 522 2479 Theodorus
545 2406 659 2489 Gaza,
693 2409 860 2502 inquiens
885 2432 988 2479 suum
1012 2409 1139 2504 cuique
1190 2409 1258 2477 sica
1274 2421 1357 2478 sunt
1377 2409 1551 2478 eruditius
1567 2407 1728 2481 inchoata
1744 2414 1788 2482 ab
1804 2415 1889 2505 ipsis
1904 2414 2053 2497 laribus,
2079 2410 2170 2482 natta

145 2516 263 2583 locum
296 2513 527 2582 tribuendum
562 2534 653 2579 esse:
688 2512 737 2580 ita
763 2512 952 2581 lectionem
979 2510 1140 2582 Platonis
1191 2510 1325 2595 dicam,
1354 2505 1419 2579 hoc
1438 2512 1664 2602 estaprimis
1688 2516 1800 2584 initiis
1817 2529 1851 2585 et
1873 2518 2044 2605 perducta
2061 2515 2108 2584 ad
2122 2514 2174 2582 tle-

146 2617 298 2684 multum
331 2615 551 2704 profuturam
585 2636 677 2697 esse,
718 2612 747 2681 si
775 2614 853 2706 quis
885 2614 923 2682 in
949 2613 1139 2684 Aristotele
1190 2613 1417 2703 scriptionem
1449 2626 1596 2683 naturae
1628 2618 1848 2688 animalium.
1914 2611 2047 2687 Ethica
2079 2616 2176 2686 etiam

146 2732 240 2788 recte
257 2717 451 2800 institutus,
478 2730 596 2806 postea
613 2714 798 2784 Platonem
815 2717 917 2805 legat.
951 2714 1041 2785 Nam
1059 2739 1139 2786 cum
1191 2714 1386 2805 simplicius
1409 2717 1608 2785 traduntur.
1661 2715 1830 2788 Amemus
1854 2720 1964 2809 igitur
1984 2732 2175 2812 utrunque:

146 2821 270 2888 allcret
287 2819 397 2887 lector
409 2813 669 2887 Aristotelicum
686 2812 905 2909 methodum,
921 2819 1022 2887 facile
1038 2819 1140 2911 quasi
1191 2832 1221 2886 et
1239 2842 1319 2886 cum
1342 2818 1380 2883 in
1396 2812 1588 2886 Aristotele
1609 2822 1835 2891 mediocriter
1848 2821 1977 2891 versati
1997 2821 2177 2902 fuerimus,

148 2922 244 2990 intra
260 2934 372 2989 certas
387 2934 496 2988 metas
512 2919 673 3008 includet
686 2942 742 2987 eas
758 2942 823 2998 res,
841 2943 930 3012 quae
946 2922 1039 3010 apud
1058 2919 1141 2989 Pla·
1191 2920 1340 2988 alterum
1367 2920 1472 2987 etiam
1498 2935 1644 3011 propter
1665 2925 1826 3014 politicas
1849 2924 2016 2993 materias
2055 2938 2091 2993 et
2103 2944 2175 3015 pro-

148 3038 268 3092 tonem
286 3022 356 3091 late
374 3021 561 3110 dissipatae
579 3033 672 3092 sunt.
709 3016 757 3089 Et
775 3015 865 3090 hanc
880 3021 985 3090 fuisse
1000 3017 1140 3092 Aristo·
1192 3035 1269 3111 pter
1289 3021 1526 3114 eloquentiam
1549 3023 1714 3112 legamus.
1767 3023 1883 3095 llabet
1904 3048 1986 3095 suos
2011 3026 2169 3118 quosdrm

148 3126 211 3194 teli
234 3146 371 3193 causam
390 3122 561 3207 arbitror,
589 3146 652 3191 cur
669 3116 875 3193 methodum
895 3125 982 3193 adeo
1003 3125 1141 3194 exiliter
1191 3124 1305 3207 locos,
1347 3137 1491 3214 propter
1527 3148 1616 3215 qnos
1655 3127 1813 3198 eruditos
1845 3129 2021 3220 delectare
2063 3136 2174 3220 potest.

148 3240 420 3310 consectaretur,
442 3239 482 3296 ut
497 3250 535 3295 ea
550 3248 672 3319 quaea
689 3223 837 3298 Platone
854 3240 1045 3318 acceperat,
1067 3226 1141 3297 col·
1192 3222 1358 3316 Disputat
1373 3227 1468 3293 enim
1486 3227 1570 3294 satis
1588 3230 1741 3317 graviter
1757 3232 1800 3298 de
1817 3230 2088 3301 immortalitate
2107 3225 2178 3297 ani·

146 3330 254 3413 lecta,
281 3342 316 3397 et
335 3330 487 3420 quadam
508 3327 714 3398 oeconomia
738 3341 844 3422 atque
866 3331 994 3398 ordine
1019 3329 1140 3398 distri·
1191 3352 1330 3395 morum
1355 3323 1612 3414 humanorum,
1640 3345 1673 3401 et
1697 3327 1949 3424 Philosophiae
1969 3331 2083 3400 linem
2103 3326 2179 3399 ubi·

148 3433 253 3508 buta,
285 3432 435 3520 posteris
462 3431 597 3519 integre
629 3431 795 3500 traderet.
857 3427 935 3500 Etsi
967 3433 1139 3524 quaedam
1192 3454 1260 3521 que
1274 3429 1455 3501 constituit
1470 3432 1686 3520 agnitionem
1701 3432 1779 3517 Dei,
1805 3434 2027 3526 sicutinquit
2043 3435 2084 3502 in
2099 3452 2180 3526 qua-

147 3534 271 3601 limare
285 3533 389 3601 etiam
407 3557 445 3601 ac
471 3533 643 3621 corrigere
660 3532 793 3616 voluit,
819 3557 938 3602 rerum
962 3546 1080 3603 tamen
1103 3533 1140 3600 in
1191 3533 1273 3600 dam
1289 3531 1452 3622 epistola:
1478 3534 1525 3601 ita
1545 3548 1638 3603 recte
1654 3531 2001 3627 philosophabimur,
2023 3536 2056 3604 si
2070 3530 2180 3604 Deam

148 3659 286 3704 summa
301 3658 374 3702 non
390 3657 515 3722 magna
531 3647 582 3702 est
599 3633 862 3706 dissimilitudo.
906 3631 980 3702 Nec
996 3635 1140 3703 difficile
1192 3655 1419 3722 agnoscemus
1444 3635 1629 3704 universae
1648 3651 1793 3707 naturae
1814 3651 1966 3728 patrem,
1990 3658 2137 3706 causam
2151 3644 2181 3702 ct

151 3750 202 3804 est
219 3735 452 3826 prudentibus
468 3737 604 3818 videre,
628 3749 709 3805 uter
725 3734 762 3802 in
778 3760 846 3828 qua
865 3748 961 3826 parte
977 3750 1140 3826 praestet.
1192 3739 1464 3824 gubernatorem
1482 3758 1573 3821 esse,
1600 3739 1703 3831 eique
1717 3740 1806 3809 iuste
1822 3739 1982 3809 viventes
1998 3740 2181 3826 obtempe-

151 3840 367 3929 Quanquam
394 3838 487 3905 eninr
512 3838 610 3906 dicar
633 3837 789 3926 ineptus,
817 3837 879 3932 qui
904 3838 999 3908 velut
1022 3837 1140 3908 Midas
1191 3837 1361 3908 rabimus.
1412 3834 1514 3909 Hanc
1527 3863 1635 3906 unam
1651 3842 1711 3925 ait,
1735 3865 1810 3910 non
1825 3839 1996 3934 ἄμουσον
2009 3833 2182 3913 παιδείαν

150 3941 194 4008 de
209 3935 377 4028 Apolline
394 3938 536 4008 etPane
551 3939 619 4007 sibi
636 3939 806 4008 iudicium
824 3940 984 4029 sumpsit,
1010 3941 1060 4011 ita
1077 3964 1140 4030 ego
1193 3962 1282 4024 esse,
1316 3952 1348 4007 et
1378 3963 1496 4007 veram
1525 3937 1799 4034 philosophiam.
1863 3939 1910 4013 Et
1933 3943 2018 4035 quia
2043 3942 2182 4011 videbat

151 4043 195 4110 de
227 4042 369 4110 duobus
397 4041 704 4132 praestantissimis
727 4035 956 4130 Philosophis
982 4042 1141 4112 iudicare
1194 4037 1277 4109 haec
1303 4041 1456 4110 derideri
1478 4044 1522 4112 ab
1551 4038 1684 4127 atheis,
1715 4046 1900 4115 confirmat
1920 4045 2091 4130 lectores,
2127 4043 2182 4111 in·

151 4142 284 4227 ausim,
317 4157 435 4212 tamen
460 4144 647 4213 ostendere
667 4144 948 4215 adolescentibus
971 4144 1058 4214 utile
1081 4158 1143 4230 est,
1194 4145 1319 4237 quiens
1335 4168 1409 4212 non
1429 4146 1514 4214 satis
1534 4169 1627 4230 esse,
1652 4147 1702 4216 sic
1717 4148 1870 4231 sentire,
1894 4148 1957 4217 sed
1974 4146 2082 4216 etiam
2106 4144 2181 4216 ani·

151 4246 238 4336 quid
269 4257 430 4328 autores,
461 4246 523 4338 qui
552 4245 706 4337 proponi
733 4247 866 4331 solent,
901 4245 1142 4335 profiteantur.
1192 4269 1269 4314 mos
1290 4245 1336 4316 ita
1361 4247 1622 4316 confirmandos
1649 4263 1683 4318 et
1711 4250 1993 4318 corroborandos
2020 4272 2116 4334 esse,
2144 4254 2183 4316 ut

151 4347 324 4419 Uberiosa
346 4360 429 4416 sunt
443 4371 495 4432 ea,
511 4349 655 4440 quaede
669 4346 850 4417 civitatum
863 4347 1142 4417 administratio·
1193 4363 1418 4417 contemnere
1446 4371 1504 4416 eos
1525 4350 1715 4438 possimus,
1749 4352 1811 4444 qui
1832 4374 1897 4421 nos
1918 4352 1969 4420 ita
1991 4351 2182 4422 sentientes

151 4474 196 4519 ne
213 4448 315 4519 Plato
335 4450 474 4534 scribit,
501 4465 534 4519 ct
549 4464 632 4520 sunt
649 4462 772 4519 ornata
789 4449 938 4517 mirifico
954 4449 1143 4540 splendore
1192 4450 1367 4524 derident.
1418 4448 1632 4520 Viditenim
1649 4447 1867 4542 Philosopho
1889 4448 2184 4524 haelortitudine

153 4553 335 4621 orationis.
361 4548 499 4621 Etcum
517 4552 706 4621 dissimiles
722 4552 831 4620 libros
846 4552 1036 4639 scripserit,
1050 4554 1143 4642 poli·
1192 4576 1281 4643 opus
1296 4575 1389 4636 esse,
1415 4575 1512 4620 nese
1525 4553 1770 4644 improborum
1787 4555 1928 4625 iudiciis
1944 4580 1965 4625 a
1985 4569 2084 4626 reeta
2106 4578 2184 4625 sen-

142 4654 247 4738 tiam,
265 4669 298 4723 et
315 4655 447 4722 librum
466 4655 510 4722 de
526 4655 673 4744 legibus,
701 4653 738 4720 in
756 4654 867 4722 altero
884 4652 1030 4723 liberius
1044 4655 1141 4740 lusit,
1193 4655 1304 4724 tentia
1325 4653 1457 4744 depelli
1473 4654 1576 4729 sinat.
1629 4651 1706 4726 Etsi
1723 4671 1839 4728 autem
1866 4651 1928 4726 has
1944 4655 2184 4729 Platonisco-

155 4758 213 4824 sed
233 4756 271 4823 in
294 4757 388 4825 libro
407 4757 450 4824 de
467 4756 602 4844 legibus
616 4754 809 4844 smpliciter
824 4769 856 4825 et
872 4755 947 4824 sine
962 4755 1142 4846 aenigma·
1193 4755 1379 4845 gitationes
1402 4769 1436 4825 et
1466 4756 1540 4847 ipse
1567 4780 1646 4826 amo
1678 4783 1718 4827 ac
1739 4758 1911 4850 suspicio,
1939 4772 2060 4830 tamen
2086 4782 2184 4831 error

160 4858 256 4927 tibus
275 4880 372 4925 suam
387 4857 598 4928 sententiam
617 4857 777 4947 exposuit
791 4870 825 4925 et
843 4859 1140 4949 praeceptacolle-
1191 4859 1336 4928 illorum
1351 4857 1520 4927 acerrime
1536 4855 1848 4950 reprehendendus
1864 4875 1936 4941 est,
1962 4862 2028 4954 qui
2043 4876 2186 4955 propte·

159 4960 208 5047 git
230 4958 332 5027 utilia
352 4960 395 5026 ad
419 4960 710 5048 gubernationem
728 4959 930 5044 civitatum,
954 4962 1141 5053 exquibus
1192 4984 1250 5030 rea
1265 4959 1717 5032 confunduntPlatonieam
1728 4959 1999 5052 Philosophiam
2017 4978 2054 5035 et
2066 4962 2185 5036 Evau-

159 5077 328 5151 tanquam
348 5082 389 5126 ex
406 5061 564 5131 lontibus
584 5062 695 5131 multa
715 5058 961 5131 Iurisconsulti
982 5059 1140 5133 Romani
1192 5063 1334 5152 galium.
1387 5059 1484 5132 Haec
1505 5065 1665 5132 confusio
1680 5089 1848 5155 generum
1864 5065 2048 5135 doctrinae
2064 5069 2184 5139 erudi·

157 5158 361 5231 hauserunt.
405 5157 563 5252 Apparet
580 5164 676 5233 enim
693 5163 731 5230 in
748 5163 869 5231 multis
886 5164 1023 5252 legibus
1038 5180 1139 5235 auto·
1191 5167 1236 5234 tis
1258 5165 1412 5234 cavenda
1438 5180 1473 5235 et
1489 5167 1690 5235 detestanda
1713 5183 1781 5253 est,
1809 5193 1849 5238 ac
1867 5168 2082 5253 videndum,
2108 5171 2183 5265 quis

158 5290 213 5333 res
229 5288 320 5355 pene
338 5262 612 5335 vcrhaPlatonis
628 5265 837 5337 describere.
889 5263 942 5335 De
965 5279 1085 5355 stupro
1104 5269 1140 5336 vi
1192 5262 1554 5358 loeusPhilosephiae
1570 5270 1780 5339 tribuendus
1796 5271 1852 5340 sit.
1903 5266 1972 5338 Dei
1989 5273 2085 5340 dona
2102 5284 2184 5343 suut

157 5367 249 5436 facto
270 5366 387 5434 sanxit
404 5363 516 5445 Plato,
547 5382 586 5438 ut
609 5379 847 5458 stupratorem
867 5366 1140 5454 interficiliccat,
1193 5392 1316 5438 omnes
1336 5371 1452 5439 bonae
1475 5385 1585 5455 artes,
1610 5374 1669 5439 sed
1687 5395 1790 5440 suum
1815 5372 1976 5462 singulae
1993 5373 2113 5443 locum
2134 5388 2182 5444 ta-

159 5468 364 5538 nousolum
389 5467 434 5537 ab
454 5467 525 5537 illis
544 5467 745 5563 quibusvis
768 5467 939 5554 infertur,
960 5470 1139 5541 sedetiam
1191 5484 1309 5543 neant.
1360 5469 1455 5541 Vera
1470 5467 1720 5566 Philosophia,
1746 5470 1814 5544 hoe
1830 5488 1901 5561 est,
1927 5498 2002 5544 nou
2019 5477 2181 5547 deerrans
