4664 6022
144 321 222 397 773
679 310 840 395 DECL.
881 310 957 389 DE
990 306 1330 390 DOROTHEA
1365 306 1662 437 enthelen
2116 331 2193 410 774

141 495 184 563 in
200 518 272 588 quo
289 490 424 562 dixisti:
451 484 616 561 SicDeus
631 489 754 560 dilexit
768 491 954 575 mundum,
976 502 1016 560 ut
1029 487 1142 559 filiurn
1192 485 1239 555 ah
1261 481 1420 556 Ecclesia
1441 486 1698 579 disputationes
1722 487 2042 571 illae-Stoicorum.
2094 501 2186 576 Nam

140 620 249 668 snum
265 594 488 684 unigenitum
508 594 607 664 daret
622 617 687 684 pro
706 594 863 673 mundo,
888 604 927 663 ut
944 592 1063 662 omnis
1079 590 1142 684 qui
1191 601 1226 660 et
1239 589 1372 658 indidit
1380 587 1476 661 Deus
1492 585 1657 662 humanis
1673 592 1876 685 pectoribus
1892 596 2052 701 στοργᾶς
2056 657 2068 691 ,
2092 632 2184 700 quae

140 700 257 771 credit
274 699 311 766 in
329 721 424 780 enm,
443 719 515 764 non
533 709 663 788 pereat,
686 694 745 763 sed
762 689 889 765 habeat
904 695 1012 765 vitam
1030 707 1143 764 aeter·
1191 704 1378 777 moneant,
1404 705 1445 763 ut
1464 707 1604 764 nostros
1627 696 1836 787 diligamus,
1870 705 2035 776 secundis
2058 733 2182 781 eorum

141 826 241 873 nam.
293 797 373 870 Oro
400 798 506 869 etiam
529 810 563 867 te
586 794 683 867 Deus
705 808 847 867 aeterne
872 811 972 889 pater
993 795 1141 868 Domini
1190 795 1295 864 rebus
1313 794 1503 873 laetemur,
1527 806 1561 867 et
1582 798 1739 869 adversis
1761 800 1964 893 doleamus,
1994 822 2028 879 et
2052 823 2091 881 ut
2115 837 2183 884 no.

141 903 259 974 nostri
270 901 348 972 lesu
356 896 502 985 Christi,
519 914 559 972 ut
573 897 794 969 carissimum
810 900 995 990 coniugem
1010 921 1141 982 meum,
1189 908 1344 966 strorum
1359 897 1535 967 desiderio
1551 899 1775 972 adficiamur:
1802 919 1835 974 et
1859 900 1945 976 haec
1969 909 2044 982 fieri
2071 913 2181 1003 iubet,

140 1022 178 1078 et
197 1004 436 1076 dulcissimam
454 1003 563 1071 filiam
579 1025 678 1093 regas
697 1014 732 1071 et
745 1024 881 1088 serves,
907 1017 941 1072 et
957 1003 994 1071 in
1011 996 1067 1070 his
1084 1024 1140 1070 re·
1189 1000 1250 1068 sed
1274 998 1506 1096 moderate),··
1521 1023 1751 1092 agnoscamus
1769 1006 1861 1077 mala
1883 1023 2020 1100 nostra,
2046 1039 2087 1087 ac
2112 1021 2181 1089 do-

141 1110 315 1200 gionibus
335 1105 574 1177 ministerium
588 1100 795 1192 Evangelii,
818 1099 993 1174 Ecclesias
1015 1117 1048 1174 et
1071 1101 1140 1172 Po·
1188 1101 1333 1175 leamns.

140 1213 240 1282 litias
264 1211 442 1280 defendas.
510 1204 607 1276 Haec
638 1229 741 1298 saepe
765 1207 989 1297 ingeminans
1013 1206 1140 1277 diebus
1289 1203 1360 1275 Sed
1376 1217 1493 1276 tamen
1509 1220 1653 1299 propter
1670 1200 1732 1276 has
1746 1208 1834 1280 duas
1848 1236 1969 1286 causas
1986 1219 2090 1291 dolor
2103 1246 2183 1296 mo-

141 1317 285 1397 decem,
311 1328 343 1383 et
365 1334 439 1381 sese
463 1311 632 1379 adversus
654 1332 803 1401 pavores
828 1309 1070 1392 confirmavit,
1106 1322 1140 1379 et
1188 1307 1445 1381 derandusest.
1496 1306 1678 1394 Primum,
1703 1311 1786 1402 quia
1809 1338 1883 1385 non
1906 1332 1956 1388 est
1979 1345 2182 1415 repugnan-

141 1416 354 1489 charissimo
385 1411 528 1501 coniugi
552 1410 711 1503 Principi
740 1426 774 1481 et
798 1411 1140 1493 dulcissimaebliae
1189 1411 1275 1478 dum
1290 1409 1450 1480 iustitiae
1465 1407 1552 1490 Dei,
1577 1436 1667 1505 qliae
1689 1411 1894 1488 surrisersum
1916 1443 2027 1511 genus
2052 1422 2179 1499 huma-

142 1521 260 1590 lenire
276 1516 493 1586 moesticiam
510 1515 657 1587 studuit.
684 1513 796 1605 Saepe
809 1514 914 1583 etiam
934 1508 1072 1584 hortata
1088 1527 1141 1585 est
1189 1535 1276 1579 num
1303 1526 1416 1582 morte
1439 1513 1610 1587 oneravit.
1674 1512 1814 1586 Deinde
1842 1521 1907 1590 etsi
1929 1539 2024 1596 mors
2043 1530 2180 1602 malum

141 1622 254 1693 filiam
273 1633 306 1690 et
321 1632 472 1689 caeteras
487 1616 653 1706 virgines,
680 1639 725 1684 ne
740 1617 923 1686 coelestem
939 1617 1139 1688 doctrinam
1189 1627 1259 1693 est,
1289 1626 1407 1684 tamen
1429 1615 1628 1685 firmissima
1653 1618 1857 1689 assensione
1880 1635 1975 1693 trram
2000 1631 2182 1703 celsitudi-

141 1738 207 1797 aut
226 1721 467 1813 voluptatibus
481 1732 542 1789 aut
557 1718 767 1810 corruptelis
794 1711 998 1808 dogmatum
1023 1719 1141 1789 excuti
1189 1739 1271 1784 nem
1286 1718 1482 1808 amplexam
1500 1741 1572 1787 esse
1587 1713 1651 1787 has
1665 1717 1804 1791 divinas
1818 1728 2008 1800 sententias
2022 1757 2096 1803 non
2113 1737 2182 1808 du-
2217 1796 2224 1808 .

142 1828 216 1899 sihi
234 1837 457 1915 paterentur,
492 1844 581 1891 neve
604 1822 760 1891 sinerent
781 1821 937 1911 extingui
963 1822 1140 1902 timorem,
1189 1818 1279 1887 bito:
1307 1817 1470 1889 Preciosa
1487 1843 1582 1889 mors
1597 1819 1828 1911 Sanctorum3
1862 1827 1965 1899 item:
1992 1830 2091 1907 Beati
2117 1841 2182 1934 qui

143 1931 282 2008 fedam,
311 1940 346 1998 et
362 1925 624 1995 invocationem
639 1923 721 1996 Dei.
767 1922 932 2018 Denique
945 1919 1004 1993 hic
1020 1937 1140 1996 extre-
1189 1920 1226 1988 in
1240 1918 1397 1992 Domino
1413 1922 1629 1996 moriuntur.
1663 1922 1769 2010 ,Non
1790 1941 1841 1998 est
1862 1955 1959 2002 mors
1985 1949 2181 2013 extremum

147 2054 227 2105 mus
245 2054 335 2121 agon
353 2042 447 2099 totus
465 2028 602 2097 illustre
616 2025 860 2096 testimonium
876 2026 944 2096 fuit
967 2027 1071 2107 fidei,
1106 2039 1141 2097 et
1188 2024 1383 2108 malorum,
1421 2024 1480 2093 sed
1509 2024 1579 2117 piis
1605 2025 1672 2096 iter
1698 2040 1750 2097 est
1776 2031 1819 2098 ad
1847 2033 2086 2111 dulcissimam
2112 2040 2182 2115 Dei

146 2150 311 2208 aeternae
327 2132 484 2203 iusticias
500 2131 570 2198 iam
587 2128 625 2196 in
641 2130 746 2199 corde
761 2152 937 2203 accensae.
984 2127 1033 2200 Et
1048 2129 1142 2199 inter
1189 2125 1506 2197 consuetudinem·
1538 2124 1648 2198 Levat
1662 2129 1823 2199 dolorem
1840 2133 1877 2202 in
1895 2159 2105 2236 quacunque
2130 2173 2183 2235 re,

145 2234 235 2309 haec
258 2249 358 2319 vota,
402 2247 438 2304 et
461 2228 524 2302 has
545 2232 782 2301 confessiones
806 2254 824 2299 a
849 2254 996 2324 corpore
1022 2232 1141 2300 anima
1189 2226 1318 2320 siquid
1337 2229 1448 2298 inesse
1467 2229 1551 2296 boui
1569 2229 1737 2303 cernitur.
1788 2229 1884 2325 Ergo
1910 2242 2038 2313 mentis
2058 2250 2181 2320 oculos

145 2353 270 2411 sancta
302 2350 335 2408 et
356 2335 433 2405 Deo
465 2358 545 2404 cara
576 2334 812 2425 placidissime
837 2334 1005 2408 discessit.
1071 2329 1142 2403 llic
1165 2374 1166 2379 κ
1190 2331 1333 2419 deligito
1351 2331 1386 2399 in
1405 2326 1490 2400 haec
1509 2332 1613 2400 bona.
1670 2329 1751 2403 Etsi
1771 2337 1871 2409 abest
1896 2344 2052 2416 coniunx
2076 2363 2138 2422 tua
2159 2379 2182 2424 a

145 2441 310 2513 mortalis
324 2440 416 2508 sitae
430 2438 510 2507 hnis
524 2436 612 2521 fuit,
639 2434 704 2527 ipsi
720 2437 864 2530 quidem
880 2434 1057 2506 Dominae
1072 2436 1142 2503 mi·
1163 2388 1168 2553 1
1191 2440 1379 2523 conspectu
1397 2446 1477 2517 tuo,
1502 2446 1538 2503 et
1561 2432 1653 2503 filiae
1674 2435 1918 2529 dulcissimae,
1950 2458 2066 2519 umen
2090 2454 2182 2526 laeta

145 2545 248 2613 nime
262 2541 390 2623 tristis,
421 2541 480 2608 sed
505 2539 641 2631 optimo
654 2536 813 2630 Principi
840 2538 951 2621 filiae,
977 2553 1009 2608 et
1037 2538 1142 2608 nobis
1164 2556 1168 2589 ¹
1191 2535 1324 2605 fruitur
1350 2535 1420 2603 iam
1452 2549 1677 2625 conspectu,-
1702 2540 1873 2629 sapientia
1898 2558 1932 2615 et
1956 2542 2182 2629 sermonibus
2284 2634 2288 2641 ,

149 2644 319 2713 omuibus
334 2628 436 2710 valde
451 2640 648 2711 luctuosus:
675 2663 715 2711 ac
733 2666 780 2710 ne
799 2640 970 2733 principis
991 2653 1025 2712 et
1047 2641 1142 2709 filiae
1164 2592 1168 2703 l
1190 2633 1277 2721 Dei,
1303 2649 1336 2707 et
1352 2637 1415 2705 filii
1432 2637 1507 2706 eius
1523 2634 1671 2707 Domini
1688 2645 1801 2713 nostri
1821 2643 1898 2717 lesu
1914 2644 2066 2742 Christi,
2090 2656 2183 2730 Pro-

150 2746 329 2834 ingentem
348 2743 508 2815 dolorem
523 2767 688 2835 augeam,
716 2745 778 2838 qni
795 2767 915 2814 casssas
932 2744 986 2813 sui
1000 2767 1142 2814 moero·
1192 2735 1392 2830 phetanrm,
1418 2736 1685 2830 Apostolorum.
1719 2741 1792 2812 latu
1806 2746 1844 2816 in
1861 2763 1963 2821 coetu
1978 2758 2183 2834 coelestium

150 2847 200 2917 ris
222 2847 406 2932 maximas,
433 2847 537 2916 etiam
555 2846 658 2915 nobis
675 2846 891 2931 tacentibus,
923 2847 1064 2931 vident,
1097 2847 1142 2915 de
1192 2856 1436 2912 matronarum
1467 2842 1568 2913 arrdit
1597 2842 1826 2917 disserentem
1850 2848 2003 2924 Mariam
2028 2862 2072 2931 de
2096 2864 2184 2954 filio,

148 2949 255 3018 nobis
273 2951 399 3020 dicam.
449 2946 600 3017 Ferreus
621 2962 693 3030 est,
719 2950 782 3041 qni
806 2950 845 3016 in
869 2962 968 3018 tanto
997 2949 1141 3038 publico
1165 2972 1168 3023 :
1192 2944 1292 3014 audit
1309 2939 1423 3014 Evam
1443 2947 1488 3014 de
1501 2943 1615 3035 prima
1637 2950 1841 3022 conditione
1863 2959 2002 3044 generis
2022 2957 2184 3056 humani,

146 3053 266 3134 luctu,
305 3074 384 3118 cum
400 3049 518 3116 videat
531 3047 709 3136 Principis
735 3063 769 3118 et
794 3050 1064 3138 praecipuorum
1087 3049 1144 3114 vi-
1165 3029 1169 3137 l
1193 3047 1239 3113 de
1264 3045 1338 3111 suis
1366 3048 1544 3115 aerumnis
1561 3059 1594 3115 et
1609 3047 1882 3125 liberationibus
1897 3063 2183 3144 concionantem.

144 3176 271 3225 rorum
287 3149 324 3217 in
342 3148 509 3218 omnibns
525 3147 731 3229 ordinibus,
764 3149 941 3216 nobilium
969 3161 1004 3218 et
1028 3170 1142 3217 sacer·
1165 3144 1169 3256 l
1193 3142 1306 3212 Audit
1322 3142 1445 3214 Saram
1464 3156 1497 3213 et
1512 3158 1665 3216 caeteras
1678 3151 1810 3223 similes
1827 3171 2006 3232 matronas
2028 3192 2185 3244 comme.

148 3260 274 3326 dotum
297 3247 513 3344 lachrymas,
537 3272 615 3316 essm
632 3248 725 3317 tiliae
741 3248 916 3340 Principis
943 3263 976 3321 et
1000 3260 1052 3320 tot
1076 3243 1144 3318 ho·
1166 3269 1169 3279 ·
1194 3260 1372 3316 morantes
1396 3245 1464 3315 Dei
1491 3248 1672 3318 beneficia.
1728 3250 1843 3326 Audit
1868 3260 2023 3357 dariique
2048 3288 2185 3361 pamm

149 3355 431 3428 nestissimarum
450 3365 693 3421 matronarum
715 3352 867 3422 eiulatus
892 3352 1033 3432 audiat,
1068 3351 1144 3421 sine
1166 3350 1169 3431 ξ
1194 3347 1298 3417 etiam
1316 3370 1439 3432 suum,
1460 3347 1593 3438 Regem
1610 3351 1711 3441 pium
1738 3370 1771 3426 et
1790 3355 1865 3427 Deo
1879 3356 2046 3454 charum,
2073 3373 2185 3446 filios.

153 3481 314 3529 moerore
329 3479 402 3524 esse
418 3467 543 3545 potest.
593 3450 727 3523 Causas
748 3454 857 3545 igitur
880 3453 1025 3523 dolendi
1048 3453 1144 3543 cogi·
1166 3444 1170 3499 l
1194 3473 1263 3542 que
1282 3472 1323 3518 ac
1339 3449 1427 3518 tilias
1442 3453 1698 3541 consplectitur.
1749 3454 1850 3528 Nihil
1867 3465 2011 3560 utrique
2026 3489 2184 3549 vestrum

153 3575 284 3642 temus,
310 3559 516 3627 adiiciamus
531 3558 629 3626 luctu
646 3556 770 3647 optimi
790 3555 968 3648 Principis
990 3570 1022 3628 et
1040 3555 1144 3636 filiae,
1194 3552 1349 3644 optatius
1364 3553 1449 3635 fuit,
1476 3577 1583 3645 quam
1600 3568 1641 3626 ut
1666 3556 1727 3625 illa
1752 3555 1955 3637 dulcissima
1978 3576 2184 3651 coelestium

152 3678 191 3734 ut
213 3664 309 3733 iubet
326 3657 515 3745 nosDeus,
542 3659 747 3750 praesertim
756 3657 963 3750 Principum
980 3660 1146 3729 beneme-
1167 3660 1170 3683 ¹
1194 3655 1451 3725 consuetudine
1466 3657 1685 3743 frueremini,
1710 3662 1755 3732 ad
1772 3688 1877 3759 quam
1893 3675 1989 3762 qssod
2009 3679 2107 3766 prior
2123 3687 2188 3753 ad-

150 3767 304 3837 ritorum
324 3765 491 3832 adversos
515 3782 615 3831 casus
637 3775 779 3832 nostros
801 3764 948 3848 ducere,
977 3777 1012 3834 et
1033 3760 1146 3832 nostri
1168 3784 1172 3798 ·
1195 3757 1338 3827 ducitur
1354 3759 1509 3828 coniunx
1526 3773 1602 3844 tua,
1628 3761 1658 3831 si
1677 3765 1841 3837 volumus
1857 3794 1937 3843 vera
1951 3776 2078 3867 dicere,
2105 3807 2187 3874 gra.

149 3867 285 3940 ssooris
314 3889 394 3954 erga
422 3887 483 3933 eos
503 3863 796 3953 significationem
816 3866 979 3935 societate
1001 3863 1146 3934 moesti·
1167 3811 1172 3969 Ι
1196 3861 1340 3931 tulauda
1356 3875 1408 3932 est
1423 3861 1455 3931 ei
1472 3855 1558 3931 haec
1577 3864 1737 3936 felicitas.
1796 3867 1887 3940 Nam
1914 3870 2000 3949 haec
2025 3906 2115 3975 quae
2139 3892 2185 3959 (1.,

150 3971 227 4041 ciae
242 3971 438 4040 ostendere.
488 3966 627 4036 Deinde
651 3991 692 4036 eo
715 3968 917 4051 doleamus,
951 3969 1048 4061 quod
1077 3967 1146 4036 tale
1168 3978 1171 4055 ξ
1195 3963 1453 4035 consuetudine
1467 3977 1628 4034 aeternae
1638 3963 1816 4042 Ecclesiae
1830 3977 2089 4069 adseveramus,
2110 4015 2186 4062 uon

149 4077 261 4145 decus
281 4084 316 4141 et
340 4068 519 4159 exemplar
541 4068 734 4153 virtutum,
782 4064 868 4140 haec
896 4070 992 4159 regio
1018 4068 1147 4152 amisit,
1168 4086 1171 4153 j
1195 4077 1279 4135 sunt
1293 4064 1453 4134 fabulosa
1469 4089 1508 4135 ac
1523 4066 1651 4137 similia
1668 4085 1869 4158 poesnauum
1894 4081 1939 4149 de
1962 4106 2087 4180 campo
2109 4093 2186 4188 ely-

149 4171 520 4269 quodquel‘atronam
530 4166 777 4255 Ecclesiarum,
804 4172 984 4242 literarum
1003 4185 1037 4242 et
1053 4170 1147 4240 mul-
1168 4162 1172 4279 ξ
1194 4167 1259 4236 sio.
1317 4166 1392 4237 Nos
1412 4168 1452 4237 in
1474 4163 1630 4240 Ecclesia
1653 4171 1725 4241 Dei
1755 4178 1966 4253 testimoniis
1988 4187 2187 4266 illustribus

149 4293 271 4350 torum
297 4274 582 4344 calamitosorum
605 4273 798 4344 amisimus.
852 4275 920 4345 Sed
947 4268 1145 4368 lachrymae
1167 4296 1172 4411 p
1195 4269 1506 4341 confirmatasesse
1521 4270 1661 4342 (lisinas
1675 4277 1927 4364 promissiones
1948 4289 2095 4378 scimus,
2130 4299 2187 4366 vi-

148 4389 274 4449 vocetn
291 4376 511 4465 impediunt,
539 4374 618 4443 ideo
635 4369 728 4443 hanc
745 4388 878 4465 partem
894 4375 1068 4445 orationis
1082 4375 1147 4445 ab·
1168 4414 1171 4421 =
1195 4370 1322 4441 delicet
1336 4372 1637 4444 resuscitationem
1653 4377 1716 4446 filii
1731 4375 1810 4466 Dei,
1834 4395 1868 4453 et
1886 4390 2080 4463 multorum
2095 4398 2186 4468 alio-

150 4505 293 4570 rumpo.
338 4476 482 4550 Utinam
499 4490 628 4561 atatem,
653 4491 691 4546 ut
706 4476 988 4548 dolendicausas
1002 4490 1147 4570 propter
1195 4496 1276 4542 rurn
1285 4522 1297 4557 ,
1325 4472 1387 4566 qui
1406 4475 1551 4545 extincti
1567 4477 1782 4555 revixerunt.
1834 4482 1939 4558 Certo
1954 4491 2064 4580 igitur
2078 4501 2186 4570 adfir-

150 4583 327 4678 populum
342 4581 500 4671 exposui,
521 4580 567 4648 ita
585 4601 722 4668 possem
740 4579 857 4671 aliqua
873 4604 915 4647 ex
933 4595 1030 4670 parte
1047 4592 1145 4648 tanto
1168 4612 1172 4623 ·
1196 4575 1365 4644 mandam
1390 4589 1461 4660 est,
1498 4570 1659 4650 homines
1682 4582 1726 4650 ad
1751 4582 1865 4655 Deum
1891 4615 2079 4666 conversos
2103 4627 2187 4676 vera

149 4684 295 4755 nsslrreri
312 4681 492 4772 Principis
509 4697 542 4752 et
559 4680 648 4749 filiae
666 4681 809 4748 mederi.
872 4677 925 4751 Ac
941 4682 1049 4750 liliam
1065 4681 1146 4774 qni·
1198 4677 1564 4767 poeniteutiaethde,
1594 4685 1905 4779 etacquiescentes
1931 4693 1967 4761 in
1992 4701 2187 4776 mediatore

149 4792 234 4859 dem
262 4785 351 4879 patri
376 4808 500 4854 onsrres
520 4782 663 4852 ordines
689 4784 961 4869 commendant,
995 4806 1147 4875 eumque
1196 4775 1363 4863 filioDei,
1390 4781 1609 4854 discedentes
1624 4808 1665 4855 ex
1682 4781 1746 4857 hac
1761 4789 1851 4874 vita,
1876 4793 1958 4862 duci
1975 4799 2020 4868 ad
2037 4801 2189 4877 laetissi.

150 4904 277 4973 oraut,
302 4900 388 4957 utet
408 4888 455 4955 ob
476 4880 567 4956 hanc
585 4907 724 4954 causam
746 4882 874 4954 fortius
889 4897 1059 4976 repugnet
1081 4886 1147 4952 do·
1196 4905 1289 4948 mam
1307 4895 1470 4951 aeternae
1485 4878 1661 4957 Ecclesiae
1685 4894 1990 4972 consuetudinem.
2055 4902 2191 4980 Mami.

150 4992 243 5075 lori,
268 5003 307 5060 ut
323 4989 399 5059 eius
414 4989 576 5059 oratione
593 5000 625 5055 et
639 4985 739 5055 vultu
757 4987 827 5056 falia
842 5011 860 5057 a
878 5011 1014 5057 summa
1031 4986 1147 5055 luctus
1197 4983 1281 5054 nisti
1299 4997 1415 5054 autem
1434 4982 1603 5078 Princeps
1621 5002 1733 5062 totum
1752 4991 1841 5062 vitae
1857 4999 2074 5073 curriculum
2101 5035 2189 5081 con-

150 5094 343 5167 acerbitate
359 5093 566 5162 abducatur.
619 5085 696 5157 Etsi
715 5102 850 5169 autem,
878 5086 1047 5179 Princeps
1063 5088 1148 5158 illu·
1197 5086 1307 5175 iugis‚
1330 5087 1474 5176 plenum
1494 5088 1652 5178 pictatis,
1678 5106 1711 5161 et
1728 5092 1765 5160 in
1783 5087 1850 5164 hoc
1868 5113 2023 5174 extremo
2038 5111 2189 5184 articulo

151 5196 345 5274 strissime,
379 5195 490 5285 pietas
507 5205 567 5262 tua
585 5190 762 5261 laudanda
778 5203 849 5274 est,
883 5192 978 5282 quod
996 5191 1147 5261 extincta
1198 5187 1392 5258 clarissima
1415 5190 1513 5277 signa
1539 5192 1650 5260 animi
1677 5195 1929 5288 acquiesceretis
1961 5204 2000 5275 in
2022 5208 2096 5279 filio
2121 5212 2190 5286 Dei

150 5294 360 5370 charissima
385 5297 535 5383 coniuge
559 5307 660 5365 tanto
683 5295 808 5362 dolore
832 5306 866 5361 et
880 5293 1056 5362 desiderio
1072 5293 1147 5361 eius
1199 5289 1494 5364 animadvertisti.
1550 5289 1616 5362 llis
1643 5294 1743 5365 iactis
1767 5299 2008 5377 fundamentis
2028 5317 2193 5386 consola-

151 5400 314 5473 adficeris
329 5402 421 5490 (non
437 5397 532 5466 euim
548 5396 573 5464 ii
590 5419 724 5478 sumus,
750 5394 810 5489 qui
829 5389 921 5463 nihil
939 5397 1073 5481 dolere,
1093 5417 1149 5464 sa·
1199 5394 1358 5475 tionum,
1400 5407 1433 5462 ot
1456 5394 1551 5487 quod
1574 5392 1650 5467 Deo
1673 5397 1913 5474 obediendum
1935 5407 1998 5493 sit,
2037 5427 2071 5484 et
2095 5422 2193 5510 quod

152 5502 324 5598 pientiam
342 5515 403 5572 aut
416 5500 582 5572 virtutem
599 5521 672 5568 esse
686 5499 875 5582 linxerunt,
900 5511 1150 5568 removeantur
1201 5493 1357 5566 coniunx
1396 5507 1456 5566 tua
1497 5496 1701 5570 coelestium
1741 5509 1997 5580 consuetudine
2035 5514 2192 5592 fruatur:

1491 5592 1578 5667 49·
