4664 6022
141 299 215 377 471
697 282 857 367 DECL.
889 280 968 360 DE
1000 282 1281 362 GUELPHO
1314 284 1471 364 DUCE
1502 283 1631 370 BAV.
2107 290 2181 370 tta

144 497 263 554 saeva,
290 484 324 543 et
336 462 568 538 inexorabilis
586 464 656 543 ira,
678 457 768 532 mibi
783 487 868 534 vero
885 456 1015 534 borum
1031 460 1135 533 tacita
1183 463 1351 534 mentiam
1368 465 1504 533 veroin
1520 478 1689 560 promptu
1704 489 1741 536 se
1756 462 1898 555 habere,
1924 470 1969 539 ad
1983 468 2178 539 vindictam

142 579 253 673 pietas
268 571 455 666 supplicat.
505 565 672 638 Graviter
693 564 747 634 illi
769 565 808 635 in
824 589 881 634 me
898 566 1137 659 deliquerunt,
1184 590 1260 638 non
1282 564 1352 635 nisi
1368 581 1548 654 coactum,
1573 572 1617 639 ad
1634 570 1859 640 clementiam
1878 587 2006 664 sponte
2022 594 2176 659 currere3

144 685 433 751 tomnm-uerunt
455 692 624 763 poenam,
656 680 751 752 esto,
783 670 843 737 sed
870 666 950 742 Rex
971 670 1076 738 debet
1098 688 1136 736 se
1185 682 1221 739 et
1246 668 1440 739 declaravit
1464 693 1503 739 re
1533 669 1609 763 ipsa
1635 696 1760 742 verum
1795 697 1894 761 esse,¹
1919 676 2018 768 quod
2051 672 2176 745 dicitur

143 783 247 854 talem
274 775 442 871 praebere
466 772 622 851 civibus,
648 771 789 864 qualem
810 771 879 839 sibi
895 768 1011 842 Deum
1034 769 1136 839 velit:
1186 768 1336 842 ἐσθλῶν
1357 768 1489 867 φρένες
1508 769 1760 847 edecimatos.
1813 775 1905 846 Nam
1935 773 2003 847 boc
2024 776 2174 846 certissi-

143 908 207 976 ego
234 894 351 952 autem
374 899 480 971 quam
508 897 630 965 saepe,
662 886 697 942 et
722 896 828 965 quam
854 874 969 945 multo
996 872 1138 962 gravius
1185 897 1285 941 mum
1319 891 1565 962 argumentum
1601 890 1652 948 est
1683 880 1798 947 bonae
1828 880 1957 950 mentis
1983 902 2059 948 non
2091 900 2176 961 esse,

145 998 267 1057 eoum
284 981 398 1053 Deum
416 977 543 1069 pecco?
577 975 636 1046 cui
659 977 689 1045 si
709 976 848 1069 quoties
870 1000 973 1045 causa
997 987 1047 1045 est
1070 996 1139 1065 pu·
1186 971 1439 1069 μνησικακὸν,
1465 1000 1540 1046 non
1558 990 1717 1049 tenacem
1733 981 1967 1064 offensarum,
1995 979 2083 1052 haec
2098 1004 2176 1071 pro-

145 1086 286 1170 niendi,
312 1081 417 1152 toties
433 1091 468 1149 et
484 1078 648 1150 voluntas
666 1091 771 1164 esset,
797 1101 887 1171 quae
904 1079 958 1147 illi
975 1076 1139 1160 fulmina,
1187 1077 1265 1170 prie
1279 1077 1400 1147 divina
1417 1077 1532 1149 virtus
1550 1094 1621 1166 est,
1646 1093 1680 1151 et
1701 1106 1769 1175 qua
1790 1078 1955 1154 homines
1970 1107 2080 1179 qnam
2100 1108 2177 1177 pro-

146 1213 236 1286 quge
263 1196 440 1257 tormenta
467 1183 664 1251 inferorum
691 1181 729 1248 in
755 1203 850 1249 meas
876 1181 984 1251 unius
1009 1200 1140 1270 poenas
1187 1179 1282 1249 xime
1306 1182 1351 1248 ad
1375 1180 1647 1253 similitudinem
1663 1181 1732 1255 Dei
1749 1188 1933 1258 accedunt.
1986 1185 2029 1255 ln
2045 1188 2177 1277 magnis

146 1286 368 1363 sufficerent?
400 1283 489 1355 Nam
507 1285 602 1376 quod
618 1282 841 1353 conditiones
857 1283 952 1374 pacis
971 1282 1139 1375 quasdam
1188 1282 1297 1372 igitur
1313 1294 1348 1352 et
1369 1277 1522 1354 heroicis
1537 1286 1666 1354 animis
1683 1311 1724 1356 ea
1748 1288 1934 1380 praecipue
1951 1288 2066 1373 lucet,
2094 1289 2179 1359 sicut

147 1394 272 1466 durius
312 1404 416 1483 atque
458 1386 706 1456 inclementius
749 1384 974 1476 interpretari
1015 1381 1142 1465 audio,
1189 1397 1311 1453 contra
1332 1385 1456 1475 pusilli
1478 1387 1588 1457 animi
1610 1402 1643 1459 et
1664 1388 1858 1460 indomitae
1882 1392 1955 1462 irae
1978 1391 2097 1462 laxare
2112 1395 2180 1463 ire·¹

147 1509 280 1592 quanto
297 1487 484 1562 honestius
505 1500 558 1557 est
575 1511 640 1557 nos
657 1485 781 1557 audire
799 1510 919 1556 vocem
936 1498 1140 1554 nostrarum
1190 1510 1273 1570 nos,
1298 1510 1408 1578 eaque
1428 1491 1616 1580 produce,
1642 1514 1716 1560 non
1736 1516 1803 1582 pro
1823 1494 1936 1565 milite
1956 1494 2028 1578 uti,
2055 1509 2092 1566 et
2106 1496 2182 1564 vin·

147 1600 285 1689 legum,
311 1616 401 1687 quae
424 1591 506 1660 odia
531 1589 758 1679 restringere,
784 1590 943 1657 favorem
960 1611 1042 1656 vero
1066 1610 1141 1653 am·
1191 1588 1303 1657 dictae
1316 1589 1425 1656 nimis
1439 1592 1558 1682 cupidi
1573 1616 1665 1677 esse,
1690 1593 1880 1676 muliebre,
1907 1596 2116 1689 nentiquam
2132 1596 2183 1666 vi-

147 1696 261 1795 pliare
277 1693 427 1765 iubent?
479 1691 624 1782 Quanto
640 1691 787 1784 aequius
809 1690 1032 1759 conditiones
1048 1687 1142 1779 pacis
1191 1689 1274 1773 rile,
1296 1690 1410 1761 nrrrlto
1428 1691 1546 1762 minus
1563 1688 1745 1764 heroicum
1763 1711 1823 1769 est.
1875 1696 1993 1768 Pallas
2009 1701 2103 1788 apud
2120 1696 2183 1773 So-

147 1804 288 1872 flecffle
311 1798 354 1867 ad
376 1797 539 1880 laudem,
564 1818 639 1863 non
654 1795 700 1863 ad
722 1792 908 1862 fraudem?
937 1806 1143 1886 quantoque
1193 1786 1355 1884 phoclem
1371 1795 1527 1866 ostendit
1542 1794 1812 1890 UlyssiAiacem
1827 1797 2028 1886 inimicum,
2056 1802 2096 1870 in
2112 1826 2184 1873 me-

148 1902 316 1993 principe
332 1899 492 1988 dignius,
521 1896 630 1986 magis
647 1897 693 1965 ad
708 1895 933 1964 clementiam
947 1917 1052 1986 quam
1067 1914 1143 1961 sae·
1191 1893 1250 1963 dia
1275 1908 1388 1983 strage
1407 1899 1600 1986 pecudum,
1625 1923 1712 1992 quas
1733 1924 1800 1989 pro
1819 1898 2050 1993 Principibus
2073 1901 2184 1975 Grae·

149 2006 272 2077 vitiam
293 2002 519 2090 ingeniosum
540 1998 637 2067 esse?
669 1994 759 2069 Cum
783 1992 841 2065 his
857 2011 962 2090 atque
981 1995 1061 2064 aliis
1075 1989 1143 2063 hoc
1192 1996 1266 2065 ciac
1294 2017 1359 2088 per
1386 1995 1542 2068 furorem
1575 2014 1804 2087 mactaverat,
1840 2004 2121 2092 discursantem,
2152 2022 2184 2081 et

149 2127 261 2197 genus
279 2103 503 2173 sermonibus
519 2123 579 2171 eos
599 2101 802 2181 refutasset,
828 2099 890 2192 qui
906 2098 1004 2169 illius
1018 2096 1145 2167 crude-
1192 2099 1282 2166 duos
1298 2120 1316 2166 e
1331 2120 1434 2187 grege
1452 2102 1659 2190 grandiores
1674 2104 1811 2188 arictes,
1835 2129 1898 2176 cur
1912 2108 2066 2177 alterum
2082 2106 2182 2204 Ulys-

148 2211 195 2281 lis
222 2205 417 2277 sententiae
444 2218 585 2274 autores
609 2204 770 2286 fuerant,
809 2202 909 2272 iubet
934 2199 1144 2270 mulieribus
1192 2221 1285 2278 sem,
1310 2200 1459 2270 alterum
1479 2198 1782 2292 Agamemnonem
1805 2221 1946 2297 putaret
1968 2194 2181 2299 flagris'caa-

148 2308 324 2392 nunciari,
342 2307 476 2376 bonum
493 2304 652 2374 animum
667 2299 852 2389 haberent,
873 2327 971 2372 neca
986 2325 1023 2373 se
1038 2300 1144 2395 quid·
1193 2301 1355 2382 dentem,
1381 2315 1416 2371 et
1429 2301 1623 2395 interrogat
1647 2306 1781 2397 ipsum,
1808 2331 1955 2403 ecquam
1969 2312 2179 2406 voluptatem

149 2436 257 2510 quam
281 2411 379 2479 triste
405 2420 620 2493 metuerent,
653 2407 819 2477 daturum
844 2429 880 2475 se
906 2428 1071 2496 operam,
1103 2414 1144 2472 ut
1193 2403 1326 2495 capiat,
1351 2427 1432 2474 cum
1447 2404 1633 2478 inimicum
1650 2433 1753 2480 suum
1768 2411 1817 2480 ita
1830 2413 1870 2480 in
1884 2414 2046 2484 furorem
2061 2428 2174 2503 actum,

149 2512 347 2609 praemium
364 2510 503 2601 pietatis
520 2511 614 2600 apud
634 2507 841 2600 sepositum
860 2507 1048 2577 sentirent:
1074 2505 1143 2574 im·
1194 2505 1432 2598 miserumque
1456 2531 1496 2576 ac
1519 2509 1762 2582 calamitosum
1780 2512 1926 2590 videat·
1959 2513 2030 2587 Cui
2049 2516 2178 2615 Ulysset

149 2628 251 2711 perat
270 2613 400 2683 deinde
421 2612 464 2680 ad
489 2635 525 2680 se
546 2611 651 2680 acciri
676 2611 805 2694 victos,
837 2622 871 2680 et
895 2624 935 2680 ut
959 2632 1014 2677 res
1037 2608 1143 2677 etiarn
1193 2610 1400 2698 respondet,
1425 2610 1492 2679 sibi
1518 2613 1724 2704 neutiquam
1742 2614 1891 2701 laetum,
1914 2619 1976 2688 sed
1994 2621 2100 2691 triste
2114 2644 2179 2693 ma-

150 2740 231 2795 ,uas
245 2716 359 2786 salvas
375 2713 579 2795 retinerent,
604 2712 836 2803 pronunciat:
862 2709 988 2805 Deque
1002 2712 1144 2779 foedere
1193 2710 1245 2798 gis
1277 2708 1313 2776 id
1341 2712 1578 2799 spectaculum
1605 2715 1737 2783 videri:
1766 2714 1945 2804 Primum,
1980 2722 2084 2814 quod
2111 2748 2177 2795 cnm

150 2848 191 2895 ,c
218 2843 303 2913 pace
328 2840 408 2887 cum
440 2816 491 2883 eis
516 2815 737 2905 aequissimis
767 2813 1033 2883 conditionibus
1064 2810 1144 2899 egit.
1193 2809 1499 2882 commiseratione
1519 2828 1650 2904 spectet
1674 2812 1780 2886 huius
1800 2818 1886 2905 viri,
1919 2824 1998 2891 etsi
2023 2824 2177 2899 inimicas

148 2922 298 3014 Recepit
313 2917 533 2987 uberrimum
548 2917 701 2985 fructum
718 2914 815 2984 illius
830 2915 1035 2984 clementiae
1050 2935 1145 2997 suae,
1193 2913 1248 2995 sit,
1271 2924 1391 2980 tamen
1407 2926 1503 2983 tanta
1521 2917 1649 2987 virtute
1666 2920 1828 3008 praediti,
1855 2922 2099 2995 miserandam
2114 2950 2176 2999 sor·
2221 2922 2223 2933 '

151 3026 331 3097 neminem
355 3020 449 3087 enim
467 3018 598 3088 deinde
621 3017 817 3087 fideliorem
834 3014 894 3086 aut
911 3015 1144 3085 amantiorem
1193 3027 1280 3097 tem3
1315 3015 1444 3084 deiude
1477 3020 1573 3109 quod
1604 3042 1687 3089 suae
1713 3046 1856 3118 quoque
1880 3028 2105 3101 conditionis
2126 3026 2173 3101 boc

152 3129 209 3200 ,ui
221 3128 260 3194 in
276 3122 425 3214 imperio
442 3116 568 3190 babuit
582 3114 810 3200 Chunradus,
836 3143 942 3212 quam
960 3115 1144 3197 Guellum‚
1195 3115 1355 3208 exemplo
1370 3119 1613 3204 admoneatur,
1638 3135 1672 3193 et
1690 3123 1825 3211 videat,
1851 3142 1984 3220 quanta
2001 3132 2050 3200 sit
2067 3128 2175 3203 buma-

152 3244 188 3302 et
209 3227 272 3323 qui
296 3249 376 3295 cum
401 3247 443 3291 eo
466 3223 577 3313 capti,
605 3223 712 3292 vitam
736 3245 776 3291 ac
795 3244 851 3290 res
869 3244 951 3290 suas
973 3219 1144 3290 beneficio
1194 3242 1323 3287 narum
1352 3242 1470 3288 rerum
1498 3221 1689 3312 fragilitas,
1720 3240 1754 3295 et
1777 3251 1884 3321 quam
1911 3224 2098 3326 homines,
2129 3234 2178 3331 qul

151 3325 381 3424 lmperatoris
405 3326 636 3397 retinuerant.
687 3321 736 3393 Et
759 3323 887 3413 dignus
911 3336 1002 3407 crat,
1038 3344 1143 3414 quem
1196 3321 1328 3404 vivant,
1354 3315 1559 3393 nihilaliud
1578 3327 1666 3411 sint,
1692 3353 1798 3420 quam
1817 3331 1914 3403 velut
1934 3334 2060 3405 inania
2082 3338 2178 3407 simn-

150 3455 273 3506 omne,
287 3427 456 3500 mortales
471 3426 715 3516 benignissimi
729 3450 770 3495 ac
784 3424 962 3494 mitissimi
987 3424 1145 3516 parentis
1195 3416 1316 3491 lachra
1343 3434 1377 3491 et
1402 3424 1490 3494 levis
1519 3425 1650 3501 sumus.
1711 3429 1847 3503 Laudat
1872 3428 1969 3505 hunc
1988 3462 2176 3509 sermonen

150 3539 231 3608 loco
258 3543 436 3613 amarent,
474 3530 644 3621 omnique
678 3551 804 3617 genere
830 3528 1074 3598 observantiae
1105 3549 1144 3593 ac
1197 3524 1379 3593 Minerva:
1406 3521 1655 3614 Ettosiboc,
1678 3531 1813 3625 inquit,
1834 3536 2107 3627 animosueris,
2131 3564 2176 3611 sn-

151 3637 292 3731 pietafis
314 3632 491 3715 colerent,
528 3631 589 3720 qui
613 3631 703 3698 iram
728 3630 834 3698 etius
853 3652 956 3698 suum
978 3629 1016 3697 in
1033 3628 1145 3697 victos
1198 3626 1290 3714 peris
1315 3622 1443 3696 charus
1467 3630 1554 3712 eris,
1577 3646 1612 3701 et
1626 3632 1735 3702 vitam
1756 3636 1928 3709 foeliciter
1952 3642 2071 3731 exiges
2087 3622 2177 3719 tuam.

151 3736 308 3813 remisit,
344 3732 630 3824 condonavitque
653 3729 779 3800 virtuti
800 3753 839 3798 ac
867 3730 1007 3821 pietati,
1039 3752 1143 3822 quem
1196 3727 1286 3796 Nam
1313 3725 1410 3796 Deus
1441 3729 1633 3801 insolentes
1666 3750 1699 3805 et
1727 3737 1903 3810 vindictae
1929 3745 2082 3835 cupidos
2109 3746 2180 3830 odit,

153 3865 228 3912 non
249 3835 403 3906 offensae
426 3834 582 3925 priores,
613 3854 687 3901 non
711 3854 874 3923 praesens
899 3832 1004 3901 dolor
1026 3830 1144 3908 etita,
1199 3830 1299 3899 mites
1318 3853 1413 3906 vero,
1441 3847 1474 3901 et
1489 3836 1668 3904 moderate
1687 3852 1838 3927 agentes,
1864 3842 1993 3935 diligit.
2047 3845 2117 3919 His
2129 3872 2179 3917 vo·

153 3966 244 4038 quae
276 3936 501 4021 clementiae,
541 3933 728 4028 aequitati,
763 3933 954 4003 moderatis
987 3932 1146 4002 consiliis
1198 3932 1297 4000 cibus
1321 3929 1440 4026 Ulyssi
1465 3933 1687 4006 clementiam
1719 3943 2000 4039 modestiamque
2027 3948 2180 4021 Minerva

153 4039 397 4115 inimicissima
419 4050 489 4123 est,
519 4060 630 4131 caque
656 4034 864 4129 nentiquam
888 4034 1038 4121 iniusta,
1070 4057 1145 4103 non
1198 4040 1432 4118 commendat,
1457 4060 1546 4129 quae
1562 4038 1675 4110 virtus
1688 4066 1762 4112 non
1778 4044 1823 4112 ab
1836 4070 1874 4114 re
1887 4059 2076 4142 tantopere
2092 4072 2180 4144 prae·

155 4149 231 4239 ipsa
247 4140 413 4223 victoria,
436 4162 525 4233 qnae
542 4152 668 4210 natura
681 4138 839 4209 insolens
855 4151 890 4208 et
905 4138 1057 4229 superba
1073 4160 1146 4206 esse
1198 4137 1355 4220 dicatur,
1381 4161 1487 4229 quam
1515 4140 1609 4208 enim
1630 4142 1751 4215 divina
1771 4170 1811 4215 ac
1833 4149 2117 4238 praeclarissima
2131 4164 2180 4235 etl
2215 4128 2220 4157 Ι

155 4249 264 4327 solet,
296 4265 373 4311 non
397 4242 641 4331 multipliciter
668 4240 967 4310 circumsonantes
999 4238 1146 4310 auribus
1198 4254 1269 4309 tam
1285 4261 1381 4322 rara,
1405 4254 1439 4310 et
1461 4240 1499 4308 id
1513 4245 1610 4332 quod
1624 4244 1755 4316 dicitur
1776 4272 1896 4318 revera
1919 4245 2065 4326 heroica
2081 4256 2182 4329 virtus

155 4346 314 4420 crudeles
337 4343 583 4433 instigantium
606 4366 709 4412 voces
728 4344 921 4435 perpellere
941 4354 1147 4435 potnerunt,
1199 4356 1266 4425 est,
1292 4353 1415 4432 utpote
1434 4365 1524 4435 quae
1542 4345 1663 4434 paucis
1688 4361 1724 4418 et
1739 4376 1813 4420 non
1828 4351 1898 4421 nisi
1913 4347 2088 4429 heroibus
2108 4378 2183 4431 con·

155 4475 230 4523 non
245 4446 423 4540 speciosus
437 4444 498 4512 ille
508 4443 755 4513 conditionum
771 4457 969 4534 praetextus
984 4444 1147 4528 invitare,
1198 4443 1316 4534 tingit.
1365 4441 1499 4533 Magna
1514 4446 1610 4515 enim
1629 4449 1682 4517 vlt
1697 4467 1748 4522 est
1764 4452 1856 4537 itae,
1883 4454 2076 4548 imperiosa
2092 4458 2183 4555 eupl-

155 4569 197 4625 ut
210 4550 375 4631 nevira,
401 4546 551 4616 retinuit
566 4570 664 4627 eum,
689 4568 763 4614 non
777 4560 819 4617 ut
832 4540 1028 4628 Achillem,
1053 4548 1144 4636 apud
1198 4548 1289 4616 «litas
1309 4544 1504 4630 vindictae,
1528 4551 1731 4639 praesertim
1754 4554 1783 4624 si
1805 4580 1884 4626 cum
1902 4563 2058 4632 nocendi
2081 4560 2184 4636 facol-

156 4653 354 4726 Homerum
368 4648 504 4733 Pallas,
528 4650 587 4717 sed
607 4648 735 4737 pietas,
760 4647 805 4716 ad
823 4647 899 4716 eius
921 4663 1147 4737 conspectum
1197 4662 1268 4721 tate
1282 4647 1470 4718 coniuncta
1486 4660 1550 4721 est.
1602 4645 1677 4722 Has
1692 4654 1803 4745 igitur
1823 4673 1952 4749 pestes,
1978 4654 2071 4738 haec
2089 4684 2184 4736 mon·

155 4758 277 4828 statim
308 4754 361 4822 ira
390 4750 597 4844 conquievit
623 4750 794 4841 cessitque
821 4748 932 4819 subiit
961 4751 1000 4817 in
1030 4750 1147 4818 locum
1197 4769 1269 4820 stra
1289 4748 1330 4820 in
1355 4749 1567 4841 nobisipsis
1591 4758 1785 4842 grassantia
1810 4760 1972 4849 vincere,
2004 4762 2183 4841 nonneid

157 4859 255 4928 illius
278 4856 376 4925 mitis
396 4878 436 4923 ac
467 4852 605 4943 placida
636 4849 749 4919 animi
768 4850 927 4934 affectio,
959 4851 1148 4944 induitque
1198 4852 1416 4923 Herculeum
1438 4865 1490 4922 est
1512 4856 1627 4945 opus?
1667 4855 1785 4947 Quam
1808 4861 2026 4955 impotenter
2051 4870 2105 4941 irs
2130 4890 2184 4941 sus

158 4983 239 5029 eum
257 4958 374 5047 ipsum
396 4951 577 5040 habitum,
602 4976 709 5047 quem
731 4952 770 5020 in
786 4952 889 5023 victis
911 4966 1148 5043 perspexerat:
1198 4955 1312 5026 utitur
1333 4952 1449 5047 Sylla,
1475 4955 1537 5046 qui
1560 4970 1615 5027 tot
1637 4957 1829 5034 inermium
1852 4988 1892 5035 ac
1913 4966 2122 5043 deditorum
2141 4970 2184 5043 α’-

159 5074 256 5132 rama
272 5056 326 5126 vis
344 5071 395 5126 est
408 5058 568 5141 virtutis,
591 5068 633 5124 ut
647 5055 753 5125 etiam
768 5054 808 5122 in
823 5049 925 5124 hoste
946 5049 1075 5127 habeat
1091 5055 1149 5123 in·
1198 5058 1297 5126 vium
1310 5055 1424 5124 millia
1438 5057 1630 5129 crudeliter
1644 5078 1724 5152 post
1739 5066 1923 5138 victoriam
1937 5072 2089 5162 occidit,
2114 5090 2184 5147 tan·

158 5175 279 5252 gentes
291 5158 455 5229 stimulos
470 5157 717 5228 admirationis
734 5170 768 5227 et
783 5156 926 5229 amoris.
969 5155 1150 5228 Praestitit
1198 5174 1275 5230 tum
1308 5158 1493 5246 sanguinis
1518 5157 1558 5228 in
1582 5163 1670 5232 urbe
1702 5166 1814 5259 ludit,
1851 5170 1950 5243 luctu
1980 5194 2024 5245 ac
2057 5190 2182 5248 terrore

158 5265 267 5354 igitur
282 5261 441 5332 animum
464 5262 568 5350 plane
582 5275 769 5351 paternum
793 5280 874 5348 erga
889 5252 1025 5339 hostes,
1051 5260 1149 5329 iudi-
1198 5260 1319 5330 omnia
1336 5260 1552 5351 complevit?
1575 5259 1609 5331 la
1626 5288 1705 5334 cum
1722 5268 1761 5339 in
1776 5271 1895 5343 vicino
1909 5275 1955 5344 ad
1970 5278 2097 5349 aedem
2108 5276 2184 5349 Bel·

158 5366 250 5436 eavit
271 5387 336 5456 pro
362 5375 503 5452 peccato
520 5384 649 5453 magno
670 5360 857 5453 paululum
878 5360 1046 5452 supplicii
1065 5362 1151 5433 satis
1197 5364 1302 5432 lonae
1320 5362 1456 5446 sedens,
1482 5360 1653 5434 Senatum
1671 5363 1828 5460 haberet,
1844 5391 1876 5448 et
1890 5376 2183 5455 miserabiliscltz

157 5489 250 5552 esse,
273 5463 429 5537 ostendit
452 5464 542 5532 uam
559 5475 592 5533 et
614 5463 835 5534 severitatem
858 5462 898 5533 in
912 5462 1054 5550 abdito,
1078 5464 1150 5536 cle-
1196 5487 1277 5533 mot
1296 5487 1337 5534 ac
1358 5465 1612 5557 comploratio,
1646 5481 1699 5541 tot
1722 5474 1876 5550 millium
1897 5478 1966 5549 snb
1992 5482 2114 5573 gladio
2132 5504 2183 5574 ge·
