<?xml version="1.0" encoding="UTF-8"?>
<!DOCTYPE html PUBLIC "-//W3C//DTD XHTML 1.0 Transitional//EN"
    "http://www.w3.org/TR/xhtml1/DTD/xhtml1-transitional.dtd">
<html xmlns="http://www.w3.org/1999/xhtml" xml:lang="en" lang="en">
 <head>
  <title>
</title>
<meta http-equiv="Content-Type" content="text/html;charset=utf-8" />
  <meta name='ocr-system' content='tesseract 3.04.00' />
  <meta name='ocr-capabilities' content='ocr_page ocr_carea ocr_par ocr_line ocrx_word'/>
</head>
<body>
  <div class='ocr_page' id='page_1' title='image "./philippimelanth00bretgoog_0261.png"; bbox 0 0 4664 6022; ppageno 0'>
   <div class='ocr_carea' id='block_1_1' title="bbox 139 238 2174 385">
    <p class='ocr_par' dir='ltr' id='par_1_1' title="bbox 139 238 2174 385">
     <span class='ocr_line' id='line_1_1' title="bbox 139 238 2174 385; baseline 0.008 -31"><span class='ocrx_word' id='word_1_1' title='bbox 139 310 211 385; x_wconf 64' lang='lat'><strong>,92</strong></span> <span class='ocrx_word' id='word_1_2' title='bbox 621 284 789 364; x_wconf 80' lang='lat' dir='ltr'><strong>unct.</strong></span> <span class='ocrx_word' id='word_1_3' title='bbox 827 282 902 358; x_wconf 80' lang='lat' dir='ltr'><strong>ns</strong></span> <span class='ocrx_word' id='word_1_4' title='bbox 935 278 1382 360; x_wconf 78' lang='lat' dir='ltr'><strong>nnsrtruunnts</strong></span> <span class='ocrx_word' id='word_1_5' title='bbox 1414 280 1697 364; x_wconf 69' lang='lat' dir='ltr'><strong>scaonis.</strong></span> <span class='ocrx_word' id='word_1_6' title='bbox 1992 238 1995 243; x_wconf 31' lang='lat'><em>¹</em></span> <span class='ocrx_word' id='word_1_7' title='bbox 2111 294 2174 373; x_wconf 79' lang='grc'><strong>411</strong></span> 
     </span>
    </p>
   </div>
   <div class='ocr_carea' id='block_1_2' title="bbox 140 453 2206 5535">
    <p class='ocr_par' dir='ltr' id='par_1_2' title="bbox 140 453 2206 5535">
     <span class='ocr_line' id='line_1_2' title="bbox 141 453 2175 566; baseline -0.001 -22"><span class='ocrx_word' id='word_1_8' title='bbox 141 490 202 555; x_wconf 50' lang='lat' dir='ltr'><strong>,sat</strong></span> <span class='ocrx_word' id='word_1_9' title='bbox 233 476 395 555; x_wconf 52' lang='lat' dir='ltr'><strong>tumetium</strong></span> <span class='ocrx_word' id='word_1_10' title='bbox 428 466 582 540; x_wconf 85' lang='lat' dir='ltr'><strong>maxime</strong></span> <span class='ocrx_word' id='word_1_11' title='bbox 607 463 761 533; x_wconf 87' lang='lat' dir='ltr'><strong>salutare</strong></span> <span class='ocrx_word' id='word_1_12' title='bbox 790 482 833 544; x_wconf 85' lang='lat' dir='ltr'><strong>eo</strong></span> <span class='ocrx_word' id='word_1_13' title='bbox 860 470 1033 549; x_wconf 72' lang='lat' dir='ltr'><strong>tempores</strong></span> <span class='ocrx_word' id='word_1_14' title='bbox 1064 457 1134 527; x_wconf 83' lang='lat' dir='ltr'><strong>luit</strong></span> <span class='ocrx_word' id='word_1_15' title='bbox 1181 454 1270 527; x_wconf 90' lang='lat' dir='ltr'><strong>scire</strong></span> <span class='ocrx_word' id='word_1_16' title='bbox 1294 468 1430 527; x_wconf 84' lang='lat' dir='ltr'><strong>veteres</strong></span> <span class='ocrx_word' id='word_1_17' title='bbox 1455 453 1709 551; x_wconf 79' lang='lat' dir='ltr'><strong>Apostolorum</strong></span> <span class='ocrx_word' id='word_1_18' title='bbox 1740 465 1949 551; x_wconf 87' lang='lat' dir='ltr'><strong>sententias,</strong></span> <span class='ocrx_word' id='word_1_19' title='bbox 1985 467 2077 540; x_wconf 84' lang='lat' dir='ltr'><strong>scire</strong></span> <span class='ocrx_word' id='word_1_20' title='bbox 2107 498 2175 566; x_wconf 82' lang='lat' dir='ltr'><strong>pers</strong></span> 
     </span>
     <span class='ocr_line' id='line_1_3' title="bbox 140 560 2171 659; baseline 0.003 -19"><span class='ocrx_word' id='word_1_21' title='bbox 140 588 238 659; x_wconf 62' lang='lat' dir='ltr'><strong>,nim</strong></span> <span class='ocrx_word' id='word_1_22' title='bbox 254 580 416 653; x_wconf 69' lang='lat' dir='ltr'><strong>hortator</strong></span> <span class='ocrx_word' id='word_1_23' title='bbox 434 568 617 641; x_wconf 76' lang='lat' dir='ltr'><strong>faciendae</strong></span> <span class='ocrx_word' id='word_1_24' title='bbox 634 561 844 648; x_wconf 78' lang='lat' dir='ltr'><strong>deditionis,</strong></span> <span class='ocrx_word' id='word_1_25' title='bbox 869 573 975 653; x_wconf 90' lang='lat' dir='ltr'><strong>atque</strong></span> <span class='ocrx_word' id='word_1_26' title='bbox 990 560 1040 631; x_wconf 87' lang='lat' dir='ltr'><strong>ita</strong></span> <span class='ocrx_word' id='word_1_27' title='bbox 1059 583 1134 629; x_wconf 84' lang='lat' dir='ltr'><strong>ser·</strong></span> <span class='ocrx_word' id='word_1_28' title='bbox 1183 583 1272 652; x_wconf 88' lang='lat' dir='ltr'><strong>quos</strong></span> <span class='ocrx_word' id='word_1_29' title='bbox 1289 572 1428 630; x_wconf 87' lang='lat' dir='ltr'><strong>autores</strong></span> <span class='ocrx_word' id='word_1_30' title='bbox 1448 578 1635 652; x_wconf 86' lang='lat' dir='ltr'><strong>propagata</strong></span> <span class='ocrx_word' id='word_1_31' title='bbox 1654 566 1817 635; x_wconf 90' lang='lat' dir='ltr'><strong>doctrina</strong></span> <span class='ocrx_word' id='word_1_32' title='bbox 1840 568 1959 644; x_wconf 85' lang='lat' dir='ltr'><strong>luerit.</strong></span> <span class='ocrx_word' id='word_1_33' title='bbox 2017 566 2171 647; x_wconf 78' lang='lat' dir='ltr'>Clemens</span> 
     </span>
     <span class='ocr_line' id='line_1_4' title="bbox 143 656 2170 773; baseline 0.01 -46"><span class='ocrx_word' id='word_1_34' title='bbox 143 690 236 759; x_wconf 54' lang='lat' dir='ltr'><strong>m„</strong></span> <span class='ocrx_word' id='word_1_35' title='bbox 254 678 421 773; x_wconf 46' lang='lat' dir='ltr'><strong>“nquius</strong></span> <span class='ocrx_word' id='word_1_36' title='bbox 443 670 578 763; x_wconf 74' lang='lat' dir='ltr'><strong>gentis,</strong></span> <span class='ocrx_word' id='word_1_37' title='bbox 603 680 683 736; x_wconf 84' lang='lat' dir='ltr'><strong>cum</strong></span> <span class='ocrx_word' id='word_1_38' title='bbox 700 665 762 733; x_wconf 92' lang='lat' dir='ltr'><strong>alii</strong></span> <span class='ocrx_word' id='word_1_39' title='bbox 778 676 881 733; x_wconf 89' lang='lat' dir='ltr'><strong>antea</strong></span> <span class='ocrx_word' id='word_1_40' title='bbox 896 661 1052 752; x_wconf 79' lang='lat' dir='ltr'><strong>depulsis</strong></span> <span class='ocrx_word' id='word_1_41' title='bbox 1066 656 1135 733; x_wconf 92' lang='lat' dir='ltr'><strong>bo-</strong></span> <span class='ocrx_word' id='word_1_42' title='bbox 1184 660 1234 729; x_wconf 90' lang='lat' dir='ltr'><strong>ait</strong></span> <span class='ocrx_word' id='word_1_43' title='bbox 1248 684 1286 729; x_wconf 90' lang='lat' dir='ltr'><strong>se</strong></span> <span class='ocrx_word' id='word_1_44' title='bbox 1300 672 1530 752; x_wconf 83' lang='lat' dir='ltr'><strong>pervagatum</strong></span> <span class='ocrx_word' id='word_1_45' title='bbox 1549 686 1624 735; x_wconf 88' lang='lat' dir='ltr'><strong>esse</strong></span> <span class='ocrx_word' id='word_1_46' title='bbox 1638 678 1748 735; x_wconf 88' lang='lat' dir='ltr'><strong>totam</strong></span> <span class='ocrx_word' id='word_1_47' title='bbox 1765 663 1899 756; x_wconf 82' lang='lat' dir='ltr'><strong>Asiam,</strong></span> <span class='ocrx_word' id='word_1_48' title='bbox 1924 685 1961 740; x_wconf 90' lang='lat' dir='ltr'><strong>et</strong></span> <span class='ocrx_word' id='word_1_49' title='bbox 1977 673 2023 742; x_wconf 91' lang='lat' dir='ltr'><strong>de</strong></span> <span class='ocrx_word' id='word_1_50' title='bbox 2039 675 2170 767; x_wconf 84' lang='lat' dir='ltr'><strong>singuli.</strong></span> 
     </span>
     <span class='ocr_line' id='line_1_5' title="bbox 141 757 2171 875; baseline 0.003 -31"><span class='ocrx_word' id='word_1_51' title='bbox 141 790 254 863; x_wconf 61' lang='grc'><strong>,1111111</strong></span> <span class='ocrx_word' id='word_1_52' title='bbox 279 778 429 875; x_wconf 86' lang='lat' dir='ltr'><strong>patriam</strong></span> <span class='ocrx_word' id='word_1_53' title='bbox 465 778 670 842; x_wconf 87' lang='lat' dir='ltr'><strong>servassent.</strong></span> <span class='ocrx_word' id='word_1_54' title='bbox 733 763 818 835; x_wconf 89' lang='lat' dir='ltr'><strong>ldeo</strong></span> <span class='ocrx_word' id='word_1_55' title='bbox 845 787 927 834; x_wconf 89' lang='lat' dir='ltr'><strong>cum</strong></span> <span class='ocrx_word' id='word_1_56' title='bbox 954 757 1014 832; x_wconf 92' lang='lat' dir='ltr'><strong>hic</strong></span> <span class='ocrx_word' id='word_1_57' title='bbox 1039 786 1147 833; x_wconf 82' lang='lat' dir='ltr'><strong>novo·</strong></span> <span class='ocrx_word' id='word_1_58' title='bbox 1185 762 1369 831; x_wconf 89' lang='lat' dir='ltr'><strong>doctrinae</strong></span> <span class='ocrx_word' id='word_1_59' title='bbox 1412 763 1572 834; x_wconf 79' lang='lat' dir='ltr'><strong>articulis</strong></span> <span class='ocrx_word' id='word_1_60' title='bbox 1604 769 1826 839; x_wconf 88' lang='lat' dir='ltr'><strong>consuluisse</strong></span> <span class='ocrx_word' id='word_1_61' title='bbox 1857 774 2018 845; x_wconf 85' lang='lat' dir='ltr'><strong>eruditos</strong></span> <span class='ocrx_word' id='word_1_62' title='bbox 2050 778 2171 874; x_wconf 84' lang='lat' dir='ltr'><strong>ubique</strong></span> 
     </span>
     <span class='ocr_line' id='line_1_6' title="bbox 143 862 2169 979; baseline 0.002 -31"><span class='ocrx_word' id='word_1_63' title='bbox 143 884 302 979; x_wconf 46' lang='lat' dir='ltr'><strong>mancipio</strong></span> <span class='ocrx_word' id='word_1_64' title='bbox 319 877 539 952; x_wconf 87' lang='lat' dir='ltr'><strong>deditionem</strong></span> <span class='ocrx_word' id='word_1_65' title='bbox 551 869 723 945; x_wconf 89' lang='lat' dir='ltr'><strong>suaderet,</strong></span> <span class='ocrx_word' id='word_1_66' title='bbox 748 889 838 959; x_wconf 90' lang='lat' dir='ltr'><strong>quae</strong></span> <span class='ocrx_word' id='word_1_67' title='bbox 855 866 1044 934; x_wconf 85' lang='lat' dir='ltr'><strong>ridebatur</strong></span> <span class='ocrx_word' id='word_1_68' title='bbox 1057 877 1135 935; x_wconf 90' lang='lat' dir='ltr'><strong>tur·</strong></span> <span class='ocrx_word' id='word_1_69' title='bbox 1186 862 1257 934; x_wconf 85' lang='lat' dir='ltr'><strong>Sed</strong></span> <span class='ocrx_word' id='word_1_70' title='bbox 1280 877 1470 956; x_wconf 88' lang='lat' dir='ltr'><strong>postquam</strong></span> <span class='ocrx_word' id='word_1_71' title='bbox 1496 868 1593 937; x_wconf 92' lang='lat' dir='ltr'><strong>venit</strong></span> <span class='ocrx_word' id='word_1_72' title='bbox 1608 865 1882 956; x_wconf 79' lang='lat' dir='ltr'><strong>Alexandriam,</strong></span> <span class='ocrx_word' id='word_1_73' title='bbox 1908 876 2018 946; x_wconf 80' lang='lat' dir='ltr'><strong>fnisse</strong></span> <span class='ocrx_word' id='word_1_74' title='bbox 2040 900 2079 947; x_wconf 85' lang='lat' dir='ltr'><strong>se</strong></span> <span class='ocrx_word' id='word_1_75' title='bbox 2095 904 2169 952; x_wconf 90' lang='lat' dir='ltr'><strong>con·</strong></span> 
     </span>
     <span class='ocr_line' id='line_1_7' title="bbox 142 964 2206 1091; baseline 0.016 -67"><span class='ocrx_word' id='word_1_76' title='bbox 142 992 198 1091; x_wconf 56' lang='lat' dir='ltr'><strong>Pp,</strong></span> <span class='ocrx_word' id='word_1_77' title='bbox 222 1000 255 1059; x_wconf 52' lang='lat' dir='ltr'><strong>,q</strong></span> <span class='ocrx_word' id='word_1_78' title='bbox 279 982 445 1060; x_wconf 51' lang='lat' dir='ltr'><strong>apion,</strong></span> <span class='ocrx_word' id='word_1_79' title='bbox 467 972 571 1043; x_wconf 66' lang='lat' dir='ltr'><strong>valde</strong></span> <span class='ocrx_word' id='word_1_80' title='bbox 597 979 821 1058; x_wconf 85' lang='lat' dir='ltr'><strong>contemptus</strong></span> <span class='ocrx_word' id='word_1_81' title='bbox 843 981 896 1038; x_wconf 88' lang='lat' dir='ltr'><strong>est</strong></span> <span class='ocrx_word' id='word_1_82' title='bbox 915 991 934 1036; x_wconf 85' lang='lat' dir='ltr'><strong>a</strong></span> <span class='ocrx_word' id='word_1_83' title='bbox 950 964 1135 1037; x_wconf 85' lang='lat' dir='ltr'><strong>Pontifici·</strong></span> <span class='ocrx_word' id='word_1_84' title='bbox 1186 977 1325 1034; x_wconf 89' lang='lat' dir='ltr'><strong>tentum</strong></span> <span class='ocrx_word' id='word_1_85' title='bbox 1349 966 1481 1035; x_wconf 94' lang='lat' dir='ltr'><strong>iudicio</strong></span> <span class='ocrx_word' id='word_1_86' title='bbox 1506 964 1697 1052; x_wconf 86' lang='lat' dir='ltr'><strong>Pantaeni,</strong></span> <span class='ocrx_word' id='word_1_87' title='bbox 1730 997 1836 1065; x_wconf 92' lang='lat' dir='ltr'><strong>quem</strong></span> <span class='ocrx_word' id='word_1_88' title='bbox 1857 976 1907 1046; x_wconf 90' lang='lat' dir='ltr'><strong>ait</strong></span> <span class='ocrx_word' id='word_1_89' title='bbox 1923 980 2123 1052; x_wconf 81' lang='lat' dir='ltr'><strong>eruditione</strong></span> <span class='ocrx_word' id='word_1_90' title='bbox 2140 996 2168 1055; x_wconf 87' lang='lat' dir='ltr'><strong>et</strong></span> <span class='ocrx_word' id='word_1_91' title='bbox 2204 1052 2206 1063; x_wconf 90' lang='grc'>,</span> 
     </span>
     <span class='ocr_line' id='line_1_8' title="bbox 144 1066 2206 1169; baseline 0.013 -39"><span class='ocrx_word' id='word_1_92' title='bbox 144 1100 223 1167; x_wconf 59' lang='lat' dir='ltr'><strong>qm</strong></span> <span class='ocrx_word' id='word_1_93' title='bbox 276 1084 345 1159; x_wconf 73' lang='lat' dir='ltr'><strong>g,d</strong></span> <span class='ocrx_word' id='word_1_94' title='bbox 370 1078 466 1153; x_wconf 63' lang='lat' dir='ltr'><strong>Deus</strong></span> <span class='ocrx_word' id='word_1_95' title='bbox 490 1095 564 1143; x_wconf 82' lang='lat' dir='ltr'><strong>nou</strong></span> <span class='ocrx_word' id='word_1_96' title='bbox 583 1066 753 1169; x_wconf 87' lang='lat' dir='ltr'><strong>humanis</strong></span> <span class='ocrx_word' id='word_1_97' title='bbox 775 1068 951 1153; x_wconf 89' lang='lat' dir='ltr'><strong>consiliis,</strong></span> <span class='ocrx_word' id='word_1_98' title='bbox 983 1070 1042 1138; x_wconf 89' lang='lat' dir='ltr'><strong>sed</strong></span> <span class='ocrx_word' id='word_1_99' title='bbox 1071 1091 1134 1139; x_wconf 90' lang='lat' dir='ltr'><strong>suo</strong></span> <span class='ocrx_word' id='word_1_100' title='bbox 1187 1067 1314 1159; x_wconf 90' lang='lat' dir='ltr'><strong>pietate</strong></span> <span class='ocrx_word' id='word_1_101' title='bbox 1332 1067 1460 1137; x_wconf 78' lang='lat' dir='ltr'><strong>eximia</strong></span> <span class='ocrx_word' id='word_1_102' title='bbox 1476 1071 1675 1159; x_wconf 90' lang='lat' dir='ltr'><strong>praeditum</strong></span> <span class='ocrx_word' id='word_1_103' title='bbox 1697 1073 1821 1155; x_wconf 85' lang='lat' dir='ltr'><strong>fuisse,</strong></span> <span class='ocrx_word' id='word_1_104' title='bbox 1847 1099 1887 1146; x_wconf 92' lang='lat' dir='ltr'><strong>ac</strong></span> <span class='ocrx_word' id='word_1_105' title='bbox 1901 1094 2070 1150; x_wconf 91' lang='lat' dir='ltr'><strong>ornatum</strong></span> <span class='ocrx_word' id='word_1_106' title='bbox 2085 1084 2167 1154; x_wconf 81' lang='lat' dir='ltr'><strong>terti·</strong></span> <span class='ocrx_word' id='word_1_107' title='bbox 2204 1074 2206 1115; x_wconf 74' lang='lat'>³</span> 
     </span>
     <span class='ocr_line' id='line_1_9' title="bbox 141 1167 2167 1289; baseline 0.014 -61"><span class='ocrx_word' id='word_1_108' title='bbox 141 1196 316 1289; x_wconf 51' lang='lat' dir='ltr'><strong>mum„</strong></span> <span class='ocrx_word' id='word_1_109' title='bbox 328 1177 533 1260; x_wconf 65' lang='lat' dir='ltr'><strong>Ecclesiam,</strong></span> <span class='ocrx_word' id='word_1_110' title='bbox 557 1171 711 1260; x_wconf 85' lang='lat' dir='ltr'><strong>castigat,</strong></span> <span class='ocrx_word' id='word_1_111' title='bbox 735 1184 770 1240; x_wconf 92' lang='lat' dir='ltr'><strong>et</strong></span> <span class='ocrx_word' id='word_1_112' title='bbox 784 1170 985 1261; x_wconf 89' lang='lat' dir='ltr'><strong>castigatam</strong></span> <span class='ocrx_word' id='word_1_113' title='bbox 1002 1170 1137 1240; x_wconf 90' lang='lat' dir='ltr'><strong>miran-</strong></span> <span class='ocrx_word' id='word_1_114' title='bbox 1187 1170 1318 1236; x_wconf 91' lang='lat' dir='ltr'><strong>moniis</strong></span> <span class='ocrx_word' id='word_1_115' title='bbox 1337 1167 1493 1258; x_wconf 83' lang='lat' dir='ltr'><strong>Spiritus</strong></span> <span class='ocrx_word' id='word_1_116' title='bbox 1512 1174 1642 1258; x_wconf 88' lang='lat' dir='ltr'><strong>sancti,</strong></span> <span class='ocrx_word' id='word_1_117' title='bbox 1667 1197 1731 1245; x_wconf 91' lang='lat' dir='ltr'><strong>seu</strong></span> <span class='ocrx_word' id='word_1_118' title='bbox 1756 1178 1946 1252; x_wconf 81' lang='lat' dir='ltr'><strong>miraculis.</strong></span> <span class='ocrx_word' id='word_1_119' title='bbox 2001 1180 2052 1254; x_wconf 94' lang='lat' dir='ltr'><strong>Ut</strong></span> <span class='ocrx_word' id='word_1_120' title='bbox 2075 1184 2167 1274; x_wconf 86' lang='lat' dir='ltr'><strong>igitur</strong></span> 
     </span>
     <span class='ocr_line' id='line_1_10' title="bbox 143 1264 2166 1371; baseline -0.002 -9"><span class='ocrx_word' id='word_1_121' title='bbox 143 1298 201 1371; x_wconf 65' lang='grc' dir='ltr'><strong>.Ιί1</strong></span> <span class='ocrx_word' id='word_1_122' title='bbox 224 1290 340 1363; x_wconf 85' lang='lat' dir='ltr'><strong>rnodis</strong></span> <span class='ocrx_word' id='word_1_123' title='bbox 361 1277 529 1354; x_wconf 91' lang='lat' dir='ltr'><strong>restitnit.</strong></span> <span class='ocrx_word' id='word_1_124' title='bbox 582 1271 681 1361; x_wconf 89' lang='lat' dir='ltr'><strong>Quid</strong></span> <span class='ocrx_word' id='word_1_125' title='bbox 704 1272 743 1340; x_wconf 91' lang='lat' dir='ltr'><strong>in</strong></span> <span class='ocrx_word' id='word_1_126' title='bbox 766 1272 871 1342; x_wconf 84' lang='lat' dir='ltr'><strong>exilio</strong></span> <span class='ocrx_word' id='word_1_127' title='bbox 891 1272 1137 1365; x_wconf 85' lang='lat' dir='ltr'><strong>Babylonico?</strong></span> <span class='ocrx_word' id='word_1_128' title='bbox 1187 1265 1262 1353; x_wconf 40' lang='lat' dir='ltr'><strong>hae,</strong></span> <span class='ocrx_word' id='word_1_129' title='bbox 1279 1264 1420 1339; x_wconf 87' lang='lat' dir='ltr'><strong>scholae</strong></span> <span class='ocrx_word' id='word_1_130' title='bbox 1443 1273 1488 1342; x_wconf 91' lang='lat' dir='ltr'><strong>ab</strong></span> <span class='ocrx_word' id='word_1_131' title='bbox 1512 1269 1695 1362; x_wconf 89' lang='lat' dir='ltr'><strong>Apostolis</strong></span> <span class='ocrx_word' id='word_1_132' title='bbox 1717 1273 1903 1350; x_wconf 81' lang='lat' dir='ltr'><strong>inchoatae</strong></span> <span class='ocrx_word' id='word_1_133' title='bbox 1926 1306 2166 1356; x_wconf 85' lang='lat' dir='ltr'><strong>conservaren-</strong></span> 
     </span>
     <span class='ocr_line' id='line_1_11' title="bbox 143 1370 2167 1475; baseline 0.008 -33"><span class='ocrx_word' id='word_1_134' title='bbox 143 1426 190 1475; x_wconf 60' lang='grc' dir='ltr'><strong>Μ,</strong></span> <span class='ocrx_word' id='word_1_135' title='bbox 204 1412 290 1471; x_wconf 63' lang='lat' dir='ltr'><strong>mue</strong></span> <span class='ocrx_word' id='word_1_136' title='bbox 305 1388 494 1460; x_wconf 68' lang='lat' dir='ltr'><strong>defuerunt</strong></span> <span class='ocrx_word' id='word_1_137' title='bbox 507 1370 673 1445; x_wconf 81' lang='lat' dir='ltr'><strong>scholae?</strong></span> <span class='ocrx_word' id='word_1_138' title='bbox 724 1371 800 1443; x_wconf 92' lang='lat' dir='ltr'><strong>lmo</strong></span> <span class='ocrx_word' id='word_1_139' title='bbox 815 1398 896 1444; x_wconf 90' lang='lat' dir='ltr'><strong>cum</strong></span> <span class='ocrx_word' id='word_1_140' title='bbox 912 1374 1049 1443; x_wconf 90' lang='lat' dir='ltr'><strong>Iudaici</strong></span> <span class='ocrx_word' id='word_1_141' title='bbox 1063 1371 1138 1445; x_wconf 90' lang='lat' dir='ltr'><strong>Re-</strong></span> <span class='ocrx_word' id='word_1_142' title='bbox 1187 1386 1266 1455; x_wconf 91' lang='lat' dir='ltr'><strong>tur,</strong></span> <span class='ocrx_word' id='word_1_143' title='bbox 1298 1371 1459 1461; x_wconf 90' lang='lat' dir='ltr'><strong>Collegia</strong></span> <span class='ocrx_word' id='word_1_144' title='bbox 1485 1373 1524 1441; x_wconf 92' lang='lat' dir='ltr'><strong>in</strong></span> <span class='ocrx_word' id='word_1_145' title='bbox 1545 1370 1713 1446; x_wconf 85' lang='lat' dir='ltr'><strong>Ecclesiis</strong></span> <span class='ocrx_word' id='word_1_146' title='bbox 1732 1377 1992 1472; x_wconf 79' lang='lat' dir='ltr'><strong>Episcopomm</strong></span> <span class='ocrx_word' id='word_1_147' title='bbox 2020 1385 2167 1461; x_wconf 88' lang='lat' dir='ltr'><strong>instituta</strong></span> 
     </span>
     <span class='ocr_line' id='line_1_12' title="bbox 144 1472 2166 1595; baseline -0.004 -26"><span class='ocrx_word' id='word_1_148' title='bbox 144 1524 204 1595; x_wconf 75' lang='lat' dir='ltr'><strong>gea</strong></span> <span class='ocrx_word' id='word_1_149' title='bbox 222 1518 295 1567; x_wconf 80' lang='lat' dir='ltr'><strong>raon</strong></span> <span class='ocrx_word' id='word_1_150' title='bbox 316 1486 484 1559; x_wconf 89' lang='lat' dir='ltr'><strong>aluissent</strong></span> <span class='ocrx_word' id='word_1_151' title='bbox 496 1476 686 1555; x_wconf 87' lang='lat' dir='ltr'><strong>Doctores,</strong></span> <span class='ocrx_word' id='word_1_152' title='bbox 712 1472 782 1563; x_wconf 82' lang='lat' dir='ltr'><strong>iam</strong></span> <span class='ocrx_word' id='word_1_153' title='bbox 799 1476 900 1546; x_wconf 91' lang='lat' dir='ltr'><strong>alunt</strong></span> <span class='ocrx_word' id='word_1_154' title='bbox 913 1474 1137 1570; x_wconf 90' lang='lat' dir='ltr'><strong>Babylonici.</strong></span> <span class='ocrx_word' id='word_1_155' title='bbox 1188 1486 1288 1556; x_wconf 89' lang='lat' dir='ltr'><strong>sunt,</strong></span> <span class='ocrx_word' id='word_1_156' title='bbox 1313 1487 1348 1544; x_wconf 93' lang='lat' dir='ltr'><strong>et</strong></span> <span class='ocrx_word' id='word_1_157' title='bbox 1367 1473 1497 1544; x_wconf 89' lang='lat' dir='ltr'><strong>donata</strong></span> <span class='ocrx_word' id='word_1_158' title='bbox 1516 1475 1622 1550; x_wconf 89' lang='lat' dir='ltr'><strong>victu.</strong></span> <span class='ocrx_word' id='word_1_159' title='bbox 1674 1478 1745 1551; x_wconf 86' lang='lat' dir='ltr'><strong>Sed</strong></span> <span class='ocrx_word' id='word_1_160' title='bbox 1761 1496 1947 1575; x_wconf 90' lang='lat' dir='ltr'><strong>postquam</strong></span> <span class='ocrx_word' id='word_1_161' title='bbox 1962 1509 2050 1578; x_wconf 87' lang='lat' dir='ltr'><strong>opes</strong></span> <span class='ocrx_word' id='word_1_162' title='bbox 2063 1513 2166 1560; x_wconf 83' lang='lat' dir='ltr'><strong>erere·</strong></span> 
     </span>
     <span class='ocr_line' id='line_1_13' title="bbox 142 1573 2166 1680; baseline 0.012 -41"><span class='ocrx_word' id='word_1_163' title='bbox 142 1596 273 1677; x_wconf 57' lang='lat' dir='ltr'><strong>murel</strong></span> <span class='ocrx_word' id='word_1_164' title='bbox 288 1613 368 1661; x_wconf 69' lang='lat' dir='ltr'><strong>cum</strong></span> <span class='ocrx_word' id='word_1_165' title='bbox 383 1581 527 1670; x_wconf 75' lang='lat' dir='ltr'><strong>collegis</strong></span> <span class='ocrx_word' id='word_1_166' title='bbox 548 1576 748 1647; x_wconf 88' lang='lat' dir='ltr'><strong>instituitur</strong></span> <span class='ocrx_word' id='word_1_167' title='bbox 760 1577 923 1648; x_wconf 88' lang='lat' dir='ltr'><strong>doctrina</strong></span> <span class='ocrx_word' id='word_1_168' title='bbox 937 1573 1138 1647; x_wconf 86' lang='lat' dir='ltr'><strong>Chaldaeo·</strong></span> <span class='ocrx_word' id='word_1_169' title='bbox 1188 1587 1293 1658; x_wconf 91' lang='lat' dir='ltr'><strong>runt,</strong></span> <span class='ocrx_word' id='word_1_170' title='bbox 1332 1574 1371 1642; x_wconf 93' lang='lat' dir='ltr'><strong>in</strong></span> <span class='ocrx_word' id='word_1_171' title='bbox 1400 1573 1567 1665; x_wconf 86' lang='lat' dir='ltr'><strong>Collegiis</strong></span> <span class='ocrx_word' id='word_1_172' title='bbox 1596 1580 1757 1651; x_wconf 88' lang='lat' dir='ltr'><strong>doctrina</strong></span> <span class='ocrx_word' id='word_1_173' title='bbox 1782 1585 1934 1656; x_wconf 85' lang='lat' dir='ltr'><strong>extincta</strong></span> <span class='ocrx_word' id='word_1_174' title='bbox 1960 1602 2024 1659; x_wconf 83' lang='lat' dir='ltr'><strong>est.</strong></span> <span class='ocrx_word' id='word_1_175' title='bbox 2084 1589 2166 1680; x_wconf 82' lang='lat' dir='ltr'><strong>Quid</strong></span> 
     </span>
     <span class='ocr_line' id='line_1_14' title="bbox 144 1673 2167 1787; baseline -0.006 -11"><span class='ocrx_word' id='word_1_176' title='bbox 144 1726 243 1787; x_wconf 87' lang='lat' dir='ltr'><strong>rnm,</strong></span> <span class='ocrx_word' id='word_1_177' title='bbox 279 1693 339 1763; x_wconf 89' lang='lat' dir='ltr'><strong>sed</strong></span> <span class='ocrx_word' id='word_1_178' title='bbox 365 1683 538 1760; x_wconf 86' lang='lat' dir='ltr'><strong>vicissim,</strong></span> <span class='ocrx_word' id='word_1_179' title='bbox 574 1673 670 1747; x_wconf 90' lang='lat' dir='ltr'><strong>huuc</strong></span> <span class='ocrx_word' id='word_1_180' title='bbox 696 1692 816 1768; x_wconf 86' lang='lat' dir='ltr'><strong>postea</strong></span> <span class='ocrx_word' id='word_1_181' title='bbox 835 1677 951 1769; x_wconf 84' lang='lat' dir='ltr'><strong>Reges</strong></span> <span class='ocrx_word' id='word_1_182' title='bbox 975 1679 1137 1749; x_wconf 91' lang='lat' dir='ltr'><strong>omnium</strong></span> <span class='ocrx_word' id='word_1_183' title='bbox 1188 1676 1285 1745; x_wconf 93' lang='lat' dir='ltr'><strong>enim</strong></span> <span class='ocrx_word' id='word_1_184' title='bbox 1300 1700 1396 1746; x_wconf 93' lang='lat' dir='ltr'><strong>nunc</strong></span> <span class='ocrx_word' id='word_1_185' title='bbox 1411 1692 1494 1746; x_wconf 91' lang='lat' dir='ltr'><strong>sunt</strong></span> <span class='ocrx_word' id='word_1_186' title='bbox 1508 1679 1569 1748; x_wconf 94' lang='lat' dir='ltr'><strong>illa</strong></span> <span class='ocrx_word' id='word_1_187' title='bbox 1583 1680 2010 1775; x_wconf 88' lang='lat' dir='ltr'><strong>agminaCanonicorum,</strong></span> <span class='ocrx_word' id='word_1_188' title='bbox 2038 1691 2167 1763; x_wconf 88' lang='lat' dir='ltr'><strong>niaiso·</strong></span> 
     </span>
     <span class='ocr_line' id='line_1_15' title="bbox 145 1777 2168 1879; baseline -0.006 -1"><span class='ocrx_word' id='word_1_189' title='bbox 145 1796 311 1879; x_wconf 82' lang='lat' dir='ltr'><strong>maximi,</strong></span> <span class='ocrx_word' id='word_1_190' title='bbox 342 1805 509 1878; x_wconf 83' lang='lat' dir='ltr'><strong>tanquam</strong></span> <span class='ocrx_word' id='word_1_191' title='bbox 535 1779 720 1870; x_wconf 89' lang='lat' dir='ltr'><strong>discipuli,</strong></span> <span class='ocrx_word' id='word_1_192' title='bbox 750 1781 919 1865; x_wconf 91' lang='lat' dir='ltr'><strong>audiunt,</strong></span> <span class='ocrx_word' id='word_1_193' title='bbox 945 1778 1139 1868; x_wconf 89' lang='lat' dir='ltr'><strong>Nabugdo-</strong></span> <span class='ocrx_word' id='word_1_194' title='bbox 1188 1779 1284 1847; x_wconf 90' lang='lat' dir='ltr'><strong>dales</strong></span> <span class='ocrx_word' id='word_1_195' title='bbox 1304 1777 1447 1868; x_wconf 84' lang='lat' dir='ltr'><strong>Apicii?</strong></span> <span class='ocrx_word' id='word_1_196' title='bbox 1472 1778 1636 1868; x_wconf 89' lang='lat' dir='ltr'><strong>Quarum</strong></span> <span class='ocrx_word' id='word_1_197' title='bbox 1658 1807 1776 1854; x_wconf 89' lang='lat' dir='ltr'><strong>rerum</strong></span> <span class='ocrx_word' id='word_1_198' title='bbox 1798 1790 1915 1858; x_wconf 88' lang='lat' dir='ltr'><strong>studia</strong></span> <span class='ocrx_word' id='word_1_199' title='bbox 1938 1790 1978 1860; x_wconf 86' lang='lat' dir='ltr'><strong>in</strong></span> <span class='ocrx_word' id='word_1_200' title='bbox 2005 1792 2079 1863; x_wconf 87' lang='lat' dir='ltr'><strong>illis</strong></span> <span class='ocrx_word' id='word_1_201' title='bbox 2097 1795 2168 1865; x_wconf 85' lang='lat' dir='ltr'><strong>locis</strong></span> 
     </span>
     <span class='ocr_line' id='line_1_16' title="bbox 145 1877 2166 1982; baseline 0.013 -41"><span class='ocrx_word' id='word_1_202' title='bbox 145 1925 270 1982; x_wconf 58' lang='lat' dir='ltr'>noso„</span> <span class='ocrx_word' id='word_1_203' title='bbox 294 1877 589 1965; x_wconf 70' lang='lat' dir='ltr'><strong>Evilmerodich‚</strong></span> <span class='ocrx_word' id='word_1_204' title='bbox 623 1879 771 1962; x_wconf 88' lang='lat' dir='ltr'><strong>Darius,</strong></span> <span class='ocrx_word' id='word_1_205' title='bbox 804 1880 933 1952; x_wconf 91' lang='lat' dir='ltr'><strong>Medus</strong></span> <span class='ocrx_word' id='word_1_206' title='bbox 956 1896 989 1952; x_wconf 91' lang='lat' dir='ltr'><strong>et</strong></span> <span class='ocrx_word' id='word_1_207' title='bbox 1011 1879 1138 1976; x_wconf 87' lang='lat' dir='ltr'><strong>Cyrus.</strong></span> <span class='ocrx_word' id='word_1_208' title='bbox 1188 1880 1347 1969; x_wconf 86' lang='lat' dir='ltr'><strong>vigeant,</strong></span> <span class='ocrx_word' id='word_1_209' title='bbox 1373 1904 1447 1950; x_wconf 91' lang='lat' dir='ltr'><strong>non</strong></span> <span class='ocrx_word' id='word_1_210' title='bbox 1465 1881 1654 1971; x_wconf 87' lang='lat' dir='ltr'><strong>ignoratis,</strong></span> <span class='ocrx_word' id='word_1_211' title='bbox 1678 1888 1740 1955; x_wconf 92' lang='lat' dir='ltr'><strong>sed</strong></span> <span class='ocrx_word' id='word_1_212' title='bbox 1756 1890 1801 1957; x_wconf 91' lang='lat' dir='ltr'><strong>de</strong></span> <span class='ocrx_word' id='word_1_213' title='bbox 1814 1883 1870 1960; x_wconf 92' lang='lat' dir='ltr'><strong>bis</strong></span> <span class='ocrx_word' id='word_1_214' title='bbox 1885 1914 1959 1960; x_wconf 94' lang='lat' dir='ltr'><strong>non</strong></span> <span class='ocrx_word' id='word_1_215' title='bbox 1975 1894 2096 1963; x_wconf 87' lang='lat' dir='ltr'><strong>dicam</strong></span> <span class='ocrx_word' id='word_1_216' title='bbox 2113 1892 2166 1967; x_wconf 87' lang='lat' dir='ltr'><strong>hoc</strong></span> 
     </span>
     <span class='ocr_line' id='line_1_17' title="bbox 145 1979 2166 2095; baseline 0.004 -34"><span class='ocrx_word' id='word_1_217' title='bbox 145 2003 261 2095; x_wconf 74' lang='lat' dir='ltr'><strong>Quem</strong></span> <span class='ocrx_word' id='word_1_218' title='bbox 278 1994 396 2064; x_wconf 85' lang='lat' dir='ltr'><strong>virum</strong></span> <span class='ocrx_word' id='word_1_219' title='bbox 411 2011 452 2056; x_wconf 85' lang='lat' dir='ltr'><strong>ex</strong></span> <span class='ocrx_word' id='word_1_220' title='bbox 469 1983 635 2054; x_wconf 90' lang='lat' dir='ltr'><strong>omnibus</strong></span> <span class='ocrx_word' id='word_1_221' title='bbox 650 1983 822 2053; x_wconf 90' lang='lat' dir='ltr'><strong>aetatibus</strong></span> <span class='ocrx_word' id='word_1_222' title='bbox 836 1984 1022 2053; x_wconf 91' lang='lat' dir='ltr'><strong>nominare</strong></span> <span class='ocrx_word' id='word_1_223' title='bbox 1041 1984 1139 2076; x_wconf 86' lang='lat' dir='ltr'><strong>quis-</strong></span> <span class='ocrx_word' id='word_1_224' title='bbox 1188 1997 1358 2071; x_wconf 90' lang='lat' dir='ltr'><strong>tempore.</strong></span> <span class='ocrx_word' id='word_1_225' title='bbox 1409 1979 1597 2053; x_wconf 88' lang='lat' dir='ltr'><strong>Caeterum</strong></span> <span class='ocrx_word' id='word_1_226' title='bbox 1613 1981 1699 2056; x_wconf 89' lang='lat' dir='ltr'><strong>haec</strong></span> <span class='ocrx_word' id='word_1_227' title='bbox 1714 2000 1784 2057; x_wconf 89' lang='lat' dir='ltr'><strong>tam</strong></span> <span class='ocrx_word' id='word_1_228' title='bbox 1799 1990 1905 2081; x_wconf 90' lang='lat' dir='ltr'><strong>longa</strong></span> <span class='ocrx_word' id='word_1_229' title='bbox 1923 2017 2166 2069; x_wconf 76' lang='lat' dir='ltr'><strong>commemora</strong></span> 
     </span>
     <span class='ocr_line' id='line_1_18' title="bbox 145 2079 2165 2201; baseline 0.011 -55"><span class='ocrx_word' id='word_1_230' title='bbox 145 2125 250 2201; x_wconf 63' lang='lat' dir='ltr'><strong>quam</strong></span> <span class='ocrx_word' id='word_1_231' title='bbox 278 2104 412 2187; x_wconf 69' lang='lat' dir='ltr'><strong>potest,</strong></span> <span class='ocrx_word' id='word_1_232' title='bbox 438 2087 499 2180; x_wconf 86' lang='lat' dir='ltr'><strong>qui</strong></span> <span class='ocrx_word' id='word_1_233' title='bbox 520 2098 637 2156; x_wconf 86' lang='lat' dir='ltr'><strong>tantos</strong></span> <span class='ocrx_word' id='word_1_234' title='bbox 651 2079 778 2153; x_wconf 91' lang='lat' dir='ltr'><strong>heroas</strong></span> <span class='ocrx_word' id='word_1_235' title='bbox 795 2086 988 2177; x_wconf 89' lang='lat' dir='ltr'><strong>discipulos</strong></span> <span class='ocrx_word' id='word_1_236' title='bbox 1003 2079 1139 2153; x_wconf 90' lang='lat' dir='ltr'><strong>habue-</strong></span> <span class='ocrx_word' id='word_1_237' title='bbox 1188 2084 1238 2155; x_wconf 88' lang='lat' dir='ltr'><strong>tio</strong></span> <span class='ocrx_word' id='word_1_238' title='bbox 1269 2084 1312 2150; x_wconf 90' lang='lat' dir='ltr'><strong>de</strong></span> <span class='ocrx_word' id='word_1_239' title='bbox 1341 2079 1557 2175; x_wconf 85' lang='lat' dir='ltr'><strong>propheticis</strong></span> <span class='ocrx_word' id='word_1_240' title='bbox 1586 2099 1621 2156; x_wconf 91' lang='lat' dir='ltr'><strong>et</strong></span> <span class='ocrx_word' id='word_1_241' title='bbox 1654 2092 1857 2176; x_wconf 90' lang='lat' dir='ltr'><strong>apostolicis</strong></span> <span class='ocrx_word' id='word_1_242' title='bbox 1882 2091 2091 2168; x_wconf 87' lang='lat' dir='ltr'><strong>Acaderniis</strong></span> <span class='ocrx_word' id='word_1_243' title='bbox 2111 2124 2165 2194; x_wconf 89' lang='lat' dir='ltr'><strong>quo</strong></span> 
     </span>
     <span class='ocr_line' id='line_1_19' title="bbox 144 2181 2165 2291; baseline -0.002 -14"><span class='ocrx_word' id='word_1_244' title='bbox 144 2204 216 2278; x_wconf 86' lang='lat' dir='ltr'><strong>rit?</strong></span> <span class='ocrx_word' id='word_1_245' title='bbox 241 2198 327 2268; x_wconf 93' lang='lat' dir='ltr'><strong>Post</strong></span> <span class='ocrx_word' id='word_1_246' title='bbox 338 2190 524 2261; x_wconf 89' lang='lat' dir='ltr'><strong>Danielem</strong></span> <span class='ocrx_word' id='word_1_247' title='bbox 541 2186 733 2256; x_wconf 87' lang='lat' dir='ltr'><strong>extiterunt</strong></span> <span class='ocrx_word' id='word_1_248' title='bbox 747 2181 878 2255; x_wconf 78' lang='lat' dir='ltr'><strong>Esdras</strong></span> <span class='ocrx_word' id='word_1_249' title='bbox 892 2201 928 2256; x_wconf 91' lang='lat' dir='ltr'><strong>et</strong></span> <span class='ocrx_word' id='word_1_250' title='bbox 937 2181 1139 2269; x_wconf 88' lang='lat' dir='ltr'><strong>Nehemias,</strong></span> <span class='ocrx_word' id='word_1_251' title='bbox 1189 2184 1385 2275; x_wconf 86' lang='lat' dir='ltr'><strong>pertinuit?</strong></span> <span class='ocrx_word' id='word_1_252' title='bbox 1418 2182 1513 2256; x_wconf 90' lang='lat' dir='ltr'><strong>lllnd</strong></span> <span class='ocrx_word' id='word_1_253' title='bbox 1535 2191 1719 2259; x_wconf 87' lang='lat' dir='ltr'><strong>ostendere</strong></span> <span class='ocrx_word' id='word_1_254' title='bbox 1738 2194 1919 2280; x_wconf 89' lang='lat' dir='ltr'><strong>volebam,</strong></span> <span class='ocrx_word' id='word_1_255' title='bbox 1944 2193 2026 2268; x_wconf 90' lang='lat' dir='ltr'><strong>Deo</strong></span> <span class='ocrx_word' id='word_1_256' title='bbox 2049 2201 2165 2291; x_wconf 82' lang='lat' dir='ltr'><strong>plaeere</strong></span> 
     </span>
     <span class='ocr_line' id='line_1_20' title="bbox 146 2285 2165 2402; baseline 0.001 -31"><span class='ocrx_word' id='word_1_257' title='bbox 146 2306 208 2402; x_wconf 87' lang='lat' dir='ltr'><strong>qni</strong></span> <span class='ocrx_word' id='word_1_258' title='bbox 226 2299 419 2385; x_wconf 87' lang='lat' dir='ltr'><strong>attigerunt</strong></span> <span class='ocrx_word' id='word_1_259' title='bbox 428 2285 624 2360; x_wconf 88' lang='lat' dir='ltr'><strong>Alexandri</strong></span> <span class='ocrx_word' id='word_1_260' title='bbox 638 2286 846 2357; x_wconf 89' lang='lat' dir='ltr'><strong>Macedonis</strong></span> <span class='ocrx_word' id='word_1_261' title='bbox 860 2301 1019 2360; x_wconf 88' lang='lat' dir='ltr'><strong>aetatem.</strong></span> <span class='ocrx_word' id='word_1_262' title='bbox 1053 2286 1139 2356; x_wconf 85' lang='lat' dir='ltr'><strong>Post</strong></span> <span class='ocrx_word' id='word_1_263' title='bbox 1189 2285 1492 2355; x_wconf 87' lang='lat' dir='ltr'><strong>conservationem</strong></span> <span class='ocrx_word' id='word_1_264' title='bbox 1514 2286 1731 2376; x_wconf 87' lang='lat' dir='ltr'><strong>scholarum,</strong></span> <span class='ocrx_word' id='word_1_265' title='bbox 1757 2318 1823 2364; x_wconf 90' lang='lat' dir='ltr'><strong>nec</strong></span> <span class='ocrx_word' id='word_1_266' title='bbox 1844 2319 1948 2387; x_wconf 84' lang='lat' dir='ltr'><strong>posse</strong></span> <span class='ocrx_word' id='word_1_267' title='bbox 1968 2298 2165 2373; x_wconf 63' lang='grc'><strong>1101111181-</strong></span> 
     </span>
     <span class='ocr_line' id='line_1_21' title="bbox 146 2383 2164 2489; baseline 0.003 -22"><span class='ocrx_word' id='word_1_268' title='bbox 146 2399 389 2479; x_wconf 76' lang='lat' dir='ltr'><strong>Alexandrum</strong></span> <span class='ocrx_word' id='word_1_269' title='bbox 405 2392 558 2462; x_wconf 84' lang='lat' dir='ltr'><strong>celebrat</strong></span> <span class='ocrx_word' id='word_1_270' title='bbox 571 2390 664 2458; x_wconf 91' lang='lat' dir='ltr'><strong>liber</strong></span> <span class='ocrx_word' id='word_1_271' title='bbox 678 2384 804 2458; x_wconf 87' lang='lat' dir='ltr'><strong>Sirach</strong></span> <span class='ocrx_word' id='word_1_272' title='bbox 821 2388 1005 2460; x_wconf 88' lang='lat' dir='ltr'><strong>Simonem</strong></span> <span class='ocrx_word' id='word_1_273' title='bbox 1019 2385 1138 2459; x_wconf 86' lang='lat' dir='ltr'><strong>Ouiae</strong></span> <span class='ocrx_word' id='word_1_274' title='bbox 1189 2387 1311 2455; x_wconf 90' lang='lat' dir='ltr'><strong>clesias</strong></span> <span class='ocrx_word' id='word_1_275' title='bbox 1333 2385 1409 2455; x_wconf 91' lang='lat' dir='ltr'><strong>sine</strong></span> <span class='ocrx_word' id='word_1_276' title='bbox 1438 2383 1589 2473; x_wconf 89' lang='lat' dir='ltr'><strong>scholis,</strong></span> <span class='ocrx_word' id='word_1_277' title='bbox 1615 2405 1649 2462; x_wconf 96' lang='lat' dir='ltr'><strong>et</strong></span> <span class='ocrx_word' id='word_1_278' title='bbox 1674 2395 1818 2486; x_wconf 92' lang='lat' dir='ltr'><strong>quidem</strong></span> <span class='ocrx_word' id='word_1_279' title='bbox 1840 2422 1970 2489; x_wconf 88' lang='lat' dir='ltr'><strong>magna</strong></span> <span class='ocrx_word' id='word_1_280' title='bbox 1995 2406 2117 2473; x_wconf 88' lang='lat' dir='ltr'><strong>artium</strong></span> <span class='ocrx_word' id='word_1_281' title='bbox 2131 2428 2164 2473; x_wconf 87' lang='lat' dir='ltr'><strong>ac</strong></span> 
     </span>
     <span class='ocr_line' id='line_1_22' title="bbox 145 2489 2164 2588; baseline 0 -13"><span class='ocrx_word' id='word_1_282' title='bbox 145 2509 282 2584; x_wconf 80' lang='lat' dir='ltr'><strong>filium,</strong></span> <span class='ocrx_word' id='word_1_283' title='bbox 341 2495 404 2588; x_wconf 91' lang='lat' dir='ltr'><strong>qui</strong></span> <span class='ocrx_word' id='word_1_284' title='bbox 443 2493 625 2562; x_wconf 89' lang='lat' dir='ltr'><strong>doctrinae</strong></span> <span class='ocrx_word' id='word_1_285' title='bbox 674 2491 862 2579; x_wconf 88' lang='lat' dir='ltr'><strong>puritatem</strong></span> <span class='ocrx_word' id='word_1_286' title='bbox 907 2492 1139 2560; x_wconf 88' lang='lat' dir='ltr'><strong>conservavit.</strong></span> <span class='ocrx_word' id='word_1_287' title='bbox 1188 2489 1373 2557; x_wconf 86' lang='lat' dir='ltr'><strong>literarum</strong></span> <span class='ocrx_word' id='word_1_288' title='bbox 1390 2491 1558 2563; x_wconf 89' lang='lat' dir='ltr'><strong>varietate</strong></span> <span class='ocrx_word' id='word_1_289' title='bbox 1582 2516 1673 2582; x_wconf 90' lang='lat' dir='ltr'><strong>opus</strong></span> <span class='ocrx_word' id='word_1_290' title='bbox 1691 2511 1754 2568; x_wconf 89' lang='lat' dir='ltr'><strong>est.</strong></span> <span class='ocrx_word' id='word_1_291' title='bbox 1803 2497 1894 2567; x_wconf 88' lang='lat' dir='ltr'><strong>Nam</strong></span> <span class='ocrx_word' id='word_1_292' title='bbox 1920 2503 2032 2572; x_wconf 86' lang='lat' dir='ltr'><strong>etiam</strong></span> <span class='ocrx_word' id='word_1_293' title='bbox 2054 2506 2164 2575; x_wconf 80' lang='lat' dir='ltr'><strong>illive·</strong></span> 
     </span>
     <span class='ocr_line' id='line_1_23' title="bbox 144 2585 2164 2696; baseline 0.003 -24"><span class='ocrx_word' id='word_1_294' title='bbox 144 2604 285 2682; x_wconf 88' lang='lat' dir='ltr'><strong>Deinde</strong></span> <span class='ocrx_word' id='word_1_295' title='bbox 305 2596 411 2691; x_wconf 89' lang='lat' dir='ltr'><strong>paulo</strong></span> <span class='ocrx_word' id='word_1_296' title='bbox 434 2605 515 2662; x_wconf 88' lang='lat' dir='ltr'><strong>ante</strong></span> <span class='ocrx_word' id='word_1_297' title='bbox 538 2585 835 2660; x_wconf 90' lang='lat' dir='ltr'><strong>Machabaeorum</strong></span> <span class='ocrx_word' id='word_1_298' title='bbox 860 2606 1033 2685; x_wconf 91' lang='lat' dir='ltr'><strong>tempora,</strong></span> <span class='ocrx_word' id='word_1_299' title='bbox 1059 2616 1137 2661; x_wconf 89' lang='lat' dir='ltr'><strong>cnm</strong></span> <span class='ocrx_word' id='word_1_300' title='bbox 1189 2604 1279 2659; x_wconf 91' lang='lat' dir='ltr'><strong>teres</strong></span> <span class='ocrx_word' id='word_1_301' title='bbox 1293 2585 1553 2679; x_wconf 87' lang='lat' dir='ltr'><strong>Prophetarum</strong></span> <span class='ocrx_word' id='word_1_302' title='bbox 1568 2597 1758 2682; x_wconf 86' lang='lat' dir='ltr'><strong>auditores,</strong></span> <span class='ocrx_word' id='word_1_303' title='bbox 1784 2600 1849 2669; x_wconf 92' lang='lat' dir='ltr'><strong>etsi</strong></span> <span class='ocrx_word' id='word_1_304' title='bbox 1866 2604 2060 2696; x_wconf 87' lang='lat' dir='ltr'><strong>praecipue</strong></span> <span class='ocrx_word' id='word_1_305' title='bbox 2072 2608 2164 2677; x_wconf 82' lang='lat' dir='ltr'><strong>distr·</strong></span> 
     </span>
     <span class='ocr_line' id='line_1_24' title="bbox 146 2691 2165 2781; baseline 0.004 -9"><span class='ocrx_word' id='word_1_306' title='bbox 146 2702 335 2781; x_wconf 90' lang='lat' dir='ltr'><strong>Pontitices</strong></span> <span class='ocrx_word' id='word_1_307' title='bbox 359 2707 533 2767; x_wconf 87' lang='lat' dir='ltr'><strong>certarent</strong></span> <span class='ocrx_word' id='word_1_308' title='bbox 563 2693 656 2761; x_wconf 92' lang='lat' dir='ltr'><strong>inter</strong></span> <span class='ocrx_word' id='word_1_309' title='bbox 678 2714 714 2759; x_wconf 89' lang='lat' dir='ltr'><strong>se</strong></span> <span class='ocrx_word' id='word_1_310' title='bbox 737 2693 952 2777; x_wconf 90' lang='lat' dir='ltr'><strong>ambitione,</strong></span> <span class='ocrx_word' id='word_1_311' title='bbox 984 2709 1140 2763; x_wconf 88' lang='lat' dir='ltr'><strong>emerent</strong></span> <span class='ocrx_word' id='word_1_312' title='bbox 1188 2693 1274 2759; x_wconf 92' lang='lat' dir='ltr'><strong>bant</strong></span> <span class='ocrx_word' id='word_1_313' title='bbox 1288 2691 1450 2761; x_wconf 91' lang='lat' dir='ltr'><strong>coelestia</strong></span> <span class='ocrx_word' id='word_1_314' title='bbox 1464 2695 1627 2779; x_wconf 89' lang='lat' dir='ltr'><strong>oracula,</strong></span> <span class='ocrx_word' id='word_1_315' title='bbox 1647 2711 1765 2768; x_wconf 91' lang='lat' dir='ltr'><strong>tamen</strong></span> <span class='ocrx_word' id='word_1_316' title='bbox 1779 2702 1866 2770; x_wconf 88' lang='lat' dir='ltr'><strong>alias</strong></span> <span class='ocrx_word' id='word_1_317' title='bbox 1880 2720 1978 2774; x_wconf 90' lang='lat' dir='ltr'><strong>artes</strong></span> <span class='ocrx_word' id='word_1_318' title='bbox 1998 2710 2165 2779; x_wconf 82' lang='lat' dir='ltr'><strong>etiamad</strong></span> 
     </span>
     <span class='ocr_line' id='line_1_25' title="bbox 145 2790 2166 2894; baseline 0 -13"><span class='ocrx_word' id='word_1_319' title='bbox 145 2804 397 2882; x_wconf 81' lang='lat' dir='ltr'><strong>Pontificatum</strong></span> <span class='ocrx_word' id='word_1_320' title='bbox 419 2794 581 2866; x_wconf 85' lang='lat' dir='ltr'><strong>avicinis</strong></span> <span class='ocrx_word' id='word_1_321' title='bbox 598 2790 776 2882; x_wconf 81' lang='lat' dir='ltr'><strong>Regibus,</strong></span> <span class='ocrx_word' id='word_1_322' title='bbox 801 2795 1000 2864; x_wconf 87' lang='lat' dir='ltr'><strong>doctrinam</strong></span> <span class='ocrx_word' id='word_1_323' title='bbox 1024 2795 1140 2882; x_wconf 85' lang='lat' dir='ltr'><strong>negli-</strong></span> <span class='ocrx_word' id='word_1_324' title='bbox 1190 2792 1403 2881; x_wconf 87' lang='lat' dir='ltr'><strong>iungebant,</strong></span> <span class='ocrx_word' id='word_1_325' title='bbox 1442 2795 1625 2867; x_wconf 90' lang='lat' dir='ltr'><strong>discebant</strong></span> <span class='ocrx_word' id='word_1_326' title='bbox 1656 2799 1794 2894; x_wconf 89' lang='lat' dir='ltr'><strong>aliquid</strong></span> <span class='ocrx_word' id='word_1_327' title='bbox 1820 2805 1865 2872; x_wconf 91' lang='lat' dir='ltr'><strong>de</strong></span> <span class='ocrx_word' id='word_1_328' title='bbox 1890 2819 2024 2878; x_wconf 89' lang='lat' dir='ltr'><strong>natura</strong></span> <span class='ocrx_word' id='word_1_329' title='bbox 2055 2834 2166 2893; x_wconf 83' lang='lat' dir='ltr'><strong>remu,</strong></span> 
     </span>
     <span class='ocr_line' id='line_1_26' title="bbox 146 2887 2165 3004; baseline 0.015 -51"><span class='ocrx_word' id='word_1_330' title='bbox 146 2917 287 3004; x_wconf 55' lang='lat' dir='ltr'><strong>gerent,</strong></span> <span class='ocrx_word' id='word_1_331' title='bbox 314 2899 476 2990; x_wconf 62' lang='lat' dir='ltr'><strong>collapsis</strong></span> <span class='ocrx_word' id='word_1_332' title='bbox 490 2890 643 2978; x_wconf 82' lang='lat' dir='ltr'><strong>scholis,</strong></span> <span class='ocrx_word' id='word_1_333' title='bbox 667 2918 836 2983; x_wconf 90' lang='lat' dir='ltr'><strong>magnum</strong></span> <span class='ocrx_word' id='word_1_334' title='bbox 853 2896 985 2967; x_wconf 87' lang='lat' dir='ltr'><strong>vulnus</strong></span> <span class='ocrx_word' id='word_1_335' title='bbox 1008 2895 1141 2986; x_wconf 90' lang='lat' dir='ltr'><strong>accepit</strong></span> <span class='ocrx_word' id='word_1_336' title='bbox 1189 2894 1404 2987; x_wconf 87' lang='lat' dir='ltr'><strong>quaerebant</strong></span> <span class='ocrx_word' id='word_1_337' title='bbox 1430 2887 1614 2982; x_wconf 89' lang='lat' dir='ltr'><strong>historias,</strong></span> <span class='ocrx_word' id='word_1_338' title='bbox 1641 2900 1702 2969; x_wconf 90' lang='lat' dir='ltr'><strong>alii</strong></span> <span class='ocrx_word' id='word_1_339' title='bbox 1728 2901 1921 2990; x_wconf 89' lang='lat' dir='ltr'><strong>Musicam,</strong></span> <span class='ocrx_word' id='word_1_340' title='bbox 1947 2908 2014 2978; x_wconf 91' lang='lat' dir='ltr'><strong>alii</strong></span> <span class='ocrx_word' id='word_1_341' title='bbox 2034 2910 2165 2983; x_wconf 85' lang='lat' dir='ltr'><strong>Medici·</strong></span> 
     </span>
     <span class='ocr_line' id='line_1_27' title="bbox 147 2993 2164 3099; baseline 0.006 -26"><span class='ocrx_word' id='word_1_342' title='bbox 147 3009 291 3099; x_wconf 75' lang='lat' dir='ltr'><strong>religio:</strong></span> <span class='ocrx_word' id='word_1_343' title='bbox 317 3001 433 3071; x_wconf 84' lang='lat' dir='ltr'><strong>voluit</strong></span> <span class='ocrx_word' id='word_1_344' title='bbox 449 3012 568 3068; x_wconf 90' lang='lat' dir='ltr'><strong>tamen</strong></span> <span class='ocrx_word' id='word_1_345' title='bbox 585 2993 682 3065; x_wconf 90' lang='lat' dir='ltr'><strong>Deus</strong></span> <span class='ocrx_word' id='word_1_346' title='bbox 698 3019 876 3087; x_wconf 89' lang='lat' dir='ltr'><strong>superesse</strong></span> <span class='ocrx_word' id='word_1_347' title='bbox 899 2998 1034 3091; x_wconf 89' lang='lat' dir='ltr'><strong>aliquas</strong></span> <span class='ocrx_word' id='word_1_348' title='bbox 1055 2998 1140 3066; x_wconf 90' lang='lat' dir='ltr'><strong>reli·</strong></span> <span class='ocrx_word' id='word_1_349' title='bbox 1189 3019 1273 3063; x_wconf 93' lang='lat' dir='ltr'><strong>nam</strong></span> <span class='ocrx_word' id='word_1_350' title='bbox 1293 2994 1562 3084; x_wconf 82' lang='lat' dir='ltr'><strong>profitebantur.</strong></span> <span class='ocrx_word' id='word_1_351' title='bbox 1614 2998 1665 3071; x_wconf 90' lang='lat' dir='ltr'><strong>lta</strong></span> <span class='ocrx_word' id='word_1_352' title='bbox 1688 3026 1783 3074; x_wconf 91' lang='lat' dir='ltr'><strong>nunc</strong></span> <span class='ocrx_word' id='word_1_353' title='bbox 1804 3007 1933 3076; x_wconf 86' lang='lat' dir='ltr'><strong>videtis</strong></span> <span class='ocrx_word' id='word_1_354' title='bbox 1958 3012 2041 3083; x_wconf 91' lang='lat' dir='ltr'><strong>sine</strong></span> <span class='ocrx_word' id='word_1_355' title='bbox 2063 3014 2164 3098; x_wconf 76' lang='lat' dir='ltr'><strong>literis,</strong></span> 
     </span>
     <span class='ocr_line' id='line_1_28' title="bbox 147 3096 2161 3207; baseline 0.006 -37"><span class='ocrx_word' id='word_1_356' title='bbox 147 3112 261 3207; x_wconf 74' lang='lat' dir='ltr'><strong>quiae,</strong></span> <span class='ocrx_word' id='word_1_357' title='bbox 312 3097 524 3174; x_wconf 89' lang='lat' dir='ltr'><strong>Machabaei</strong></span> <span class='ocrx_word' id='word_1_358' title='bbox 545 3102 774 3168; x_wconf 89' lang='lat' dir='ltr'><strong>restituerunt</strong></span> <span class='ocrx_word' id='word_1_359' title='bbox 793 3100 1003 3170; x_wconf 88' lang='lat' dir='ltr'><strong>doctrinam.</strong></span> <span class='ocrx_word' id='word_1_360' title='bbox 1055 3098 1140 3169; x_wconf 90' lang='lat' dir='ltr'><strong>Post</strong></span> <span class='ocrx_word' id='word_1_361' title='bbox 1188 3098 1265 3164; x_wconf 91' lang='lat' dir='ltr'><strong>sine</strong></span> <span class='ocrx_word' id='word_1_362' title='bbox 1286 3096 1490 3185; x_wconf 84' lang='lat' dir='ltr'><strong>linguarum</strong></span> <span class='ocrx_word' id='word_1_363' title='bbox 1515 3102 1734 3190; x_wconf 80' lang='lat' dir='ltr'><strong>cognitione,</strong></span> <span class='ocrx_word' id='word_1_364' title='bbox 1767 3108 1843 3176; x_wconf 91' lang='lat' dir='ltr'><strong>sine</strong></span> <span class='ocrx_word' id='word_1_365' title='bbox 1864 3107 2161 3201; x_wconf 85' lang='lat' dir='ltr'><strong>Dialectica,tine</strong></span> 
     </span>
     <span class='ocr_line' id='line_1_29' title="bbox 146 3198 2165 3298; baseline 0 -12"><span class='ocrx_word' id='word_1_366' title='bbox 146 3213 214 3286; x_wconf 91' lang='lat' dir='ltr'><strong>hos</strong></span> <span class='ocrx_word' id='word_1_367' title='bbox 236 3206 348 3279; x_wconf 81' lang='lat' dir='ltr'><strong>crevit</strong></span> <span class='ocrx_word' id='word_1_368' title='bbox 369 3200 588 3294; x_wconf 89' lang='lat' dir='ltr'><strong>impudentia</strong></span> <span class='ocrx_word' id='word_1_369' title='bbox 611 3199 649 3266; x_wconf 95' lang='lat' dir='ltr'><strong>in</strong></span> <span class='ocrx_word' id='word_1_370' title='bbox 676 3200 808 3291; x_wconf 89' lang='lat' dir='ltr'><strong>populo</strong></span> <span class='ocrx_word' id='word_1_371' title='bbox 832 3198 916 3285; x_wconf 89' lang='lat' dir='ltr'><strong>Dei,</strong></span> <span class='ocrx_word' id='word_1_372' title='bbox 946 3201 1140 3292; x_wconf 88' lang='lat' dir='ltr'><strong>repudiatis</strong></span> <span class='ocrx_word' id='word_1_373' title='bbox 1188 3200 1307 3290; x_wconf 87' lang='lat' dir='ltr'><strong>aliqua</strong></span> <span class='ocrx_word' id='word_1_374' title='bbox 1325 3199 1464 3267; x_wconf 89' lang='lat' dir='ltr'><strong>liberali</strong></span> <span class='ocrx_word' id='word_1_375' title='bbox 1481 3203 1702 3290; x_wconf 90' lang='lat' dir='ltr'><strong>eruditione,</strong></span> <span class='ocrx_word' id='word_1_376' title='bbox 1728 3211 1884 3298; x_wconf 83' lang='lat' dir='ltr'><strong>profecto</strong></span> <span class='ocrx_word' id='word_1_377' title='bbox 1902 3216 2089 3287; x_wconf 84' lang='lat' dir='ltr'><strong>neminem</strong></span> <span class='ocrx_word' id='word_1_378' title='bbox 2100 3216 2165 3289; x_wconf 81' lang='lat' dir='ltr'><strong>satis</strong></span> 
     </span>
     <span class='ocr_line' id='line_1_30' title="bbox 146 3297 2167 3409; baseline 0.002 -23"><span class='ocrx_word' id='word_1_379' title='bbox 146 3306 405 3406; x_wconf 86' lang='lat' dir='ltr'><strong>Prophetarum</strong></span> <span class='ocrx_word' id='word_1_380' title='bbox 435 3302 696 3384; x_wconf 86' lang='lat' dir='ltr'><strong>monumentis,</strong></span> <span class='ocrx_word' id='word_1_381' title='bbox 733 3316 925 3391; x_wconf 88' lang='lat' dir='ltr'><strong>coeperunt</strong></span> <span class='ocrx_word' id='word_1_382' title='bbox 953 3297 1138 3395; x_wconf 91' lang='lat' dir='ltr'><strong>prophana</strong></span> <span class='ocrx_word' id='word_1_383' title='bbox 1189 3300 1357 3369; x_wconf 88' lang='lat' dir='ltr'><strong>idoneum</strong></span> <span class='ocrx_word' id='word_1_384' title='bbox 1373 3324 1445 3369; x_wconf 88' lang='lat' dir='ltr'><strong>esse</strong></span> <span class='ocrx_word' id='word_1_385' title='bbox 1462 3304 1505 3371; x_wconf 93' lang='lat' dir='ltr'><strong>ad</strong></span> <span class='ocrx_word' id='word_1_386' title='bbox 1522 3305 1745 3394; x_wconf 87' lang='lat' dir='ltr'><strong>explicandas</strong></span> <span class='ocrx_word' id='word_1_387' title='bbox 1762 3317 2028 3389; x_wconf 88' lang='lat' dir='ltr'><strong>controversias</strong></span> <span class='ocrx_word' id='word_1_388' title='bbox 2045 3320 2167 3409; x_wconf 84' lang='lat' dir='ltr'><strong>religio·</strong></span> 
     </span>
     <span class='ocr_line' id='line_1_31' title="bbox 146 3397 2168 3506; baseline 0.005 -23"><span class='ocrx_word' id='word_1_389' title='bbox 146 3414 290 3506; x_wconf 90' lang='lat' dir='ltr'><strong>ingenia</strong></span> <span class='ocrx_word' id='word_1_390' title='bbox 311 3431 429 3480; x_wconf 89' lang='lat' dir='ltr'><strong>amare</strong></span> <span class='ocrx_word' id='word_1_391' title='bbox 446 3404 619 3475; x_wconf 86' lang='lat' dir='ltr'><strong>Graecam</strong></span> <span class='ocrx_word' id='word_1_392' title='bbox 633 3399 919 3494; x_wconf 87' lang='lat' dir='ltr'><strong>Philosophiam,</strong></span> <span class='ocrx_word' id='word_1_393' title='bbox 944 3399 1029 3473; x_wconf 93' lang='lat' dir='ltr'><strong>hinc</strong></span> <span class='ocrx_word' id='word_1_394' title='bbox 1051 3406 1140 3473; x_wconf 85' lang='lat' dir='ltr'><strong>exti-</strong></span> <span class='ocrx_word' id='word_1_395' title='bbox 1188 3402 1254 3473; x_wconf 91' lang='lat' dir='ltr'><strong>nis.</strong></span> <span class='ocrx_word' id='word_1_396' title='bbox 1306 3397 1403 3490; x_wconf 83' lang='lat' dir='ltr'><strong>Ergo</strong></span> <span class='ocrx_word' id='word_1_397' title='bbox 1425 3402 1464 3470; x_wconf 90' lang='lat' dir='ltr'><strong>in</strong></span> <span class='ocrx_word' id='word_1_398' title='bbox 1491 3401 1621 3475; x_wconf 92' lang='lat' dir='ltr'><strong>scholis</strong></span> <span class='ocrx_word' id='word_1_399' title='bbox 1643 3411 1836 3481; x_wconf 90' lang='lat' dir='ltr'><strong>multarum</strong></span> <span class='ocrx_word' id='word_1_400' title='bbox 1858 3415 1994 3486; x_wconf 92' lang='lat' dir='ltr'><strong>artium</strong></span> <span class='ocrx_word' id='word_1_401' title='bbox 2020 3422 2168 3493; x_wconf 84' lang='lat' dir='ltr'><strong>exercitia</strong></span> 
     </span>
     <span class='ocr_line' id='line_1_32' title="bbox 146 3499 2167 3617; baseline 0.003 -27"><span class='ocrx_word' id='word_1_402' title='bbox 146 3529 269 3591; x_wconf 88' lang='lat' dir='ltr'><strong>terunt</strong></span> <span class='ocrx_word' id='word_1_403' title='bbox 282 3526 394 3582; x_wconf 88' lang='lat' dir='ltr'><strong>sectae</strong></span> <span class='ocrx_word' id='word_1_404' title='bbox 409 3499 845 3577; x_wconf 90' lang='lat' dir='ltr'><strong>diversaePharisaeorum</strong></span> <span class='ocrx_word' id='word_1_405' title='bbox 861 3520 896 3576; x_wconf 88' lang='lat' dir='ltr'><strong>ct</strong></span> <span class='ocrx_word' id='word_1_406' title='bbox 912 3504 1139 3574; x_wconf 91' lang='lat' dir='ltr'><strong>Zaddncaeo-</strong></span> <span class='ocrx_word' id='word_1_407' title='bbox 1188 3503 1466 3588; x_wconf 73' lang='lat' dir='ltr'><strong>institutarum,</strong></span> <span class='ocrx_word' id='word_1_408' title='bbox 1488 3531 1636 3598; x_wconf 90' lang='lat' dir='ltr'><strong>quarum</strong></span> <span class='ocrx_word' id='word_1_409' title='bbox 1658 3510 1844 3606; x_wconf 87' lang='lat' dir='ltr'><strong>pleraeque</strong></span> <span class='ocrx_word' id='word_1_410' title='bbox 1862 3517 1926 3586; x_wconf 85' lang='lat' dir='ltr'><strong>etsi</strong></span> <span class='ocrx_word' id='word_1_411' title='bbox 1948 3522 2167 3617; x_wconf 81' lang='lat' dir='ltr'><strong>multiplicem</strong></span> 
     </span>
     <span class='ocr_line' id='line_1_33' title="bbox 146 3601 2168 3710; baseline 0.011 -36"><span class='ocrx_word' id='word_1_412' title='bbox 146 3644 248 3701; x_wconf 65' lang='lat' dir='ltr'><strong>rum,</strong></span> <span class='ocrx_word' id='word_1_413' title='bbox 288 3613 350 3706; x_wconf 89' lang='lat' dir='ltr'><strong>qui</strong></span> <span class='ocrx_word' id='word_1_414' title='bbox 379 3611 495 3702; x_wconf 90' lang='lat' dir='ltr'><strong>palam</strong></span> <span class='ocrx_word' id='word_1_415' title='bbox 525 3603 741 3696; x_wconf 87' lang='lat' dir='ltr'><strong>Epicuraeas</strong></span> <span class='ocrx_word' id='word_1_416' title='bbox 777 3607 963 3697; x_wconf 86' lang='lat' dir='ltr'><strong>opiniones</strong></span> <span class='ocrx_word' id='word_1_417' title='bbox 993 3606 1140 3698; x_wconf 83' lang='lat' dir='ltr'><strong>professi</strong></span> <span class='ocrx_word' id='word_1_418' title='bbox 1188 3604 1227 3671; x_wconf 91' lang='lat' dir='ltr'><strong>in</strong></span> <span class='ocrx_word' id='word_1_419' title='bbox 1244 3604 1316 3673; x_wconf 90' lang='lat' dir='ltr'><strong>vita</strong></span> <span class='ocrx_word' id='word_1_420' title='bbox 1333 3628 1436 3673; x_wconf 90' lang='lat' dir='ltr'><strong>usum</strong></span> <span class='ocrx_word' id='word_1_421' title='bbox 1459 3601 1612 3694; x_wconf 88' lang='lat' dir='ltr'><strong>habent,</strong></span> <span class='ocrx_word' id='word_1_422' title='bbox 1636 3625 1754 3681; x_wconf 90' lang='lat' dir='ltr'><strong>tamen</strong></span> <span class='ocrx_word' id='word_1_423' title='bbox 1776 3618 1964 3710; x_wconf 89' lang='lat' dir='ltr'><strong>praecipue</strong></span> <span class='ocrx_word' id='word_1_424' title='bbox 1977 3627 2168 3698; x_wconf 77' lang='lat' dir='ltr'><strong>conducunt</strong></span> 
     </span>
     <span class='ocr_line' id='line_1_34' title="bbox 147 3700 2168 3807; baseline 0.004 -15"><span class='ocrx_word' id='word_1_425' title='bbox 147 3734 242 3792; x_wconf 89' lang='lat' dir='ltr'><strong>sunt.</strong></span> <span class='ocrx_word' id='word_1_426' title='bbox 271 3714 418 3807; x_wconf 37' lang='lat' dir='ltr'><strong>,ltaque</strong></span> <span class='ocrx_word' id='word_1_427' title='bbox 440 3732 521 3779; x_wconf 91' lang='lat' dir='ltr'><strong>cum</strong></span> <span class='ocrx_word' id='word_1_428' title='bbox 545 3707 608 3775; x_wconf 90' lang='lat' dir='ltr'><strong>diu</strong></span> <span class='ocrx_word' id='word_1_429' title='bbox 628 3700 820 3801; x_wconf 88' lang='lat' dir='ltr'><strong>horribiles</strong></span> <span class='ocrx_word' id='word_1_430' title='bbox 836 3724 950 3777; x_wconf 90' lang='lat' dir='ltr'><strong>essent</strong></span> <span class='ocrx_word' id='word_1_431' title='bbox 972 3708 1139 3778; x_wconf 85' lang='lat' dir='ltr'><strong>tenebrae</strong></span> <span class='ocrx_word' id='word_1_432' title='bbox 1188 3708 1232 3774; x_wconf 91' lang='lat' dir='ltr'><strong>ad</strong></span> <span class='ocrx_word' id='word_1_433' title='bbox 1253 3705 1526 3776; x_wconf 74' lang='lat' dir='ltr'><strong>&#39;ecclesiasticam</strong></span> <span class='ocrx_word' id='word_1_434' title='bbox 1552 3712 1748 3783; x_wconf 87' lang='lat' dir='ltr'><strong>doctrinam</strong></span> <span class='ocrx_word' id='word_1_435' title='bbox 1770 3717 2041 3798; x_wconf 88' lang='lat' dir='ltr'><strong>illustrandam.</strong></span> <span class='ocrx_word' id='word_1_436' title='bbox 2090 3726 2168 3799; x_wconf 73' lang='lat' dir='ltr'><strong>ttae</strong></span> 
     </span>
     <span class='ocr_line' id='line_1_35' title="bbox 148 3803 2168 3911; baseline 0.007 -28"><span class='ocrx_word' id='word_1_437' title='bbox 148 3823 188 3893; x_wconf 81' lang='lat' dir='ltr'><strong>in</strong></span> <span class='ocrx_word' id='word_1_438' title='bbox 209 3817 342 3911; x_wconf 90' lang='lat' dir='ltr'><strong>populo</strong></span> <span class='ocrx_word' id='word_1_439' title='bbox 359 3812 445 3895; x_wconf 90' lang='lat' dir='ltr'><strong>Dei,</strong></span> <span class='ocrx_word' id='word_1_440' title='bbox 470 3829 592 3878; x_wconf 87' lang='lat' dir='ltr'><strong>rursus</strong></span> <span class='ocrx_word' id='word_1_441' title='bbox 614 3806 776 3878; x_wconf 80' lang='lat' dir='ltr'><strong>excitavit</strong></span> <span class='ocrx_word' id='word_1_442' title='bbox 798 3808 893 3879; x_wconf 90' lang='lat' dir='ltr'><strong>Deus</strong></span> <span class='ocrx_word' id='word_1_443' title='bbox 914 3803 1051 3878; x_wconf 90' lang='lat' dir='ltr'><strong>scholas</strong></span> <span class='ocrx_word' id='word_1_444' title='bbox 1076 3835 1140 3898; x_wconf 89' lang='lat' dir='ltr'><strong>per</strong></span> <span class='ocrx_word' id='word_1_445' title='bbox 1188 3807 1337 3875; x_wconf 84' lang='lat' dir='ltr'><strong>comita</strong></span> <span class='ocrx_word' id='word_1_446' title='bbox 1360 3808 1450 3888; x_wconf 85' lang='lat' dir='ltr'><strong>sint,</strong></span> <span class='ocrx_word' id='word_1_447' title='bbox 1477 3834 1556 3879; x_wconf 90' lang='lat' dir='ltr'><strong>cnm</strong></span> <span class='ocrx_word' id='word_1_448' title='bbox 1580 3808 1719 3883; x_wconf 87' lang='lat' dir='ltr'><strong>scholae</strong></span> <span class='ocrx_word' id='word_1_449' title='bbox 1740 3822 1956 3891; x_wconf 85' lang='lat' dir='ltr'><strong>necessariae</strong></span> <span class='ocrx_word' id='word_1_450' title='bbox 1971 3825 2050 3900; x_wconf 89' lang='lat' dir='ltr'><strong>sint</strong></span> <span class='ocrx_word' id='word_1_451' title='bbox 2063 3825 2168 3901; x_wconf 76' lang='lat' dir='ltr'><strong>Eccle-</strong></span> 
     </span>
     <span class='ocr_line' id='line_1_36' title="bbox 148 3904 2169 4018; baseline 0.017 -49"><span class='ocrx_word' id='word_1_452' title='bbox 148 3923 320 3995; x_wconf 60' lang='lat' dir='ltr'><strong>loannem</strong></span> <span class='ocrx_word' id='word_1_453' title='bbox 342 3913 556 4005; x_wconf 63' lang='lat' dir='ltr'><strong>Raptim,</strong></span> <span class='ocrx_word' id='word_1_454' title='bbox 581 3909 710 3978; x_wconf 88' lang='lat' dir='ltr'><strong>deinde</strong></span> <span class='ocrx_word' id='word_1_455' title='bbox 735 3932 798 4000; x_wconf 89' lang='lat' dir='ltr'><strong>per</strong></span> <span class='ocrx_word' id='word_1_456' title='bbox 816 3904 1011 3984; x_wconf 89' lang='lat' dir='ltr'><strong>Christum.</strong></span> <span class='ocrx_word' id='word_1_457' title='bbox 1062 3909 1139 3982; x_wconf 91' lang='lat' dir='ltr'><strong>Hos</strong></span> <span class='ocrx_word' id='word_1_458' title='bbox 1188 3909 1267 3991; x_wconf 91' lang='lat' dir='ltr'><strong>siis,</strong></span> <span class='ocrx_word' id='word_1_459' title='bbox 1293 3909 1547 3979; x_wconf 85' lang='lat' dir='ltr'><strong>ardentissimis</strong></span> <span class='ocrx_word' id='word_1_460' title='bbox 1572 3916 1663 3984; x_wconf 86' lang='lat' dir='ltr'><strong>votis</strong></span> <span class='ocrx_word' id='word_1_461' title='bbox 1686 3933 1806 4008; x_wconf 89' lang='lat' dir='ltr'><strong>optare</strong></span> <span class='ocrx_word' id='word_1_462' title='bbox 1820 3946 1944 3993; x_wconf 90' lang='lat' dir='ltr'><strong>omnes</strong></span> <span class='ocrx_word' id='word_1_463' title='bbox 1966 3928 2021 4018; x_wconf 93' lang='lat' dir='ltr'><strong>pii</strong></span> <span class='ocrx_word' id='word_1_464' title='bbox 2041 3933 2169 4009; x_wconf 83' lang='lat' dir='ltr'><strong>debent.</strong></span> 
     </span>
     <span class='ocr_line' id='line_1_37' title="bbox 148 4005 2169 4106; baseline 0.004 -11"><span class='ocrx_word' id='word_1_465' title='bbox 148 4021 315 4095; x_wconf 87' lang='lat' dir='ltr'><strong>habuisse</strong></span> <span class='ocrx_word' id='word_1_466' title='bbox 347 4011 574 4086; x_wconf 87' lang='lat' dir='ltr'><strong>scholasticos</strong></span> <span class='ocrx_word' id='word_1_467' title='bbox 606 4024 746 4096; x_wconf 91' lang='lat' dir='ltr'><strong>coetus,</strong></span> <span class='ocrx_word' id='word_1_468' title='bbox 779 4005 926 4081; x_wconf 90' lang='lat' dir='ltr'><strong>historia</strong></span> <span class='ocrx_word' id='word_1_469' title='bbox 952 4010 1138 4103; x_wconf 85' lang='lat' dir='ltr'><strong>Evangelii</strong></span> <span class='ocrx_word' id='word_1_470' title='bbox 1189 4024 1228 4081; x_wconf 93' lang='lat' dir='ltr'><strong>ut</strong></span> <span class='ocrx_word' id='word_1_471' title='bbox 1246 4008 1342 4079; x_wconf 88' lang='lat' dir='ltr'><strong>Deus</strong></span> <span class='ocrx_word' id='word_1_472' title='bbox 1362 4014 1528 4084; x_wconf 85' lang='lat' dir='ltr'><strong>exuscitet</strong></span> <span class='ocrx_word' id='word_1_473' title='bbox 1543 4012 1750 4106; x_wconf 87' lang='lat' dir='ltr'><strong>Principum</strong></span> <span class='ocrx_word' id='word_1_474' title='bbox 1768 4023 1907 4093; x_wconf 87' lang='lat' dir='ltr'><strong>animos</strong></span> <span class='ocrx_word' id='word_1_475' title='bbox 1921 4030 1968 4096; x_wconf 91' lang='lat' dir='ltr'><strong>ad</strong></span> <span class='ocrx_word' id='word_1_476' title='bbox 1990 4035 2169 4104; x_wconf 83' lang='lat' dir='ltr'><strong>restituen-</strong></span> 
     </span>
     <span class='ocr_line' id='line_1_38' title="bbox 149 4111 2170 4227; baseline 0.002 -30"><span class='ocrx_word' id='word_1_477' title='bbox 149 4150 226 4197; x_wconf 91' lang='lat' dir='ltr'><strong>non</strong></span> <span class='ocrx_word' id='word_1_478' title='bbox 249 4124 395 4198; x_wconf 82' lang='lat' dir='ltr'><strong>obscure</strong></span> <span class='ocrx_word' id='word_1_479' title='bbox 419 4127 577 4187; x_wconf 86' lang='lat' dir='ltr'><strong>testatur.</strong></span> <span class='ocrx_word' id='word_1_480' title='bbox 628 4111 753 4182; x_wconf 89' lang='lat' dir='ltr'><strong>Postea</strong></span> <span class='ocrx_word' id='word_1_481' title='bbox 769 4112 925 4204; x_wconf 85' lang='lat' dir='ltr'><strong>exempla</strong></span> <span class='ocrx_word' id='word_1_482' title='bbox 943 4111 1138 4207; x_wconf 85' lang='lat' dir='ltr'><strong>Propheta·</strong></span> <span class='ocrx_word' id='word_1_483' title='bbox 1188 4115 1250 4182; x_wconf 89' lang='lat' dir='ltr'><strong>das</strong></span> <span class='ocrx_word' id='word_1_484' title='bbox 1266 4127 1299 4181; x_wconf 88' lang='lat' dir='ltr'><strong>et</strong></span> <span class='ocrx_word' id='word_1_485' title='bbox 1317 4115 1494 4183; x_wconf 89' lang='lat' dir='ltr'><strong>ornandas</strong></span> <span class='ocrx_word' id='word_1_486' title='bbox 1511 4113 1739 4205; x_wconf 78' lang='lat' dir='ltr'><strong>Academias,</strong></span> <span class='ocrx_word' id='word_1_487' title='bbox 1762 4128 1807 4192; x_wconf 89' lang='lat' dir='ltr'><strong>ad</strong></span> <span class='ocrx_word' id='word_1_488' title='bbox 1830 4126 2020 4202; x_wconf 86' lang='lat' dir='ltr'><strong>excitanda</strong></span> <span class='ocrx_word' id='word_1_489' title='bbox 2044 4148 2079 4207; x_wconf 88' lang='lat' dir='ltr'><strong>et</strong></span> <span class='ocrx_word' id='word_1_490' title='bbox 2099 4156 2170 4227; x_wconf 84' lang='lat' dir='ltr'><strong>pro-</strong></span> 
     </span>
     <span class='ocr_line' id='line_1_39' title="bbox 148 4209 2171 4319; baseline 0.005 -22"><span class='ocrx_word' id='word_1_491' title='bbox 148 4253 248 4310; x_wconf 88' lang='lat' dir='ltr'><strong>rum,</strong></span> <span class='ocrx_word' id='word_1_492' title='bbox 283 4236 318 4291; x_wconf 88' lang='lat' dir='ltr'><strong>et</strong></span> <span class='ocrx_word' id='word_1_493' title='bbox 339 4217 501 4299; x_wconf 90' lang='lat' dir='ltr'><strong>loannis,</strong></span> <span class='ocrx_word' id='word_1_494' title='bbox 534 4239 574 4283; x_wconf 88' lang='lat' dir='ltr'><strong>ac</strong></span> <span class='ocrx_word' id='word_1_495' title='bbox 596 4209 731 4285; x_wconf 87' lang='lat' dir='ltr'><strong>Christi</strong></span> <span class='ocrx_word' id='word_1_496' title='bbox 757 4214 943 4285; x_wconf 88' lang='lat' dir='ltr'><strong>imitantur</strong></span> <span class='ocrx_word' id='word_1_497' title='bbox 964 4213 1139 4308; x_wconf 90' lang='lat' dir='ltr'><strong>Apostoli.</strong></span> <span class='ocrx_word' id='word_1_498' title='bbox 1187 4209 1346 4283; x_wconf 85' lang='lat' dir='ltr'><strong>vehenda</strong></span> <span class='ocrx_word' id='word_1_499' title='bbox 1369 4215 1551 4285; x_wconf 80' lang='lat' dir='ltr'><strong>literarum</strong></span> <span class='ocrx_word' id='word_1_500' title='bbox 1570 4244 1609 4288; x_wconf 88' lang='lat' dir='ltr'><strong>ac</strong></span> <span class='ocrx_word' id='word_1_501' title='bbox 1627 4221 1801 4292; x_wconf 74' lang='lat' dir='ltr'><strong>borracum</strong></span> <span class='ocrx_word' id='word_1_502' title='bbox 1816 4227 2171 4319; x_wconf 82' lang='lat' dir='ltr'><strong>disciplinarumatu·</strong></span> 
     </span>
     <span class='ocr_line' id='line_1_40' title="bbox 146 4311 2171 4415; baseline 0.005 -18"><span class='ocrx_word' id='word_1_503' title='bbox 146 4329 239 4401; x_wconf 90' lang='lat' dir='ltr'><strong>Nam</strong></span> <span class='ocrx_word' id='word_1_504' title='bbox 263 4321 328 4395; x_wconf 90' lang='lat' dir='ltr'><strong>hos</strong></span> <span class='ocrx_word' id='word_1_505' title='bbox 349 4344 490 4415; x_wconf 90' lang='lat' dir='ltr'><strong>quoque</strong></span> <span class='ocrx_word' id='word_1_506' title='bbox 513 4339 630 4386; x_wconf 87' lang='lat' dir='ltr'><strong>sumas</strong></span> <span class='ocrx_word' id='word_1_507' title='bbox 655 4311 791 4385; x_wconf 92' lang='lat' dir='ltr'><strong>scholas</strong></span> <span class='ocrx_word' id='word_1_508' title='bbox 813 4311 977 4386; x_wconf 87' lang='lat' dir='ltr'><strong>habuisse</strong></span> <span class='ocrx_word' id='word_1_509' title='bbox 995 4335 1139 4410; x_wconf 89' lang='lat' dir='ltr'><strong>apparet</strong></span> <span class='ocrx_word' id='word_1_510' title='bbox 1187 4315 1257 4385; x_wconf 90' lang='lat' dir='ltr'><strong>dia.</strong></span> <span class='ocrx_word' id='word_1_511' title='bbox 1309 4313 1471 4408; x_wconf 87' lang='lat' dir='ltr'><strong>Cumque</strong></span> <span class='ocrx_word' id='word_1_512' title='bbox 1488 4342 1527 4386; x_wconf 90' lang='lat' dir='ltr'><strong>ea</strong></span> <span class='ocrx_word' id='word_1_513' title='bbox 1541 4319 1576 4386; x_wconf 92' lang='lat' dir='ltr'><strong>in</strong></span> <span class='ocrx_word' id='word_1_514' title='bbox 1596 4348 1633 4388; x_wconf 90' lang='lat' dir='ltr'><strong>re</strong></span> <span class='ocrx_word' id='word_1_515' title='bbox 1650 4326 1819 4413; x_wconf 89' lang='lat' dir='ltr'><strong>optimam</strong></span> <span class='ocrx_word' id='word_1_516' title='bbox 1837 4331 2065 4407; x_wconf 85' lang='lat' dir='ltr'><strong>voluntatem</strong></span> <span class='ocrx_word' id='word_1_517' title='bbox 2079 4336 2171 4409; x_wconf 85' lang='lat' dir='ltr'><strong>Prin·</strong></span> 
     </span>
     <span class='ocr_line' id='line_1_41' title="bbox 148 4412 2170 4516; baseline 0.004 -14"><span class='ocrx_word' id='word_1_518' title='bbox 148 4457 190 4503; x_wconf 82' lang='lat' dir='ltr'><strong>er</strong></span> <span class='ocrx_word' id='word_1_519' title='bbox 206 4428 370 4504; x_wconf 85' lang='lat' dir='ltr'><strong>lrenaeo,</strong></span> <span class='ocrx_word' id='word_1_520' title='bbox 396 4422 457 4516; x_wconf 88' lang='lat' dir='ltr'><strong>qui</strong></span> <span class='ocrx_word' id='word_1_521' title='bbox 474 4421 523 4490; x_wconf 91' lang='lat' dir='ltr'><strong>ait</strong></span> <span class='ocrx_word' id='word_1_522' title='bbox 537 4416 706 4487; x_wconf 86' lang='lat' dir='ltr'><strong>loannem</strong></span> <span class='ocrx_word' id='word_1_523' title='bbox 722 4412 887 4487; x_wconf 88' lang='lat' dir='ltr'><strong>habuisse</strong></span> <span class='ocrx_word' id='word_1_524' title='bbox 901 4421 1060 4490; x_wconf 89' lang='lat' dir='ltr'><strong>assiduos</strong></span> <span class='ocrx_word' id='word_1_525' title='bbox 1075 4446 1139 4489; x_wconf 89' lang='lat' dir='ltr'><strong>au-</strong></span> <span class='ocrx_word' id='word_1_526' title='bbox 1187 4441 1267 4504; x_wconf 76' lang='lat' dir='ltr'><strong>ceps</strong></span> <span class='ocrx_word' id='word_1_527' title='bbox 1283 4413 1445 4487; x_wconf 79' lang='lat' dir='ltr'><strong>Marchio</strong></span> <span class='ocrx_word' id='word_1_528' title='bbox 1464 4424 1673 4507; x_wconf 86' lang='lat' dir='ltr'><strong>ostenderit,</strong></span> <span class='ocrx_word' id='word_1_529' title='bbox 1699 4428 1870 4514; x_wconf 86' lang='lat' dir='ltr'><strong>gratulari</strong></span> <span class='ocrx_word' id='word_1_530' title='bbox 1889 4426 1984 4505; x_wconf 88' lang='lat' dir='ltr'><strong>hanc</strong></span> <span class='ocrx_word' id='word_1_531' title='bbox 2007 4438 2170 4513; x_wconf 79' lang='lat' dir='ltr'><strong>foelicita-</strong></span> 
     </span>
     <span class='ocr_line' id='line_1_42' title="bbox 147 4515 2171 4625; baseline 0.018 -49"><span class='ocrx_word' id='word_1_532' title='bbox 147 4534 280 4603; x_wconf 53' lang='lat' dir='ltr'><strong>ditores</strong></span> <span class='ocrx_word' id='word_1_533' title='bbox 293 4527 435 4607; x_wconf 65' lang='lat' dir='ltr'><strong>multos,</strong></span> <span class='ocrx_word' id='word_1_534' title='bbox 458 4536 491 4591; x_wconf 81' lang='lat' dir='ltr'><strong>et</strong></span> <span class='ocrx_word' id='word_1_535' title='bbox 509 4521 546 4588; x_wconf 91' lang='lat' dir='ltr'><strong>in</strong></span> <span class='ocrx_word' id='word_1_536' title='bbox 564 4515 619 4587; x_wconf 91' lang='lat' dir='ltr'><strong>his</strong></span> <span class='ocrx_word' id='word_1_537' title='bbox 635 4517 882 4611; x_wconf 88' lang='lat' dir='ltr'><strong>Polycarpum.</strong></span> <span class='ocrx_word' id='word_1_538' title='bbox 934 4520 1136 4592; x_wconf 89' lang='lat' dir='ltr'><strong>Huncmo·</strong></span> <span class='ocrx_word' id='word_1_539' title='bbox 1187 4531 1256 4586; x_wconf 90' lang='lat' dir='ltr'><strong>tem</strong></span> <span class='ocrx_word' id='word_1_540' title='bbox 1276 4517 1431 4608; x_wconf 84' lang='lat' dir='ltr'><strong>Reipub.</strong></span> <span class='ocrx_word' id='word_1_541' title='bbox 1455 4522 1638 4608; x_wconf 84' lang='lat' dir='ltr'><strong>debemus,</strong></span> <span class='ocrx_word' id='word_1_542' title='bbox 1667 4550 1706 4594; x_wconf 91' lang='lat' dir='ltr'><strong>ac</strong></span> <span class='ocrx_word' id='word_1_543' title='bbox 1730 4532 1864 4618; x_wconf 88' lang='lat' dir='ltr'><strong>precari</strong></span> <span class='ocrx_word' id='word_1_544' title='bbox 1885 4529 2030 4625; x_wconf 87' lang='lat' dir='ltr'><strong>Deum,</strong></span> <span class='ocrx_word' id='word_1_545' title='bbox 2055 4554 2171 4615; x_wconf 83' lang='lat' dir='ltr'><strong>utau-</strong></span> 
     </span>
     <span class='ocr_line' id='line_1_43' title="bbox 144 4617 2170 4723; baseline 0.019 -48"><span class='ocrx_word' id='word_1_546' title='bbox 144 4640 222 4704; x_wconf 58' lang='lat' dir='ltr'><strong>,em</strong></span> <span class='ocrx_word' id='word_1_547' title='bbox 242 4643 362 4723; x_wconf 55' lang='lat' dir='ltr'><strong>postes,</strong></span> <span class='ocrx_word' id='word_1_548' title='bbox 387 4623 538 4694; x_wconf 66' lang='lat' dir='ltr'><strong>servavit</strong></span> <span class='ocrx_word' id='word_1_549' title='bbox 562 4633 596 4689; x_wconf 82' lang='lat' dir='ltr'><strong>et</strong></span> <span class='ocrx_word' id='word_1_550' title='bbox 620 4620 693 4711; x_wconf 91' lang='lat' dir='ltr'><strong>ipse</strong></span> <span class='ocrx_word' id='word_1_551' title='bbox 718 4618 933 4714; x_wconf 81' lang='lat' dir='ltr'><strong>Polycarpns</strong></span> <span class='ocrx_word' id='word_1_552' title='bbox 956 4622 1140 4716; x_wconf 77' lang='lat' dir='ltr'><strong>Smyrnae.</strong></span> <span class='ocrx_word' id='word_1_553' title='bbox 1186 4620 1304 4709; x_wconf 88' lang='lat' dir='ltr'><strong>spiciis</strong></span> <span class='ocrx_word' id='word_1_554' title='bbox 1330 4617 1595 4693; x_wconf 87' lang='lat' dir='ltr'><strong>honestissimae</strong></span> <span class='ocrx_word' id='word_1_555' title='bbox 1619 4640 1724 4720; x_wconf 90' lang='lat' dir='ltr'><strong>atque</strong></span> <span class='ocrx_word' id='word_1_556' title='bbox 1746 4631 1955 4706; x_wconf 88' lang='lat' dir='ltr'><strong>utilissimae</strong></span> <span class='ocrx_word' id='word_1_557' title='bbox 1976 4642 2033 4712; x_wconf 90' lang='lat' dir='ltr'><strong>rei</strong></span> <span class='ocrx_word' id='word_1_558' title='bbox 2057 4644 2170 4715; x_wconf 75' lang='lat' dir='ltr'><strong>taven</strong></span> 
     </span>
     <span class='ocr_line' id='line_1_44' title="bbox 147 4716 2169 4839; baseline 0.024 -70"><span class='ocrx_word' id='word_1_559' title='bbox 147 4735 233 4806; x_wconf 65' lang='lat' dir='ltr'><strong>Fui,</strong></span> <span class='ocrx_word' id='word_1_560' title='bbox 254 4745 371 4801; x_wconf 54' lang='lat' dir='ltr'><strong>,utem</strong></span> <span class='ocrx_word' id='word_1_561' title='bbox 389 4721 712 4817; x_wconf 60' lang='lat' dir='ltr'><strong>frequentissimum</strong></span> <span class='ocrx_word' id='word_1_562' title='bbox 731 4718 967 4815; x_wconf 76' lang='lat' dir='ltr'><strong>Gymnasium</strong></span> <span class='ocrx_word' id='word_1_563' title='bbox 983 4722 1139 4795; x_wconf 77' lang='lat' dir='ltr'><strong>Alexan.</strong></span> <span class='ocrx_word' id='word_1_564' title='bbox 1187 4719 1349 4792; x_wconf 86' lang='lat' dir='ltr'><strong>Profecto</strong></span> <span class='ocrx_word' id='word_1_565' title='bbox 1369 4724 1494 4793; x_wconf 88' lang='lat' dir='ltr'><strong>melius</strong></span> <span class='ocrx_word' id='word_1_566' title='bbox 1516 4716 1564 4795; x_wconf 64' lang='lat' dir='ltr'><strong>a&amp;</strong></span> <span class='ocrx_word' id='word_1_567' title='bbox 1584 4729 1656 4796; x_wconf 90' lang='lat' dir='ltr'><strong>suis</strong></span> <span class='ocrx_word' id='word_1_568' title='bbox 1678 4733 1820 4821; x_wconf 89' lang='lat' dir='ltr'><strong>populis</strong></span> <span class='ocrx_word' id='word_1_569' title='bbox 1846 4750 1879 4805; x_wconf 90' lang='lat' dir='ltr'><strong>et</strong></span> <span class='ocrx_word' id='word_1_570' title='bbox 1904 4739 1951 4807; x_wconf 86' lang='lat' dir='ltr'><strong>de</strong></span> <span class='ocrx_word' id='word_1_571' title='bbox 1973 4754 2052 4815; x_wconf 89' lang='lat' dir='ltr'><strong>tota</strong></span> <span class='ocrx_word' id='word_1_572' title='bbox 2067 4759 2169 4839; x_wconf 81' lang='lat' dir='ltr'><strong>postt-</strong></span> 
     </span>
     <span class='ocr_line' id='line_1_45' title="bbox 148 4816 2169 4925; baseline 0.022 -54"><span class='ocrx_word' id='word_1_573' title='bbox 148 4835 265 4915; x_wconf 49' lang='grc' dir='ltr'><strong>ἀώρ,</strong></span> <span class='ocrx_word' id='word_1_574' title='bbox 290 4856 331 4901; x_wconf 60' lang='lat' dir='ltr'><strong>e,</strong></span> <span class='ocrx_word' id='word_1_575' title='bbox 347 4852 418 4923; x_wconf 69' lang='lat' dir='ltr'><strong>quo</strong></span> <span class='ocrx_word' id='word_1_576' title='bbox 435 4824 546 4895; x_wconf 61' lang='lat' dir='ltr'><strong>mulia</strong></span> <span class='ocrx_word' id='word_1_577' title='bbox 561 4820 696 4890; x_wconf 71' lang='lat' dir='ltr'><strong>rumina</strong></span> <span class='ocrx_word' id='word_1_578' title='bbox 713 4816 889 4893; x_wconf 76' lang='lat' dir='ltr'><strong>Ecclesiae</strong></span> <span class='ocrx_word' id='word_1_579' title='bbox 910 4840 1029 4896; x_wconf 71' lang='lat' dir='ltr'><strong>exorta</strong></span> <span class='ocrx_word' id='word_1_580' title='bbox 1046 4842 1138 4898; x_wconf 81' lang='lat' dir='ltr'><strong>sunt.</strong></span> <span class='ocrx_word' id='word_1_581' title='bbox 1188 4824 1290 4892; x_wconf 91' lang='lat' dir='ltr'><strong>ritate</strong></span> <span class='ocrx_word' id='word_1_582' title='bbox 1313 4820 1378 4893; x_wconf 91' lang='lat' dir='ltr'><strong>hac</strong></span> <span class='ocrx_word' id='word_1_583' title='bbox 1400 4824 1438 4892; x_wconf 93' lang='lat' dir='ltr'><strong>in</strong></span> <span class='ocrx_word' id='word_1_584' title='bbox 1461 4850 1498 4895; x_wconf 91' lang='lat' dir='ltr'><strong>re</strong></span> <span class='ocrx_word' id='word_1_585' title='bbox 1522 4845 1694 4916; x_wconf 87' lang='lat' dir='ltr'><strong>meretur,</strong></span> <span class='ocrx_word' id='word_1_586' title='bbox 1719 4858 1826 4925; x_wconf 91' lang='lat' dir='ltr'><strong>qnam</strong></span> <span class='ocrx_word' id='word_1_587' title='bbox 1848 4836 1879 4906; x_wconf 91' lang='lat' dir='ltr'><strong>si</strong></span> <span class='ocrx_word' id='word_1_588' title='bbox 1896 4862 2014 4914; x_wconf 86' lang='lat' dir='ltr'><strong>novas</strong></span> <span class='ocrx_word' id='word_1_589' title='bbox 2030 4848 2169 4918; x_wconf 61' lang='lat' dir='ltr'><strong>aurias</strong></span> 
     </span>
     <span class='ocr_line' id='line_1_46' title="bbox 149 4919 2168 5045; baseline 0.025 -73"><span class='ocrx_word' id='word_1_590' title='bbox 149 4933 239 5004; x_wconf 63' lang='lat' dir='ltr'>Inde</span> <span class='ocrx_word' id='word_1_591' title='bbox 259 4932 491 5002; x_wconf 54' lang='lat' dir='ltr'>mittebantur</span> <span class='ocrx_word' id='word_1_592' title='bbox 513 4937 667 5015; x_wconf 74' lang='lat' dir='ltr'><strong>pastores</strong></span> <span class='ocrx_word' id='word_1_593' title='bbox 689 4924 734 4990; x_wconf 81' lang='lat' dir='ltr'><strong>ad</strong></span> <span class='ocrx_word' id='word_1_594' title='bbox 749 4919 923 4997; x_wconf 58' lang='lat' dir='ltr'><strong>Ecclesiae,</strong></span> <span class='ocrx_word' id='word_1_595' title='bbox 940 4930 1137 4999; x_wconf 73' lang='lat' dir='ltr'><strong>vicinarum</strong></span> <span class='ocrx_word' id='word_1_596' title='bbox 1187 4926 1283 5012; x_wconf 75' lang='lat' dir='ltr'><strong>genti</strong></span> <span class='ocrx_word' id='word_1_597' title='bbox 1308 4949 1414 4995; x_wconf 77' lang='lat' dir='ltr'><strong>venas</strong></span> <span class='ocrx_word' id='word_1_598' title='bbox 1436 4939 1506 4996; x_wconf 77' lang='lat' dir='ltr'><strong>lam</strong></span> <span class='ocrx_word' id='word_1_599' title='bbox 1529 4931 1660 5020; x_wconf 69' lang='lat' dir='ltr'><strong>largas,</strong></span> <span class='ocrx_word' id='word_1_600' title='bbox 1687 4958 1793 5025; x_wconf 74' lang='lat' dir='ltr'><strong>quam</strong></span> <span class='ocrx_word' id='word_1_601' title='bbox 1818 4938 1965 5014; x_wconf 71' lang='lat' dir='ltr'><strong>fuerunt</strong></span> <span class='ocrx_word' id='word_1_602' title='bbox 1981 4970 2095 5020; x_wconf 73' lang='lat' dir='ltr'><strong>venae</strong></span> <span class='ocrx_word' id='word_1_603' title='bbox 2109 4946 2168 5045; x_wconf 69' lang='lat' dir='ltr'><strong>lay·</strong></span> 
     </span>
     <span class='ocr_line' id='line_1_47' title="bbox 149 5021 2168 5143; baseline 0.011 -43"><span class='ocrx_word' id='word_1_604' title='bbox 149 5036 346 5124; x_wconf 80' lang='lat' dir='ltr'><strong>regionum.</strong></span> <span class='ocrx_word' id='word_1_605' title='bbox 370 5028 448 5100; x_wconf 90' lang='lat' dir='ltr'><strong>Hae</strong></span> <span class='ocrx_word' id='word_1_606' title='bbox 462 5021 601 5096; x_wconf 86' lang='lat' dir='ltr'><strong>scholae</strong></span> <span class='ocrx_word' id='word_1_607' title='bbox 617 5024 946 5100; x_wconf 89' lang='lat' dir='ltr'><strong>consulebanturde</strong></span> <span class='ocrx_word' id='word_1_608' title='bbox 959 5032 1137 5101; x_wconf 89' lang='lat' dir='ltr'><strong>doctrina:</strong></span> <span class='ocrx_word' id='word_1_609' title='bbox 1187 5026 1282 5105; x_wconf 78' lang='lat' dir='ltr'><strong>diae,</strong></span> <span class='ocrx_word' id='word_1_610' title='bbox 1308 5028 1397 5119; x_wconf 79' lang='lat' dir='ltr'><strong>quae</strong></span> <span class='ocrx_word' id='word_1_611' title='bbox 1412 5026 1533 5098; x_wconf 85' lang='lat' dir='ltr'><strong>Croesi</strong></span> <span class='ocrx_word' id='word_1_612' title='bbox 1555 5056 1639 5126; x_wconf 84' lang='lat' dir='ltr'><strong>opes</strong></span> <span class='ocrx_word' id='word_1_613' title='bbox 1660 5047 1842 5127; x_wconf 88' lang='lat' dir='ltr'><strong>tantopere</strong></span> <span class='ocrx_word' id='word_1_614' title='bbox 1864 5064 2056 5132; x_wconf 86' lang='lat' dir='ltr'><strong>auxerant,</strong></span> <span class='ocrx_word' id='word_1_615' title='bbox 2080 5074 2168 5143; x_wconf 83' lang='lat' dir='ltr'><strong>repa·</strong></span> 
     </span>
     <span class='ocr_line' id='line_1_48' title="bbox 149 5125 2163 5231; baseline 0.008 -24"><span class='ocrx_word' id='word_1_616' title='bbox 149 5136 201 5207; x_wconf 87' lang='lat' dir='ltr'><strong>ibi</strong></span> <span class='ocrx_word' id='word_1_617' title='bbox 224 5135 318 5203; x_wconf 92' lang='lat' dir='ltr'><strong>enim</strong></span> <span class='ocrx_word' id='word_1_618' title='bbox 344 5132 508 5201; x_wconf 84' lang='lat' dir='ltr'><strong>extabant</strong></span> <span class='ocrx_word' id='word_1_619' title='bbox 529 5125 730 5196; x_wconf 89' lang='lat' dir='ltr'><strong>testimonia</strong></span> <span class='ocrx_word' id='word_1_620' title='bbox 754 5128 960 5218; x_wconf 91' lang='lat' dir='ltr'><strong>dogmatum</strong></span> <span class='ocrx_word' id='word_1_621' title='bbox 977 5135 1022 5203; x_wconf 92' lang='lat' dir='ltr'><strong>ab</strong></span> <span class='ocrx_word' id='word_1_622' title='bbox 1038 5129 1138 5225; x_wconf 91' lang='lat' dir='ltr'><strong>Apo·</strong></span> <span class='ocrx_word' id='word_1_623' title='bbox 1187 5128 1285 5197; x_wconf 72' lang='lat' dir='ltr'><strong>tirel·</strong></span> <span class='ocrx_word' id='word_1_624' title='bbox 1306 5158 1309 5165; x_wconf 90' lang='lat'>·</span> <span class='ocrx_word' id='word_1_625' title='bbox 1337 5127 1416 5199; x_wconf 77' lang='lat' dir='ltr'><strong>Hoc</strong></span> <span class='ocrx_word' id='word_1_626' title='bbox 1433 5156 1562 5202; x_wconf 73' lang='lat' dir='ltr'><strong>munus</strong></span> <span class='ocrx_word' id='word_1_627' title='bbox 1576 5137 1761 5227; x_wconf 73' lang='lat' dir='ltr'><strong>praecipue</strong></span> <span class='ocrx_word' id='word_1_628' title='bbox 1776 5140 1909 5231; x_wconf 86' lang='lat' dir='ltr'><strong>flagitat</strong></span> <span class='ocrx_word' id='word_1_629' title='bbox 1923 5145 2024 5221; x_wconf 86' lang='lat' dir='ltr'><strong>Deus</strong></span> <span class='ocrx_word' id='word_1_630' title='bbox 2040 5175 2060 5222; x_wconf 92' lang='lat' dir='ltr'><strong>a</strong></span> <span class='ocrx_word' id='word_1_631' title='bbox 2075 5150 2163 5223; x_wconf 88' lang='lat' dir='ltr'><strong>Prin·</strong></span> 
     </span>
     <span class='ocr_line' id='line_1_49' title="bbox 148 5229 2206 5327; baseline 0.017 -34"><span class='ocrx_word' id='word_1_632' title='bbox 148 5237 250 5310; x_wconf 65' lang='lat' dir='ltr'><strong>stolis</strong></span> <span class='ocrx_word' id='word_1_633' title='bbox 279 5246 438 5322; x_wconf 77' lang='lat' dir='ltr'><strong>accepta,</strong></span> <span class='ocrx_word' id='word_1_634' title='bbox 477 5243 518 5299; x_wconf 94' lang='lat' dir='ltr'><strong>ut</strong></span> <span class='ocrx_word' id='word_1_635' title='bbox 547 5241 643 5298; x_wconf 88' lang='lat' dir='ltr'><strong>certo</strong></span> <span class='ocrx_word' id='word_1_636' title='bbox 673 5241 869 5317; x_wconf 90' lang='lat' dir='ltr'><strong>constaret,</strong></span> <span class='ocrx_word' id='word_1_637' title='bbox 902 5256 991 5324; x_wconf 86' lang='lat' dir='ltr'><strong>quae</strong></span> <span class='ocrx_word' id='word_1_638' title='bbox 1015 5235 1138 5304; x_wconf 78' lang='lat' dir='ltr'><strong>suisset</strong></span> <span class='ocrx_word' id='word_1_639' title='bbox 1187 5229 1334 5319; x_wconf 90' lang='lat' dir='ltr'><strong>cipibus.</strong></span> <span class='ocrx_word' id='word_1_640' title='bbox 1385 5229 1470 5301; x_wconf 92' lang='lat' dir='ltr'><strong>ldeo</strong></span> <span class='ocrx_word' id='word_1_641' title='bbox 1491 5235 1586 5302; x_wconf 91' lang='lat' dir='ltr'><strong>enim</strong></span> <span class='ocrx_word' id='word_1_642' title='bbox 1609 5234 1705 5306; x_wconf 91' lang='lat' dir='ltr'><strong>Dens</strong></span> <span class='ocrx_word' id='word_1_643' title='bbox 1729 5242 1773 5309; x_wconf 94' lang='lat' dir='ltr'><strong>ad</strong></span> <span class='ocrx_word' id='word_1_644' title='bbox 1797 5245 2001 5319; x_wconf 88' lang='lat' dir='ltr'><strong>societatem</strong></span> <span class='ocrx_word' id='word_1_645' title='bbox 2020 5252 2162 5325; x_wconf 88' lang='lat' dir='ltr'><strong>condidit</strong></span> <span class='ocrx_word' id='word_1_646' title='bbox 2199 5283 2206 5327; x_wconf 89' lang='grc'><strong>1</strong></span> 
     </span>
     <span class='ocr_line' id='line_1_50' title="bbox 149 5324 2206 5440; baseline 0.015 -29"><span class='ocrx_word' id='word_1_647' title='bbox 149 5336 340 5433; x_wconf 89' lang='lat' dir='ltr'><strong>apostolica</strong></span> <span class='ocrx_word' id='word_1_648' title='bbox 355 5333 538 5404; x_wconf 88' lang='lat' dir='ltr'><strong>sententia.</strong></span> <span class='ocrx_word' id='word_1_649' title='bbox 581 5327 740 5420; x_wconf 89' lang='lat' dir='ltr'><strong>Cogitate</strong></span> <span class='ocrx_word' id='word_1_650' title='bbox 756 5346 987 5426; x_wconf 88' lang='lat' dir='ltr'><strong>autemquam</strong></span> <span class='ocrx_word' id='word_1_651' title='bbox 1000 5348 1137 5425; x_wconf 87' lang='lat' dir='ltr'><strong>gratum</strong></span> <span class='ocrx_word' id='word_1_652' title='bbox 1187 5324 1369 5412; x_wconf 68' lang='lat' dir='ltr'><strong>immines,</strong></span> <span class='ocrx_word' id='word_1_653' title='bbox 1400 5350 1439 5403; x_wconf 75' lang='lat' dir='ltr'><strong>ul</strong></span> <span class='ocrx_word' id='word_1_654' title='bbox 1462 5336 1524 5403; x_wconf 67' lang='lat' dir='ltr'><strong>alli</strong></span> <span class='ocrx_word' id='word_1_655' title='bbox 1553 5337 1641 5405; x_wconf 73' lang='lat' dir='ltr'><strong>³¹l⁰⁸</strong></span> <span class='ocrx_word' id='word_1_656' title='bbox 1667 5340 1712 5408; x_wconf 73' lang='lat'><strong>(¹0</strong></span> <span class='ocrx_word' id='word_1_657' title='bbox 1742 5344 1916 5433; x_wconf 60' lang='lat' dir='ltr'><strong>“litim</strong></span> <span class='ocrx_word' id='word_1_658' title='bbox 1939 5324 2103 5440; x_wconf 64' lang='lat' dir='ltr'><strong>d0⁰l2³¹¹ls</strong></span> <span class='ocrx_word' id='word_1_659' title='bbox 2129 5364 2157 5421; x_wconf 70' lang='lat'><strong>¹¹¹</strong></span> <span class='ocrx_word' id='word_1_660' title='bbox 2195 5384 2206 5427; x_wconf 72' lang='grc' dir='ltr'>Ι</span> 
     </span>
     <span class='ocr_line' id='line_1_51' title="bbox 147 5430 2206 5535; baseline 0.012 -31"><span class='ocrx_word' id='word_1_661' title='bbox 147 5444 235 5535; x_wconf 82' lang='lat' dir='ltr'><strong>piis,</strong></span> <span class='ocrx_word' id='word_1_662' title='bbox 266 5458 374 5532; x_wconf 91' lang='lat' dir='ltr'><strong>quam</strong></span> <span class='ocrx_word' id='word_1_663' title='bbox 405 5433 491 5503; x_wconf 89' lang='lat' dir='ltr'><strong>utile</strong></span> <span class='ocrx_word' id='word_1_664' title='bbox 513 5430 623 5502; x_wconf 86' lang='lat' dir='ltr'><strong>fuerit</strong></span> <span class='ocrx_word' id='word_1_665' title='bbox 653 5432 698 5499; x_wconf 91' lang='lat' dir='ltr'><strong>ad</strong></span> <span class='ocrx_word' id='word_1_666' title='bbox 729 5433 968 5505; x_wconf 87' lang='lat' dir='ltr'><strong>conlimandas</strong></span> <span class='ocrx_word' id='word_1_667' title='bbox 992 5450 1138 5520; x_wconf 91' lang='lat' dir='ltr'><strong>mentes,</strong></span> <span class='ocrx_word' id='word_1_668' title='bbox 1187 5435 1334 5525; x_wconf 91' lang='lat' dir='ltr'><strong>quidam</strong></span> <span class='ocrx_word' id='word_1_669' title='bbox 1349 5437 1594 5506; x_wconf 86' lang='lat' dir='ltr'><strong>venustissime</strong></span> <span class='ocrx_word' id='word_1_670' title='bbox 1607 5439 1763 5531; x_wconf 86' lang='lat' dir='ltr'><strong>scripsit:</strong></span> <span class='ocrx_word' id='word_1_671' title='bbox 2192 5478 2206 5529; x_wconf 91' lang='lat' dir='ltr'><strong>t</strong></span> 
     </span>
    </p>
   </div>
   <div class='ocr_carea' id='block_1_3' title="bbox 0 0 2344 6020">
    <p class='ocr_par' dir='ltr' id='par_1_3' title="bbox 0 0 2344 6020">
     <span class='ocr_line' id='line_1_52' title="bbox 0 0 2344 6020; baseline 0 0"><span class='ocrx_word' id='word_1_672' title='bbox 0 0 2344 6020; x_wconf 95' lang='lat' dir='ltr'><strong> </strong></span> 
     </span>
    </p>
   </div>
  </div>
 </body>
</html>
