4664 6022
165 281 244 363 ιω
835 281 1003 363 nucu
1052 280 1129 361 nu
1167 282 1441 365 uuumco
1473 287 1555 365 ιιι.
1801 286 1808 297 ·
2139 306 2215 389 too

148 456 455 536 &meiredsmo
468 458 509 530 in
522 459 688 532 ordinem
699 481 934 533 successorem
949 455 1041 536 dari.
1081 459 1159 532 Nec
1210 472 1309 532 tanta
1323 485 1446 548 causa,
1478 475 1622 559 tamque
1637 465 1755 548 varia,
1780 468 1820 539 iu
1836 494 1906 566 qua
1931 489 1985 548 tot
1998 495 2208 559 controver-

149 563 331 659 religione
350 585 497 659 prorsus
510 563 605 634 liber
618 561 761 635 animus
776 576 869 648 crat,
893 563 980 658 quia
998 561 1157 635 alienum
1209 562 1282 633 siae
1303 563 1448 651 insunt,
1479 568 1524 635 de
1551 567 1803 658 religionibus,
1834 575 1880 645 de
1901 579 2061 656 colendis
2088 585 2207 683 Magi-

149 666 383 741 sboniciris
397 665 516 738 officio
530 666 738 754 videbatur,
755 663 953 759 Principis,
977 665 1036 737 cui
1049 665 1156 737 fidem
1208 665 1393 738 stratibus:
1432 684 1612 761 praeterea
1635 685 1708 742 tam
1740 674 1837 745 varia
1859 682 2008 754 consilia
2033 701 2068 759 et
2090 692 2204 767 exitus

148 770 329 852 (tedium,
358 768 576 841 maiestatem
598 769 751 845 laedere.
810 767 881 842 Sed
896 770 943 839 ad
961 781 1155 840 extremum
1206 768 1409 856 mirabiles,
1441 794 1517 841 nou
1540 786 1655 864 potest
1686 776 1857 850 mediocri
1886 781 2008 878 aliqua
2035 791 2203 870 facultate

147 870 428 967 superstitione,
458 894 529 967 qua
552 867 647 941 nihil
668 871 708 941 in
736 872 995 965 imperatorum
1022 870 1154 942 animis
1206 869 1343 961 ingenii
1357 872 1537 965 explicari.
1586 873 1661 946 Nos
1682 901 1766 948 vero
1791 881 1896 952 etiam
1911 884 2093 964 breviores
2107 897 2200 973 iusto

146 973 338 1070 potentins
370 985 441 1062 est,
482 974 599 1046 victus
627 987 735 1069 atque
762 987 982 1068 expugnatus
1010 987 1079 1060 cst,
1114 986 1154 1046 ut
1203 973 1356 1060 fuimus,
1387 989 1533 1067 propter
1551 978 1733 1069 angustias
1756 987 1944 1077 temporis,
1974 999 2070 1086 quod
2095 1003 2200 1077 nobis

145 1076 313 1153 Caesaris
337 1077 484 1150 titulum
508 1077 711 1169 susciperet.
770 1075 863 1148 Nam
884 1072 1055 1179 Episcopi
1071 1100 1153 1169 per·
1203 1076 1456 1149 addicendum
1475 1081 1728 1173 praescriptum
1745 1098 1809 1159 est.

150 1182 304 1254 melent
317 1179 423 1252 tidem
439 1176 598 1250 Henrico
613 1182 733 1255 datam
747 1204 823 1250 non
842 1200 917 1250 esse
929 1182 1152 1261 servandam,
1306 1178 1410 1250 Nunc
1434 1182 1540 1252 venio
1563 1185 1609 1253 ad
1635 1186 1782 1256 alteram
1808 1191 1980 1266 orationis
1996 1223 2093 1272 meae
2115 1229 2198 1297 par-

153 1298 342 1378 postquam
375 1283 406 1353 is
438 1280 655 1354 ePontilice
676 1283 894 1375 proscriptus
920 1295 1025 1366 esset,
1066 1282 1151 1376 quia
1202 1293 1290 1352 tem:
1316 1283 1463 1374 promisi
1479 1286 1576 1354 enim
1599 1311 1656 1356 me
1680 1302 1906 1384 posteaquam
1923 1299 2122 1375 recitassem
2139 1303 2201 1380 hi-‘

148 1387 251 1457 nulla
265 1384 378 1458 ullius
392 1385 481 1456 iuris
495 1397 557 1456 aut
571 1384 678 1455 officii
693 1387 839 1456 societas
853 1408 933 1455 cum
947 1407 1149 1456 excommu-
1201 1383 1365 1471 storiam,
1402 1385 1582 1458 dicturum
1609 1413 1703 1475 esse,
1745 1392 1833 1484 quid
1867 1396 2020 1472 iudicem
2046 1429 2123 1478 eam
2150 1416 2201 1484 ad·

146 1488 280 1563 nitatis
303 1511 378 1559 esse
400 1488 545 1578 debeat,
576 1489 704 1559 docent
728 1501 851 1558 contra
872 1487 1079 1577 religionem
1096 1488 1149 1557 fa-
1200 1499 1343 1558 nostros
1363 1512 1479 1558 mores
1501 1491 1663 1563 utilitatis
1684 1493 1811 1564 afferre
1832 1521 1945 1588 posse.
2004 1501 2149 1581 Etenim
2165 1516 2196 1585 si

144 1604 293 1663 „qurum
322 1613 414 1672 esse,
448 1588 521 1659 nisi
552 1591 770 1682 obtemperet
793 1587 960 1663 Romano
981 1587 1148 1660 Pontifici
1199 1612 1255 1658 res
1275 1603 1371 1661 tauta
1395 1590 1519 1663 divino
1544 1595 1694 1665 consilio
1716 1597 1862 1683 accidit,
1895 1610 2195 1695 quemadmodum

143 1691 295 1767 vocanti
310 1692 452 1765 eumad
472 1714 556 1763 suae
572 1692 755 1782 dignitatis
771 1717 811 1762 ac
832 1692 1007 1763 libertatis
1024 1692 1148 1761 delen·
1198 1690 1331 1763 sentire
1343 1687 1569 1764 Christianos
1592 1699 1710 1781 decet,
1743 1702 1899 1790 prolecto
1917 1719 2071 1782 statuere
2086 1716 2193 1791 debe-

144 1797 299 1868 ,ioneim
350 1793 484 1886 Magna
502 1808 577 1864 erat
593 1795 764 1866 autoritas
778 1790 1038 1888 Episcoporum
1061 1817 1146 1885 pro·
1198 1816 1296 1879 mus,
1329 1796 1372 1864 ad
1394 1820 1460 1866 nos
1478 1798 1516 1868 id
1538 1801 1737 1891 exemplum
1758 1804 1947 1892 pertinere.
2008 1812 2193 1903 Quemad-

144 1913 229 1992 μη
246 1897 456 1991 opinionem
472 1899 529 1966 vel
544 1897 726 1968 doctrinae
747 1897 806 1967 vel
822 1897 974 1989 pietatis.
1023 1893 1146 1991 ltaque
1197 1898 1344 1967 modum
1365 1898 1462 1967 enim
1482 1900 1642 1984 fabulae,
1671 1926 1762 1995 quae
1791 1906 1829 1974 in
1851 1902 1999 1981 theatris
2024 1934 2193 2011 aguntur,

143 1999 504 2093 PrincepsSaxoniae
518 2001 709 2070 assentitur
724 2023 847 2069 eorum
857 1997 1032 2082 orationi,
1054 2021 1145 2089 quae
1197 2022 1271 2068 non
1300 2014 1444 2091 propter
1466 2026 1524 2072 eas
1554 2027 1723 2095 personas
1753 2031 1844 2100 quae
1870 2033 2191 2109 repraesentantur,

142 2103 185 2175 i„
217 2103 371 2196 speeiem
391 2103 497 2196 plena
520 2102 661 2196 pietatis
688 2114 775 2177 erat.
832 2098 975 2181 Bellum
1007 2123 1144 2170 summa
1195 2102 1256 2170 sed
1277 2115 1513 2193 spectatorum
1535 2128 1637 2174 causa
1659 2109 1790 2200 suscipi
1811 2111 1945 2196 solent,
1980 2124 2125 2216 utquid
2151 2128 2191 2198 in

141 2207 180 2276 vi
193 2205 365 2291 molitur,
388 2207 486 2299 quod
501 2205 596 2275 varia
611 2206 754 2274 fortuna
769 2202 849 2296 plus
864 2202 969 2272 annis
989 2215 1067 2272 octo
1084 2224 1144 2291 ge·
1195 2202 1268 2273 vita
1283 2207 1423 2291 deceat,
1442 2207 1719 2295 admoncantur,
1745 2211 1794 2281 ita
1810 2216 1916 2287 nobis
1930 2226 2086 2297 ostendit
2094 2224 2191 2301 Deus

144 2323 241 2381 stum
265 2321 329 2380 est.
388 2307 507 2398 Quam
535 2307 688 2397 graviter
719 2304 883 2376 afflixerit
911 2301 1142 2374 Germaniam
1195 2306 1292 2375 varia
1307 2307 1465 2398 exempla
1478 2309 1712 2382 maximarum
1734 2336 1871 2401 rectura,
1896 2333 1936 2389 ut
1953 2323 2061 2396 officii
2077 2334 2191 2403 nostri

142 2427 218 2485 um
241 2412 392 2503 longum
407 2412 561 2495 bellum,
593 2422 767 2502 quantum
782 2407 915 2477 civium
935 2409 1143 2498 absumpse-
1194 2431 1260 2477 nos
1275 2411 1579 2486 commonefaciat.
1629 2411 1703 2483 Nec
1718 2429 1837 2504 putate
1860 2444 1899 2490 ea
1916 2435 2054 2496 tautum
2072 2456 2190 2503 exem-

142 2515 212 2601 rit,
238 2536 305 2607 pro
319 2525 436 2584 vestra
451 2513 641 2604 prudentia
654 2510 853 2581 existimare
868 2508 969 2579 facile
986 2509 1142 2601 potestis.
1194 2510 1252 2601 pla
1268 2511 1443 2583 divinitus
1465 2513 1570 2582 nobis
1591 2530 1785 2589 monstrata
1806 2544 1900 2610 esse,
1921 2550 2013 2619 quae
2029 2530 2068 2600 iu
2081 2536 2190 2608 sacris

144 2616 411 2709 saepenumero
435 2616 526 2686 iusta
556 2614 631 2685 acie
656 2613 863 2682 dimicatum
892 2624 965 2690 est,
1004 2615 1066 2682 sed
1096 2614 1142 2683 ad
1193 2611 1305 2682 literis
1330 2614 1523 2706 perscripta
1548 2633 1649 2701 sunt,
1692 2631 1789 2690 totus
1815 2616 1875 2694 hic
1908 2632 2066 2704 mundus
2091 2638 2189 2711 velut

142 2732 342 2791 eremum
367 2720 412 2788 ad
427 2716 550 2788 Picam
566 2718 701 2788 flumen
722 2717 761 2784 in
783 2739 867 2805 agro
883 2712 1047 2807 Lipsensi
1061 2712 1142 2808 opi·
1193 2716 1417 2806 proscenium
1432 2719 1612 2811 quoddam
1628 2735 1680 2792 est
1692 2717 1780 2807 Dei,
1805 2723 1846 2794 in
1861 2752 1933 2820 quo
1948 2735 2112 2805 omnium
2132 2742 2189 2812 ol-

140 2845 210 2894 nor
231 2819 382 2893 summis
398 2820 537 2891 viribus
559 2820 733 2912 praelium
750 2817 978 2888 commissum
999 2830 1067 2902 est,
1101 2818 1140 2886 in
1192 2818 1354 2889 liciorum
1373 2820 1530 2912 exempla
1547 2823 1707 2911 quotidie
1721 2820 1875 2902 exhibet.
1925 2832 2082 2909 Proinde
2103 2841 2189 2913 dili-

141 2948 212 3021 quo
236 2922 422 2997 Saxonum
449 2923 620 2994 exereitus
643 2944 763 2992 caesus
787 2934 821 2991 et
842 2921 982 3010 fugatus
1002 2932 1072 3002 est,
1106 2934 1141 2992 et
1192 2935 1315 3010 genter
1335 2923 1593 2994 consideranda
1608 2921 1824 3001 esthistoria
1839 2956 1947 3024 quam
1961 2939 2124 3030 recitavi,
2146 2962 2188 3019 ut

143 3025 358 3121 imperatori
391 3025 574 3098 Saxonum
611 3049 693 3095 cum
721 3023 912 3094 fortissime
940 3037 1141 3114 pugnasset,
1192 3025 1279 3117 quid
1295 3026 1566 3096 admoneatnos
1581 3027 1832 3120 intelligamus.
1884 3033 1953 3106 Sed
1969 3042 2116 3116 utalios
2131 3049 2188 3119 lo·

139 3151 270 3202 nanus
291 3128 449 3222 praecisa
472 3142 534 3199 est.
591 3125 761 3219 Princeps
780 3124 962 3197 Saxonum
979 3148 1082 3215 aeger
1098 3149 1140 3195 ex
1191 3149 1250 3197 cos
1273 3126 1405 3197 multos
1436 3152 1525 3221 quos
1555 3133 1819 3222 complectitur,
1858 3140 2082 3232 omittamus,
2118 3175 2186 3221 vox

139 3234 292 3304 vulnere
306 3231 346 3300 in
360 3231 533 3324 oppidum
549 3228 741 3319 Mersburg
751 3228 871 3298 illatus
885 3241 955 3309 est,
980 3228 1045 3298 ubi
1058 3251 1140 3298 cum
1191 3229 1252 3297 illa
1267 3242 1421 3299 extrema
1433 3231 1647 3301 miserabilis
1663 3235 1813 3320 indicat,
1838 3239 1925 3329 quid
1940 3243 1979 3312 in
1993 3248 2090 3318 exitu
2104 3252 2186 3322 talis

142 3334 372 3406 decumbenti
392 3358 522 3427 manus
550 3355 656 3426 quam
689 3330 871 3412 amiserat,
902 3330 1008 3399 allata
1033 3343 1140 3423 atquc
1190 3330 1259 3398 viri
1276 3331 1379 3400 vobis
1392 3336 1623 3423 spectandum
1645 3336 1707 3404 sit:
1733 3336 1945 3426 significavit
1965 3349 2062 3417 enim
2079 3350 2186 3423 Prin-

145 3451 284 3507 ostensa
298 3450 410 3522 esset,
434 3435 569 3529 coepit,
593 3447 634 3505 nt
657 3434 696 3503 fit
715 3432 755 3501 iu
769 3432 875 3502 rebus
893 3430 1071 3517 adversis,
1098 3453 1138 3500 ex
1190 3432 1303 3521 cipem
1318 3433 1568 3524 superstitione
1579 3436 1772 3507 adductum
1789 3462 1863 3508 esse
1886 3445 1931 3511 ad
1951 3447 2083 3520 bellum
2106 3478 2186 3526 mo-

141 3552 274 3610 evfflm
290 3539 481 3611 consilium
504 3537 705 3608 aestimare:
739 3534 873 3629 etquis
894 3555 1140 3625 manusprae-
1190 3534 1346 3603 sendum
1369 3535 1539 3604 adversus
1564 3535 1826 3627 imperatorem.
1884 3540 1987 3618 Nihil
2012 3558 2185 3645 supersti-
2311 3554 2318 3563 ⁸

139 3643 211 3712 cisa
232 3654 330 3728 erat,
361 3642 616 3734 interpretatur
637 3637 780 3709 letalem
800 3636 908 3707 luisse
934 3658 1073 3721 casum,
1105 3649 1139 3706 et
1190 3635 1287 3707 tione
1302 3635 1525 3727 pestilentius
1540 3650 1609 3724 est,
1636 3643 1694 3710 sed
1710 3635 1796 3713 haec
1813 3655 1887 3716 tum
1903 3651 2055 3724 maxime
2071 3675 2185 3746 nocet,

139 3767 289 3815 manum
312 3744 347 3814 ei
371 3745 475 3814 datae
501 3742 584 3813 fidei
613 3762 745 3834 poenas
776 3742 873 3814 dare.
936 3735 1140 3809 Conversus
1190 3739 1334 3832 quando
1357 3752 1471 3810 armat
1494 3734 1657 3811 homiues
1680 3746 1849 3817 adversus
1870 3750 2047 3841 legitimos
2066 3757 2185 3852 Magi-

139 3847 251 3939 igitur
280 3849 327 3917 ad
355 3842 571 3939 Episcopos,
610 3867 765 3939 quorum
786 3841 1011 3911 autoritatem
1033 3856 1139 3935 atque
1190 3853 1332 3914 stratus.
1382 3838 1491 3913 Nulla
1517 3843 1591 3913 lere
1614 3867 1699 3935 gens
1713 3860 1783 3933 cst,
1809 3874 1901 3943 quae
1916 3878 1991 3925 non
2010 3860 2096 3929 olim
2114 3858 2183 3935 hu-

138 3949 333 4021 consiiium
362 3961 502 4019 mutus
525 3958 620 4031 erat,
650 3944 787 4040 inquit:
826 3942 954 4014 Videte
978 3941 1139 4028 Domini,
1190 3965 1313 4013 manas
1328 3936 1462 4013 hostias
1479 3949 1701 4032 mactaverit,
1725 3963 1833 4043 atque
1848 3954 1910 4022 alii
1925 3961 2129 4036 saevierunt
2143 3968 2183 4036 in

140 4047 228 4123 haee
254 4064 308 4124 est
335 4074 482 4135 manus,
515 4074 585 4143 qua
614 4048 720 4118 tidem
754 4046 838 4116 dedi
869 4043 1027 4115 Domino
1057 4069 1138 4115 meo
1188 4045 1339 4126 liberos,
1372 4046 1436 4116 alii
1460 4047 1533 4116 suis
1556 4050 1723 4121 dentibus
1743 4076 1844 4123 senes
1861 4073 2024 4144 parentes
2039 4087 2102 4154 per
2126 4091 2183 4139 sa-

140 4151 301 4227 llenrico
331 4151 561 4246 lmperatori3
602 4173 699 4221 nunc
725 4149 892 4245 cogitate,
931 4171 978 4217 an
1008 4147 1138 4219 iustam
1189 4148 1313 4219 crificii
1335 4148 1486 4241 speciem
1506 4150 1751 4236 laniaverunt,
1784 4151 1990 4232 huiusmodi
2018 4181 2182 4258 portenta

139 4280 282 4330 uuum
312 4255 521 4328 deiectionis
549 4249 788 4325 habuerimus.
845 4247 921 4321 Nec
950 4263 1030 4342 post
1061 4273 1138 4319 eam
1188 4250 1394 4344 superstitio
1417 4251 1528 4342 parit,
1556 4255 1621 4323 sed
1644 4249 1730 4327 hacc
1749 4282 1943 4350 paucorum
1966 4272 2073 4338 caede
2095 4296 2182 4343 cou-

140 4382 264 4432 vooem
285 4358 351 4429 diu
369 4372 543 4451 superstes
565 4356 653 4439 fuit,
678 4357 740 4425 sed
757 4378 800 4424 ex
815 4352 962 4422 vulnere
976 4366 1138 4422 mortuus
1189 4366 1285 4424 tenta
1300 4366 1370 4439 est,
1398 4353 1435 4421 in
1452 4353 1556 4423 bellis
1570 4358 1681 4429 saevit
1695 4361 1866 4446 atrocius,
1897 4366 1961 4435 ubi
1982 4373 2093 4441 multa
2115 4369 2181 4445 ho-

142 4476 201 4535 εει.
262 4458 364 4551 Quid
392 4474 510 4531 autem
542 4458 686 4552 querela
710 4456 772 4527 illa
797 4455 958 4526 acerbius
990 4454 1138 4546 cogitari
1188 4455 1327 4525 minum
1343 4455 1457 4524 millia
1480 4456 1586 4527 simul
1608 4460 1851 4544 trucidantur,
1885 4469 1947 4539 ubi
1966 4476 2180 4561 parentesiu

141 4563 279 4658 potest?
316 4560 383 4636 Est
397 4563 554 4657 aliquid,
580 4559 717 4650 magnis
733 4559 867 4628 crimen
886 4560 1007 4628 abesse
1022 4557 1138 4641 malis,
1188 4558 1340 4641 liberos,
1365 4558 1430 4627 filii
1452 4557 1491 4628 iu
1505 4574 1686 4651 parentes,
1711 4567 1852 4655 cognati
1873 4568 1910 4636 in
1926 4587 2093 4660 cognatos
2109 4566 2190 4646 fer-x

141 4682 181 4739 qq
204 4668 270 4738 5119
293 4665 431 4760 inquit,
463 4680 498 4736 et
521 4663 726 4756 plenissima
744 4660 940 4731 consolatio
958 4658 1137 4730 estiure·
1188 4684 1269 4729 rum
1300 4660 1495 4754 aliquando
1529 4665 1720 4752 stringunt.
1789 4666 1894 4739 Nulla
1923 4679 2179 4764 propemodum

142 4769 206 4841 bns
220 4771 399 4854 adversis,
423 4790 523 4837 mens
536 4766 606 4835 sibi
622 4767 711 4835 bene
726 4762 875 4838 conscia.
929 4761 1137 4833 Atistede-
1176 4775 1281 4832 aetas
1303 4763 1349 4832 ab
1372 4757 1438 4832 hac
1458 4778 1553 4854 peste
1576 4767 1644 4837 mit
1666 4768 1850 4839 immunis.
1907 4771 1977 4843 Sed
1999 4792 2044 4847 ut·
2063 4795 2179 4852 vetera

141 4873 287 4963 plorans
309 4864 378 4942 hoc
400 4871 509 4940 modo
533 4892 636 4938 suum
657 4868 790 4951 latum,
822 4866 979 4957 prolecto
1002 4864 1137 4954 signifi·
1189 4865 1348 4957 exempla
1363 4864 1587 4948 omittamus,
1612 4864 1744 4939 abhinc
1764 4872 1920 4942 triennio
1940 4900 2046 4967 quam
2061 4875 2182 4953 horri-
2267 4902 2276 4921 ’

142 4975 231 5047 mit
255 4997 293 5044 ω
313 4972 464 5057 gemite,
495 4995 561 5041 ,uo
587 4970 732 5051 scelere,
767 4991 900 5060 suaque
923 4968 1026 5059 culpa
1049 4990 1138 5051 con·
1188 4966 1271 5037 bilis
1286 4980 1421 5049 motus,
1446 4985 1618 5062 quantum
1634 4971 1843 5042 'incendium
1859 4976 1978 5047 subito
1995 5001 2181 5064 exarserat,

142 5091 287 5149 tractam
305 5097 379 5146 esse
401 5075 648 5145 calamitatem.
699 5069 847 5141 Nullum
866 5084 983 5141 antem
998 5068 1136 5161 suppli·
1188 5092 1268 5138 cum
1301 5070 1428 5159 vulgus
1463 5095 1562 5142 arma
1605 5076 1774 5145 adversus
1807 5074 2037 5167 Magistratus
2071 5088 2181 5179 cepit,

142 5179 256 5263 cinm,
291 5178 385 5249 nulli
412 5177 605 5259 cruciatus,
646 5173 808 5268 quamvis
841 5169 1051 5256 horribiles,
1091 5171 1137 5239 ad
1188 5170 1290 5240 cuius
1303 5172 1478 5243 tumultus
1492 5197 1599 5269 quam
1620 5176 1926 5250 fueritluctuosus
1945 5184 2080 5266 exitus,
2104 5212 2180 5259 non

143 5275 250 5352 huius
264 5280 402 5351 doloris
415 5279 659 5361 acerbitatem,
681 5298 786 5370 quem
801 5275 1036 5368 turpitudinis
1050 5296 1138 5343 con·
1189 5272 1378 5363 ignoratis:
1411 5273 1472 5345 Sic
1493 5276 1590 5346 enim
1611 5278 1826 5371 accepimus,
1861 5306 1958 5354 caesa
1978 5310 2052 5356 esse
2074 5311 2180 5380 supra

144 5380 289 5454 scientia
313 5383 417 5466 facit,
454 5380 662 5451 conserendi
691 5391 784 5451 sunt.
850 5374 1008 5469 Exposui
1035 5375 1137 5445 vobis
1187 5389 1329 5445 centum
1352 5375 1464 5445 millia
1485 5372 1685 5450 hominum.
1736 5380 1839 5470 Quae
1863 5408 1918 5454 res
1932 5402 1995 5458 aut
2008 5389 2077 5458 alia
2094 5393 2180 5460 sim-

143 5477 328 5558 bistociam
350 5508 426 5555 non
447 5498 489 5555 ut
509 5484 701 5567 debebam,
736 5482 797 5551 sed
819 5494 860 5553 ut
880 5479 994 5574 potui.
1044 5477 1137 5549 Nam
1187 5477 1297 5570 plices
1312 5472 1595 5651 homines1ipitio
1610 5482 1775 5575 decepit?
1805 5510 1973 5580 quaeres
1986 5489 2181 5567 aliaindu.
