4664 6022
155 326 233 405 453
766 325 925 406 DECL.
961 324 1037 405 DE
1070 320 1216 403 VITA
1247 319 1594 403 AUGUSTlNl.
2125 329 2201 410 454

152 501 321 598 Utraque
346 516 420 575 arte
443 525 533 597 opus
555 516 606 576 est
632 503 664 574 ei
679 500 775 590 viro',
801 505 863 600 qui
880 518 1016 598 praeest
1030 499 1154 575 Eccle-
1307 495 1469 571 Ornatus
1483 512 1533 570 est
1541 494 1762 590 Augustinus
1776 500 1956 575 miraculis
1972 504 2196 602 quibusdam,

150 607 246 692 siae,
273 619 314 677 ut
339 607 383 676 sit
406 608 450 676 ad
471 609 670 678 docendum
684 607 853 690 idoneus,
878 633 919 678 ac
938 611 1097 701 prudens
1113 607 1152 676 iu
1202 603 1338 696 expulit
1362 602 1577 683 Daemones,
1608 615 1643 672 et
1666 605 1836 696 quosdam
1858 619 2017 697 aegrotos
2044 612 2193 690 sanavit.

151 708 358 779 iudicandis
380 711 550 799 negociis,
582 710 621 782 in
645 711 810 782 cavendis
826 711 966 780 insidiis
986 713 1152 780 adversa-
1201 704 1272 778 Sed
1297 701 1383 776 haec
1405 718 1488 776 sunt
1509 705 1613 794 longe
1629 708 1882 796 praestantiora
1900 709 2088 799 miracula,
2112 737 2193 786 sue·
2232 788 2237 795 ,

150 811 312 896 riorum,
337 810 376 880 in
392 815 524 883 tuenda
540 813 799 908 tranquillitate
815 809 1005 887 Ecclesiae.
1054 810 1152 882 Haec
1201 831 1317 879 cessus
1338 808 1376 877 in
1397 806 1670 898 gubernatione,
1703 821 1737 879 et
1756 804 1840 880 haec
1862 811 1987 883 iudicii
2003 815 2190 900 rectitudo,

150 937 235 983 cum
265 914 479 1005 praestiterit
507 915 744 1006 Augustinus,
784 917 887 987 lateri
919 937 1059 986 necesse
1089 928 1151 1000 est,
1200 925 1232 981 et
1248 910 1329 982 fidei
1344 909 1557 995 constantia,
1583 911 1678 1004 quod
1692 911 1783 983 vidit
1797 910 1899 982 Pauli
1916 918 2126 988 sententiam
2146 921 2191 992 de

151 1016 246 1085 bene
274 1017 441 1086 meritum
476 1038 549 1087 esse
579 1021 625 1088 de
652 1014 810 1088 Ecclesia
838 1012 991 1105 Christi;
1030 1018 1148 1089 lucent
1199 1013 1292 1102 lege,
1318 1015 1363 1081 de
1386 1027 1546 1105 peccato,
1573 1015 1617 1083 de
1638 1011 1774 1084 iusticia
1792 1016 1891 1102 fidei,
1914 1030 1947 1089 et
1961 1041 2091 1109 magno
2108 1022 2190 1091 ani-

150 1118 249 1186 enim
274 1118 350 1189 eius
370 1119 475 1204 fides,
508 1121 726 1205 constantia,
759 1121 967 1213 prudentia,
997 1120 1148 1210 vigilan·
1199 1116 1248 1183 mi
1270 1115 1399 1185 robore
1429 1128 1549 1185 contra
1574 1129 1729 1206 receptas
1750 1119 1995 1207 persuasiones
2019 1123 2190 1201 defendit.

149 1219 221 1305 tia,
256 1218 295 1288 in
329 1220 403 1290 illis
434 1222 649 1295 turbulentis
671 1224 827 1312 negociis
856 1223 1041 1308 omnibus,
1073 1223 1148 1293 eius
1199 1214 1314 1287 Tanta
1334 1218 1449 1288 fuerat
1473 1218 1602 1307 caligo,
1626 1231 1666 1287 ut
1680 1241 1745 1288 nec
1760 1222 1933 1291 sermonis
1951 1244 2063 1314 genus
2077 1224 2115 1294 in
2133 1249 2209 1299 sa-‘

148 1322 337 1414 temporis.
1198 1319 1266 1388 cris
1295 1319 1408 1389 literis
1442 1320 1709 1411 intelligeretur.
1776 1319 1872 1393 Haec
1902 1324 1979 1416 ipsa
2004 1326 2188 1415 vocabula,

254 1421 325 1494 Sed
341 1426 467 1496 incidit
483 1439 568 1498 tunc
583 1429 757 1523 quaedam
781 1451 903 1515 causa,
927 1428 1050 1522 inqua
1069 1450 1147 1496 ma·
1197 1445 1287 1515 quae
1304 1435 1388 1493 sunt
1402 1422 1590 1515 praecipua
1613 1423 1652 1491 in
1669 1418 1845 1511 Ecclesia,
1870 1449 1958 1520 quas
1974 1451 2030 1498 res
2044 1432 2189 1522 proprie

145 1525 245 1596 xime
269 1527 401 1599 eminet
423 1529 498 1598 eius
514 1530 668 1600 eruditio
687 1530 899 1623 spiritualis,
925 1533 1018 1601 etad
1039 1553 1145 1625 quam
1196 1524 1451 1614 significarent,
1495 1524 1742 1615 ignorabatur,
1795 1525 1887 1613 Lex,
1934 1525 2190 1623 Evangelium,

144 1627 289 1722 reliqua
320 1631 510 1701 certamina
534 1631 703 1705 videntur
729 1635 828 1729 quasi
851 1635 1023 1729 quaedam
1044 1634 1147 1703 rudi·
1196 1641 1397 1718 peceatum,
1433 1628 1563 1717 gratia,
1601 1627 1704 1713 fides,
1733 1628 1854 1716 litera,
1887 1630 2044 1727 spiritus.
2110 1631 2189 1707 Hae

144 1744 272 1800 menta
301 1731 422 1803 luisse.
482 1732 524 1802 ln
554 1728 620 1805 hac
649 1736 824 1827 peculiare
847 1735 1057 1806 beneficium
1078 1732 1146 1805 Dei
1196 1742 1313 1800 tantae
1344 1731 1510 1801 tenebrae
1543 1731 1709 1823 depulsae
1736 1745 1819 1802 sunt
1845 1729 2038 1825 Augustini
2065 1737 2189 1829 ¹opera,

143 1832 385 1924 conspicitur,
409 1837 505 1929 quod
520 1860 585 1928 per
605 1836 843 1927 Augustinum
858 1836 954 1909 Deus
968 1834 1147 1908 Ecclesiae
1196 1830 1259 1924 qui
1281 1831 1425 1926 quidem
1450 1833 1529 1903 illas
1549 1845 1663 1903 tantas
1685 1857 1741 1904 res
1762 1839 1960 1928 perspicere
1981 1853 2016 1908 et
2030 1839 2189 1912 iudicare

144 1934 336 2029 praestitit.
389 1933 661 2032 Fuitquispiam
674 1939 855 2031 Pelagius,
880 1933 1146 2032 Philosophiae,
1192 1958 1271 2003 non
1280 1933 1470 2026 potuisset,
1496 1935 1567 2006 nisi
1582 1935 1743 2007 exercitia
1757 1939 1949 2029 peculiaria
1964 1941 2109 2032 spiritus
2126 1945 2190 2015 de-

144 2051 191 2109 ut
206 2037 374 2124 arbitror,
389 2040 580 2126 studiosus,
593 2039 1146 2134 quidumaccommodareChri-
1195 2047 1375 2127 gustasset.
1426 2035 1649 2110 Cumautem
1668 2039 1819 2111 maxime
1837 2064 1926 2134 opus
1940 2042 1986 2114 sit
2000 2039 2191 2134 Ecclesiae,

144 2140 301 2211 stianam
344 2141 544 2212 doctrinam
584 2146 629 2213 ad
664 2139 934 2236 Philosophiam
977 2157 1145 2230 conatur,
1197 2162 1277 2209 vera
1313 2140 1458 2212 illorum
1492 2141 1652 2211 locorum
1689 2143 1940 2237 explicatione,
1989 2147 2089 2219 decet
2121 2173 2188 2220 nos

149 2254 267 2312 astute
288 2245 447 2336 corrupit
480 2246 574 2336 piam
603 2247 815 2322 doctrinam.
873 2244 1004 2318 Docuit
1033 2248 1143 2336 legem
1194 2265 1318 2313 omnes
1344 2266 1533 2333 agnoscere
1557 2240 1626 2314 Dei
1659 2243 1889 2333 beneficium,
1923 2248 2024 2320 cuius
2051 2251 2187 2321 donum

147 2342 221 2416 Dei
250 2366 351 2435 posse
383 2346 541 2438 impleri:
580 2349 729 2438 gratiam
762 2347 968 2439 Evangelii,
1005 2362 1143 2419 tantum
1195 2357 1287 2426 erat,
1321 2346 1505 2416 doctrinae
1525 2345 1721 2417 renovatio.
1783 2344 1942 2420 Debetur
1964 2363 2000 2421 et
2019 2351 2087 2443 ipsi
2110 2352 2188 2424 Au·

143 2468 224 2518 esse
240 2445 326 2537 legis
341 2449 596 2539 cognitionem:
621 2464 783 2522 naturam
800 2447 957 2521 hominis
969 2453 1143 2542 integram
1193 2448 1335 2536 gustino
1360 2448 1491 2538 gratia,
1521 2449 1584 2544 qui
1606 2447 1719 2519 literis
1739 2452 1923 2522 mandavit
1939 2476 2057 2522 veram
2076 2454 2188 2525 inter-

144 2570 223 2620 esse
239 2571 280 2617 ac
297 2550 375 2619 sine
393 2565 549 2643 peccato:
576 2548 740 2623 homines
758 2555 868 2624 iustos
882 2568 914 2624 et
932 2555 1052 2624 beatos
1070 2576 1144 2623 esse
1193 2550 1428 2641 pretationem
1446 2566 1487 2621 ut
1507 2551 1746 2643 posteritatem
1767 2555 1984 2625 admoneret.
2045 2554 2128 2627 Dixi
2144 2559 2189 2628 de

141 2651 235 2743 legis
256 2649 483 2744 impletione,
520 2669 554 2726 et
573 2650 639 2726 bac
655 2656 784 2726 mereri
800 2656 1045 2727 remissionem
1062 2681 1142 2750 pec·
1193 2651 1383 2744 praecipuo
1408 2651 1602 2745 Augustini
1629 2653 1776 2741 merito,
1816 2657 1876 2725 sed
1907 2655 2052 2727 brevius
2080 2682 2188 2753 quam

141 2767 320 2826 catorum.
370 2753 485 2841 Haec,
512 2759 595 2851 qnia
609 2759 797 2830 videbatur
810 2756 1045 2850 Evangelium
1061 2759 1143 2852 pul·
1194 2754 1401 2845 magnitudo
1423 2757 1474 2825 rei
1502 2755 1713 2849 postulabat.
1775 2755 1885 2847 Quod
1910 2771 2028 2830 autem
2051 2760 2089 2828 in
2115 2775 2187 2832 tam

141 2851 232 2929 chre
257 2858 451 2945 congruere
472 2883 552 2929 cum
575 2856 808 2955 Philosophia
826 2877 859 2933 et
882 2863 1015 2953 iudicio
1033 2863 1142 2933 ratio·
1193 2858 1399 2928 difficilibus
1435 2858 1737 2951 disputationibus
1775 2859 1953 2931 interdum
1994 2859 2188 2955 improprie

139 2960 220 3044 nis,
254 2980 384 3049 magno
418 2985 497 3031 cum
526 2962 654 3054 plausu
681 2965 945 3057 excipiebantur
966 2965 1005 3033 in
1030 2963 1143 3051 ltalia,
1193 2972 1254 3030 aut
1290 2960 1514 3032 incommode
1554 2962 1732 3055 loquitur,
1772 2963 1876 3033 venia
1906 2964 1939 3033 ei
1969 2965 2087 3036 danda
2119 2978 2187 3038 est:

142 3058 269 3133 Gallia
288 3074 323 3132 et
338 3059 470 3135 Africa.
504 3063 717 3161 Posidonius
733 3083 867 3154 narrat,
893 3064 1141 3138 Innocentium
1193 3061 1413 3154 Temporum
1442 3064 1508 3134 ista
1531 3076 1643 3133 erant.
1700 3061 1792 3133 Nam
1814 3077 1907 3135 aetas
1927 3067 1988 3136 illa
2011 3069 2122 3160 magis
2142 3071 2188 3138 ad

138 3161 352 3237 Romanum
377 3161 595 3257 Episcopum
617 3168 723 3239 initio
752 3169 856 3238 etiam
878 3191 953 3238 non
976 3169 1141 3262 iniquum
1192 3163 1476 3233 declamatoriam
1498 3164 1671 3235 rationem
1690 3165 1852 3252 dicendi,
1884 3192 1990 3262 quam
2014 3171 2058 3238 ad
2084 3180 2187 3240 ac'cu-

140 3267 256 3338 fuisse
277 3263 432 3355 Pelagio.
494 3268 586 3339 Sunt
619 3272 712 3339 enim
746 3295 785 3340 cx
809 3295 849 3340 eo
876 3293 1021 3360 genere,
1054 3294 1142 3364 quae
1192 3279 1286 3334 ratas
1300 3265 1558 3357 disputationes
1574 3266 1763 3336 assuefacta
1785 3281 1877 3353 erat,
1903 3284 1937 3340 et
1952 3269 2094 3340 difficile
2111 3288 2185 3344 erat

146 3380 254 3437 vocat
272 3363 406 3438 Paulus
425 3367 590 3457 πιθανὰ,
623 3396 712 3465 quae
736 3373 973 3443 blandiuntur
999 3373 1142 3445 rationi.
1193 3392 1233 3437 ex
1247 3367 1355 3437 tantis
1379 3370 1534 3438 tenebris
1556 3369 1721 3439 materias
1737 3368 1817 3438 illas
1839 3372 2012 3444 evolvere.
2063 3370 2187 3444 Rebus

150 3466 226 3539 Sed
247 3492 336 3539 unus
359 3470 579 3560 Augustinus
602 3498 676 3543 non
700 3476 814 3546 sotum
838 3474 930 3544 vidit
952 3475 1037 3568 quid
1055 3488 1142 3545 esset
1192 3493 1276 3538 vero
1291 3464 1387 3539 baud
1405 3471 1513 3540 dubie
1528 3493 1673 3563 prorsus
1694 3472 1875 3561 congruit,
1902 3496 1981 3542 cum
1999 3468 2187 3561 sententia.

146 3568 255 3655 mali,
284 3575 345 3642 sed
370 3575 476 3644 etiam
500 3599 627 3666 magno
652 3579 769 3649 studio
803 3577 955 3647 refutare
985 3601 1141 3647 errorem
1193 3595 1283 3668 quae
1299 3568 1367 3642 Dei
1380 3572 1549 3642 beneficio
1571 3592 1694 3642 rursus
1716 3571 1834 3644 illuxit
1852 3572 1891 3645 in
1908 3569 1974 3644 hac
1990 3570 2127 3663 schola,
2154 3593 2189 3651 et

143 3672 275 3765 coepit.
326 3671 651 3774 CoegitSynodos‚
683 3680 792 3750 edidit
818 3679 970 3771 plurima
1000 3680 1141 3769 scripta,
1194 3675 1338 3772 quidem
1367 3675 1445 3766 ipso
1474 3687 1707 3748 monstrante.
1766 3669 1908 3747 Omitto
1937 3702 2043 3770 quam
2075 3679 2187 3755 multa

142 3775 333 3869 inquibus
349 3801 438 3868 pene
455 3781 626 3870 sepultam
644 3783 840 3851 doctrinam
857 3784 900 3851 de
915 3782 1025 3872 gratia
1035 3778 1144 3851 Chri·
1193 3779 1388 3872 prudenter
1408 3792 1441 3850 et
1455 3779 1576 3848 dextre
1593 3777 1816 3870 responderit
1832 3781 1876 3848 de
1891 3780 1999 3850 variis
2015 3781 2187 3871 negociis:

142 3878 193 3950 sti
208 3880 415 3960 renovavit,
450 3904 490 3948 ac
505 3883 771 3953 restituitillam
788 3884 999 3976 peculiarem
1018 3880 1143 3954 Ecclc-
1192 3875 1441 3973 Reprehendit
1469 3879 1727 3972 superstitiosas
1750 3880 1936 3971 opiniones
1957 3884 2001 3951 de
2025 3883 2189 3955 traditio·

143 3982 220 4051 siae
236 3980 461 4072 sapientiam,
486 3985 529 4052 de
548 3983 686 4055 iusticia
700 3986 800 4071 fidei,
827 3987 981 4075 ignotam
998 3988 1144 4059 mundo.
1194 3983 1300 4053 nibus
1330 3977 1513 4068 humanis,
1553 3994 1674 4051 monet
1705 4004 1779 4053 nou
1807 4005 1880 4051 esse
1904 3984 2019 4053 cultus
2041 3983 2126 4070 Dei,
2154 3999 2189 4057 et

143 4078 204 4155 De
232 4096 375 4173 peccato
400 4084 550 4172 originis
572 4086 700 4156 clarius
725 4088 883 4180 scripsit,
922 4111 1028 4181 quam
1062 4101 1144 4158 ante
1194 4085 1271 4156 sine
1292 4097 1433 4176 peccato
1458 4084 1574 4156 omitti
1597 4106 1709 4175 posse.
1766 4080 1926 4174 Apparet
1945 4099 2190 4181 tuncquoque

143 4187 267 4279 ipsum
282 4185 470 4276 scriptores
483 4210 616 4258 omnes.
670 4184 844 4280 Origenes
865 4191 1045 4261 invexerat
1063 4212 1144 4280 per·
1195 4188 1374 4257 dubitasse
1390 4186 1541 4271 multos,
1566 4185 1653 4280 quid
1672 4185 1717 4254 de
1732 4184 1859 4256 militia
1883 4200 1917 4258 et
1931 4187 2096 4258 civilibus
2111 4189 2190 4258 offi-

144 4287 305 4358 niciosas
318 4287 627 4380 interpretationes
643 4290 680 4359 iu
699 4287 894 4362 Ecclesiam
910 4295 955 4361 de
971 4293 1061 4381 lege:
1088 4288 1144 4360 Ex
1194 4289 1258 4360 ciis
1282 4289 1506 4359 sentiendum
1526 4302 1632 4373 esset3
1667 4287 1903 4378 interrogatus
1934 4289 2042 4380 igitur
2062 4288 2189 4381 Augu.

144 4390 226 4480 lege
242 4412 317 4457 uon
334 4389 582 4461 iustificabitur
596 4394 713 4461 omnis
730 4418 826 4479 caro,
847 4394 884 4462 id
903 4405 965 4478 est,
989 4417 1030 4462 ex
1047 4416 1144 4463 cere·
1195 4390 1309 4462 stinus
1326 4404 1419 4460 recte
1435 4403 1469 4459 et
1486 4392 1605 4460 dextre
1619 4389 1815 4480 respondit.

146 4490 295 4565 moniis.
349 4489 455 4562 ltem:
488 4493 608 4579 litera,
632 4495 668 4563 id
690 4509 758 4580 cst,
783 4490 952 4566 historica
969 4496 1145 4587 interpre-
1295 4490 1477 4575 Hactenus
1498 4507 1634 4564 tantum
1661 4504 1700 4561 ut
1722 4490 1911 4562 Doctorem
1934 4491 2096 4573 laudavi,
2123 4496 2189 4564 etsi
2275 4486 2278 4491 ¹

144 4593 258 4678 tatio,
289 4593 433 4680 occidit3
467 4592 641 4685 Spiritus,
674 4597 794 4682 idest,
819 4598 985 4689 allegoria
1003 4601 1048 4668 de
1066 4622 1146 4667 mo·
1195 4590 1283 4665 haec
1297 4593 1440 4688 quidem
1465 4593 1654 4685 praecipua
1668 4589 1837 4686 Episcopi
1859 4594 1936 4663 laos
1953 4606 2023 4679 est,
2050 4596 2190 4664 nonde

145 4696 273 4780 ribus,
292 4695 457 4767 vivificat
491 4693 567 4767 llos
584 4698 702 4791 lapsus
719 4694 987 4790 Origenistunc
1003 4722 1146 4795 quoque
1196 4696 1341 4769 caeteris
1356 4694 1547 4767 virtutibus
1565 4695 1659 4777 dixi,
1686 4718 1775 4789 quae
1792 4696 1832 4763 in
1851 4695 2106 4785 gubernatione
2120 4720 2192 4768 ne-

146 4818 322 4888 magnum
360 4798 558 4889 periculum
600 4817 675 4873 erat
721 4796 995 4894 reprehendere:
1044 4815 1147 4873 eraut
1197 4798 1488 4880 remansesunt,
1520 4800 1682 4868 nondum
1706 4800 1750 4866 de
1773 4796 1920 4888 privatis
1940 4797 2118 4870 moribus:
2144 4800 2190 4869 de

148 4900 250 4972 enim
283 4893 350 4969 bae
381 4899 693 4993 interpretationes
724 4904 853 4995 passim
887 4917 1064 4995 receptae,
1111 4916 1147 4974 et
1197 4901 1356 4995 utrisque
1372 4899 1579 4970 brevissime
1594 4900 1721 4972 dicam.
1760 4895 1801 4966 ln
1816 4898 2071 4991 gubernatione
2087 4924 2191 4992 prae-

147 5000 334 5074 mordicus
363 5003 585 5075 tenebantur.
650 5002 771 5094 Quare
806 5004 912 5096 plane
947 5000 1147 5098 prophetici
1197 5003 1301 5095 eipua
1316 5003 1393 5072 laus
1408 5014 1461 5073 est
1480 5001 1656 5085 iusticiae,
1679 5022 1770 5094 quae
1791 5001 1847 5071 vel
1871 5002 2057 5076 severitate
2077 5000 2192 5074 utitur

148 5104 299 5198 spiritus
319 5104 406 5189 fuit,
439 5129 551 5174 unum
576 5107 692 5176 virum
721 5120 755 5178 et
779 5108 900 5178 videre
917 5101 982 5178 hos
999 5131 1147 5188 errores,
1198 5128 1279 5176 cum
1302 5125 1406 5174 causa
1429 5102 1602 5194 postulat,
1634 5102 1691 5170 vel
1722 5102 1885 5188 lenitate,
1916 5127 1998 5175 eum
2029 5099 2116 5176 haec
2139 5117 2193 5175 est

149 5203 315 5277 etPaulo
335 5207 483 5276 reddere
498 5209 688 5296 genuinam
705 5211 937 5296 sententiam,
962 5223 998 5281 et
1019 5213 1149 5281 audere
1197 5206 1333 5280 utilior.
1383 5200 1462 5276 Etsi
1477 5218 1593 5276 autem
1608 5198 1787 5274 nihilfuit
1803 5203 1843 5273 iu
1857 5199 2050 5299 Augustini
2065 5218 2194 5276 natura

149 5334 171 5378 a
198 5307 341 5378 iudiciis
361 5309 584 5401 superiorum
608 5311 810 5382 dissentire:
838 5313 928 5382 sicut
947 5312 1094 5404 plurimi
1115 5310 1148 5381 ei
1199 5306 1445 5404 tyrannicum,
1477 5318 1595 5378 tamen
1618 5306 1668 5376 its
1691 5302 1784 5375 lenis
1803 5303 1891 5387 tuis,
1924 5320 1966 5380 ut
1989 5329 2063 5376 non
2086 5304 2214 5375 nimios

150 5408 380 5496 obieeemnt,
404 5434 467 5480 cur
481 5433 575 5482 unus
585 5416 729 5483 auderet
742 5413 909 5504 refragari
924 5416 1148 5506 superiorum
1200 5423 1291 5482 esset
1311 5408 1502 5500 indulgens
1525 5422 1596 5489 aut,
1608 5409 1741 5492 lentus,
1773 5420 1815 5478 ut
1841 5407 1923 5481 satis
1942 5408 2135 5479 declaravit
2153 5407 2194 5477 iu

152 5511 361 5597 sententiis,
384 5534 514 5603 magno
529 5536 704 5587 consensu
723 5515 951 5588 confirmatis.
1199 5510 1323 5586 moltis
1346 5512 1471 5584 csusis.
1527 5506 1798 5583 Calsmensibos
1819 5508 1883 5603 qui
1899 5509 2065 5583 seditiose
2078 5512 2195 5602 impe·

1472 5605 1558 5689 290
