4664 6022
145 268 197 345 ss
660 263 821 340 nncn.
852 262 931 339 nn
962 262 1199 340 sronns
1232 256 1654 349 rnnonomcxs.
1975 335 1977 339 Α
2071 223 2074 230 ’
2125 266 2175 341 ts

140 443 269 514 fuisset
284 442 423 534 lapsus,
448 453 534 510 tunc
549 462 670 510 omnes
684 438 834 529 posteri,
866 452 900 509 et
915 434 1079 508 homines
1095 462 1136 508 ex
1188 438 1284 531 quod
1316 436 1416 531 quasi
1447 436 1574 527 figulus
1605 440 1855 514 candelabrum
1888 441 1989 512 linxit
2016 450 2175 533 pateret

141 571 184 614 eo
214 544 306 628 orti,
343 534 453 638 φύσει
481 541 628 612 luissent
654 537 845 631 Theologi:
886 556 961 611 tum
989 541 1136 611 vidisses
1188 539 1284 610 Deos
1304 553 1434 609 noster.
1492 538 1632 610 Deinde
1653 541 1743 613 Cain
1765 560 1798 614 et
1815 545 1929 615 Habel
1954 544 2112 636 parvuli,
2140 554 2175 611 et

141 661 259 718 totum
275 645 400 714 orbem
415 657 588 715 terrarum
604 638 806 712 nibilalind
820 666 911 725 esse,
934 667 1040 737 quam
1056 666 1135 733 spa·
1188 636 1303 710 adhuc
1323 642 1362 710 in
1381 641 1483 711 cunis
1504 656 1698 732 reptantes,
1720 660 1782 716 aut
1800 648 1960 717 alacriter
1974 647 2174 717 circumvo-

140 749 276 817 ciosam
319 743 500 837 quandam
537 769 578 814 ac
617 745 938 837 frequentissimam
979 740 1135 815 scholam
1187 743 1301 813 lantes
1328 744 1467 834 potius,
1499 745 1636 836 quoties
1659 740 1805 815 herbam
1835 748 1990 841 aliquam
2012 751 2174 832 odoram,

141 845 421 936 Theologicam,
453 847 491 914 in
522 848 599 937 ipso
628 846 807 938 paradiso,
842 846 943 938 quasi
966 846 1005 915 in
1030 841 1135 916 horto
1188 846 1325 937 quoties
1347 845 1478 913 violam
1504 859 1565 916 aut
1587 871 1720 931 rosam,
1750 849 1887 940 thoties
1908 873 2053 939 pomum
2068 872 2174 938 gene-

140 953 321 1044 quodam,
369 959 430 1017 aut
477 947 617 1038 porticu
657 944 929 1038 Philosophiae,
978 947 1135 1017 mirabili
1187 971 1326 1033 rosum,
1358 948 1501 1018 botrum
1532 962 1593 1017 aut
1624 972 1710 1017 uvas
1738 952 1969 1040 aspexissent,
2001 973 2075 1017 non
2099 950 2175 1017 sine

142 1051 379 1133 amoenitate,
406 1050 532 1138 passim
555 1050 844 1128 consedentibus,
869 1050 1135 1120 obambulanti·
1186 1048 1441 1119 iucnndissimo
1474 1072 1580 1118 sensu
1613 1050 1773 1121 infinitae
1805 1065 1839 1121 et
1872 1049 2175 1141 inperserutnbilis

144 1158 204 1223 bus
227 1166 284 1222 tot
310 1149 513 1240 discipulis,
547 1174 699 1242 qnorum
721 1144 997 1247 συμφιλόσοφοι
1020 1163 1135 1222 essent
1186 1151 1355 1220 bonitatis
1373 1162 1406 1219 et
1420 1151 1612 1239 sapientiae
1628 1151 1712 1235 Dei,
1736 1154 1959 1243 cogitassent:
1991 1146 2076 1221 haec
2092 1162 2175 1220 sunt

150 1254 291 1344 Angeli,
326 1277 477 1344 qnorum
507 1251 673 1321 dominus
706 1266 740 1320 et
764 1253 929 1341 magister
948 1267 1037 1323 esset
1060 1253 1134 1342 ipse
1187 1255 1279 1321 dona
1302 1253 1416 1320 nostri
1446 1252 1544 1322 illius
1570 1251 1704 1339 Patris,
1737 1250 1795 1324 hic
1819 1258 1925 1335 odor,
1956 1250 2016 1322 hic
2038 1275 2174 1336 succus,

147 1354 252 1426 Dens:
288 1354 438 1423 vidisses
457 1354 651 1422 masculum
675 1367 708 1422 et
725 1354 974 1440 foeminam'in
997 1378 1133 1424 summa
1186 1378 1292 1445 opera
1328 1367 1412 1423 sunt
1446 1355 1605 1424 coelestis
1642 1359 1800 1425 dextrae:
1849 1353 1956 1426 hnins
1984 1356 2078 1424 botri
2118 1342 2176 1424 vel

146 1458 321 1541 castitate,
361 1467 396 1524 et
425 1454 579 1546 puritate
606 1454 702 1524 dulci
729 1458 898 1547 quadam,
933 1471 967 1527 et
997 1457 1132 1526 sincera
1185 1480 1297 1526 unum
1328 1457 1535 1545 pampinum
1567 1481 1631 1546 ego
1659 1482 1732 1525 non
1765 1481 1899 1547 possem
1922 1459 2062 1544 lingere.
2126 1451 2175 1523 Et

144 1564 302 1654 στοργῇ,
338 1580 420 1624 vera
443 1557 595 1649 quadam
619 1571 654 1626 et
676 1559 828 1646 perfecta
849 1557 1019 1627 suavitate
1041 1559 1134 1628 vitae
1186 1571 1260 1626 tum
1281 1553 1395 1625 Adam
1413 1572 1447 1627 et
1463 1554 1538 1626 Eva
1555 1559 1696 1628 coelesti
1714 1561 1884 1652 quadam,
1915 1561 2017 1628 beata
2039 1570 2073 1625 et
2093 1579 2174 1625 sna·

143 1676 171 1730 ct
185 1684 352 1742 morum,
376 1656 505 1726 deDeo
520 1671 553 1725 et
568 1656 812 1747 operibusDei
826 1659 1016 1744 disserere,
1045 1683 1130 1729 con·
1185 1659 1328 1727 vissima
1355 1660 1640 1745 conversatione,
1680 1685 1753 1728 non
1784 1662 1885 1730 aliter
1915 1676 2019 1752 atque
2053 1656 2174 1726 tenelli

143 1761 312 1830 fabulari:
343 1758 489 1828 vidisses
517 1752 680 1826 homines
701 1774 857 1848 expertes
882 1762 1132 1852 calamitatum,
1185 1761 1248 1829 lilii
1271 1761 1338 1828 snb
1358 1762 1492 1829 blando
1515 1776 1676 1852 parente,
1711 1762 1749 1829 in
1775 1786 1911 1832 summa
1939 1760 2067 1831 fidncia
2093 1782 2174 1848 erga

143 1884 412 1943 aerumnarum,
446 1859 633 1942 tristiciae,
664 1860 806 1949 ignaros
827 1863 993 1932 funerum
1020 1877 1054 1932 et
1076 1886 1133 1932 se·
1184 1861 1321 1946 Deum,
1358 1861 1396 1930 in
1424 1885 1560 1932 summa
1587 1863 1796 1932 certitudine
1825 1877 1860 1933 et
1887 1862 2073 1934 dulcedine
2096 1885 2174 1930 cor-

144 1958 303 2056 pnlchri,
329 1963 493 2031 liberosa
509 1974 562 2031 tot
575 1963 771 2031 terroribus
785 1958 948 2042 Diaboli,
974 1965 1024 2032 ab
1035 1963 1132 2031 omni
1185 1964 1301 2059 dium,
1334 1962 1438 2032 illum
1461 1961 1577 2034 Deum
1603 1966 1723 2034 vivum
1746 1981 1780 2035 et
1801 1989 1924 2033 verum
1944 1988 2046 2035 suum
2065 1985 2173 2051 agno·

81 2112 85 2121 ·
144 2065 306 2144 tristitia,
334 2077 452 2147 metu,
484 2086 631 2154 pavore,
666 2077 701 2131 et
724 2062 883 2144 miseria,
908 2065 1132 2154 inperpetuo
1186 2066 1317 2133 vissent
1338 2066 1581 2149 conditorem,
1614 2067 1886 2150 nutricatorem,
1916 2079 2116 2157 parentem,
2140 2077 2174 2133 et

143 2166 269 2256 gaudio
287 2165 443 2257 Spiritus
463 2162 595 2247 sancti,
618 2164 896 2234 admirabundos
914 2164 1074 2258 quotidie
1089 2168 1133 2234 de
1183 2166 1376 2235 admodum
1387 2167 1572 2255 perspicua
1585 2167 1786 2255 cognitione
1796 2168 2067 2247 intellexissent,
2084 2190 2174 2257 quo·

144 2269 309 2359 operibus
324 2263 411 2350 Dei,
437 2264 731 2335 iucundissimum
748 2265 785 2333 in
801 2269 947 2336 modum
965 2267 1131 2359 colloqui.
1184 2269 1292 2335 modo
1314 2279 1366 2337 tot
1389 2267 1571 2355 magnilica
1595 2282 1630 2337 et
1652 2268 1862 2358 praestantia
1886 2295 2012 2360 opera,
2048 2279 2098 2336 tot
2115 2291 2173 2335 ex-

144 2368 220 2439 bon
240 2369 395 2438 luissent
415 2369 581 2435 tenebrae
601 2361 687 2452 hae,
710 2381 762 2437 tot
782 2382 934 2438 moestae
949 2369 1133 2457 cogitatio·
1185 2369 1348 2438 cellentes
1386 2381 1584 2452 creaturae,
1624 2393 1719 2437 mera
1749 2369 1956 2461 quotidiana
1992 2369 2173 2452 miracula,

144 2495 201 2541 nes
227 2485 265 2540 et
289 2493 395 2540 curae
427 2464 662 2538 humanarum
689 2469 882 2555 mentium,
901 2487 1006 2562 'quae
1036 2493 1132 2539 nunc
1166 2493 1279 2550 ,mera
1294 2469 1433 2557 specula
1449 2485 1583 2553 essent,
1606 2470 1644 2537 in
1663 2471 1792 2561 quibus
1806 2473 1923 2562 snlgor
1937 2470 2095 2539 infinitae
2111 2470 2173 2536 bo-

145 2586 239 2654 sunt,
266 2574 328 2641 sed
344 2571 464 2640 omnia
480 2570 582 2661 plena
600 2571 699 2649 luce,
722 2571 815 2654 vita,
839 2567 1037 2655 hilaritate,
1061 2572 1133 2640 lae-
1184 2572 1305 2641 nitatis
1322 2583 1357 2638 et
1379 2566 1556 2661 potentiae
1569 2568 1635 2639 Dei
1653 2574 1824 2642 redditur.
1883 2572 1974 2644 Nam
1994 2566 2173 2661 haecpul-

145 2675 221 2744 titia
251 2672 445 2742 ineffabili:
482 2683 517 2740 et
541 2671 757 2740 eiuscemodi
782 2674 944 2743 coelestia
971 2674 1132 2764 poe'mata
1185 2669 1359 2769 cherrima
1387 2696 1505 2741 rerum
1528 2668 1695 2741 machina
1717 2675 1756 2740 in
1781 2670 1848 2743 hoc
1870 2675 2013 2743 condita
2037 2686 2104 2756 est,
2135 2683 2174 2741 ut
2285 2684 2297 2707 ''

145 2776 328 2846 accantica
346 2776 389 2842 de
403 2770 480 2843 Deo
494 2787 528 2843 et
542 2770 788 2862 operibusDei
803 2773 1058 2871 (cuiuscemodi
1074 2775 1132 2844 vix
1185 2776 1230 2844 sit
1258 2786 1418 2859 aeterna,
1456 2772 1603 2843 mirifica
1632 2788 1667 2844 et
1704 2775 1904 2847 indelebilis
1942 2776 2097 2866 pictura,
2135 2771 2176 2839 in

143 2878 287 2946 summis
310 2870 543 2958 Patriarchis,
575 2871 724 2959 Davidi,
757 2889 791 2943 et
815 2877 992 2945 similibus
1008 2901 1133 2946 canere
1185 2901 1253 2969 qua
1279 2873 1375 2944 Dens
1402 2887 1436 2944 et
1458 2898 1564 2963 opera
1587 2874 1662 2945 eius
1689 2896 1898 2962 cernantur,
1928 2877 2019 2946 sicut
2042 2873 2175 2943 Paulus

144 2996 257 3069 postea
279 2980 404 3047 datum
430 2973 498 3070 est)
519 2991 594 3047 tum
620 2976 746 3045 bimuli
770 2977 941 3059 infantes,
968 2992 1003 3048 et
1018 2977 1132 3048 Habel
1184 2982 1227 3047 ad
1237 2975 1343 3049 Rom.
1353 2975 1493 3048 1.dicit.
1533 2974 1648 3046 Multa
1665 2993 1747 3047 sunt
1759 2981 1950 3049 admodum
1966 2981 2010 3047 de
2024 3003 2060 3047 se
2076 2976 2179 3064 signa

144 3081 311 3170 parvulus
330 3079 369 3147 in
387 3078 508 3162 cunis,
534 3077 628 3147 inter
642 3078 715 3167 ipsa
732 3080 924 3169 crepundia
942 3079 1133 3152 cecinisset.
1177 3080 1322 3162 dantia,
1343 3092 1378 3148 et
1392 3100 1551 3167 expressa
1566 3079 1709 3166 vestigia
1725 3081 1944 3164 divinitatis,
1967 3080 2004 3148 in
2023 3075 2087 3148 hac
2103 3090 2173 3147 tota

144 3180 226 3251 Nam
251 3180 324 3250 nisi
348 3204 367 3249 e
394 3180 492 3250 coelo
515 3201 682 3268 generosa
708 3180 769 3247 illa
794 3192 829 3249 et
853 3180 986 3251 nobilis
1008 3196 1133 3251 natura
1185 3179 1414 3250 universitate
1436 3203 1577 3264 rerum,
1608 3176 1886 3270 pulcherrimum
1903 3177 1971 3250 hoc
1990 3195 2023 3251 et
2039 3179 2175 3271 spacio-

84 3304 93 3315 ·
145 3277 318 3367 bominis,
361 3306 425 3373 per
456 3295 637 3372 peccatum
667 3280 816 3370 originis
848 3294 883 3351 et
913 3276 1132 3352 horrendum
1184 3307 1282 3367 sum,
1315 3293 1350 3350 et
1374 3294 1427 3351 tot
1452 3294 1626 3349 astrorum
1650 3281 1847 3351 luminibus
1871 3283 2077 3351 distinctum
2095 3304 2176 3348 coe-

146 3385 279 3477 lapsum
296 3380 415 3468 Adae,
440 3407 520 3452 cum
544 3382 583 3451 in
598 3382 774 3471 corporis,
798 3396 873 3452 tum
893 3384 1032 3452 animae
1045 3382 1134 3451 viri·
1182 3386 1279 3466 lum,
1304 3382 1428 3470 ingens
1450 3382 1510 3450 illa
1534 3383 1647 3449 moles
1662 3396 1794 3467 terrae,
1820 3397 1854 3452 ct
1870 3384 2014 3451 mirilica
2032 3383 2106 3450 eins
2125 3380 2176 3448 cl-

145 3487 393 3576 bns.corrupta
409 3498 516 3569 esset,
546 3483 716 3553 etlumen
733 3482 824 3552 illud
840 3478 1017 3554 humanae
1034 3507 1136 3551 men·
1185 3483 1356 3559 ficientia,
1384 3495 1419 3551 et
1433 3482 1470 3549 in
1485 3481 1584 3550 omni
1600 3504 1727 3571 genere
1743 3485 1974 3554 crescentium
1990 3480 2176 3552 foecundi-

81 3582 83 3587 ’
146 3590 182 3657 tis
205 3582 435 3666 hebetatum,
465 3599 539 3655 tum
563 3585 652 3654 mira
673 3587 825 3675 quadam
854 3585 927 3655 acie
950 3584 1079 3655 mentis
1101 3597 1136 3654 et
1186 3600 1257 3667 tas,
1289 3583 1427 3652 infinita
1450 3604 1541 3673 pene
1566 3584 1779 3673 magnitudo
1800 3587 1928 3668 maris,
1961 3599 1996 3655 et
2021 3583 2176 3653 inclusio

147 3691 350 3771 oculorum,
386 3702 504 3758 motus
543 3687 624 3754 illos
655 3682 836 3769 coelestes,
880 3688 982 3770 solis,
1018 3688 1136 3771 lunae,
1186 3708 1358 3780 aquarum
1382 3685 1478 3764 eius,
1509 3696 1550 3752 ut
1563 3683 1724 3754 Psalmns
1741 3687 1808 3771 ait,
1832 3689 1933 3780 quasi
1947 3686 1984 3754 in
2002 3699 2099 3770 utre,
2125 3696 2178 3753 tot

150 3792 368 3883 aliorumque
389 3788 544 3858 siderum
566 3802 659 3856 ratos
686 3786 992 3881 immutabilesque
1013 3812 1136 3858 cursus
1186 3788 1362 3872 volueres,
1395 3799 1447 3857 tot
1467 3806 1595 3874 genera
1618 3787 1852 3858 animantium
1875 3803 1910 3858 et
1932 3788 2098 3879 piscium,
2125 3798 2177 3856 tot

152 3906 215 3963 tam
231 3914 344 3984 prope
357 3887 472 3960 Adam
488 3902 577 3959 esset
593 3888 763 3972 intuitus,
787 3914 892 3982 quam
912 3913 1134 3961 noscurrum
1185 3886 1334 3972 herbae,
1366 3900 1421 3958 tot
1447 3880 1621 3972 remedia,
1654 3901 1752 3958 tanta
1784 3890 1822 3959 in
1845 3890 1974 3973 succis,
2006 3889 2177 3960 odoribus

153 3995 184 4063 in
209 4009 323 4077 terra,
354 4005 416 4062 aut
439 3993 558 4060 navim
579 3991 616 4058 in
639 3991 729 4058 mari
751 3993 940 4080 gubernari
964 3992 1135 4063 videmus.
1187 3992 1357 4074 varietas,
1387 4011 1475 4082 quos
1495 4011 1566 4057 una
1589 4002 1623 4059 et
1644 3992 1765 4058 eadem
1789 4004 1880 4060 terra
1904 3991 2057 4081 profert,
2086 4011 2177 4082 qnae

155 4091 194 4166 Et
215 4119 292 4165 non
313 4094 428 4163 solum
450 4093 697 4182 cognovissent
719 4105 793 4162 tum
812 4093 917 4183 primi
940 4093 993 4161 illi
1009 4116 1137 4183 paren·
1187 4091 1305 4161 omnia
1329 4115 1370 4159 ex
1394 4115 1468 4160 uno
1493 4093 1686 4183 eodemque
1706 4092 1934 4165 sobolescunt
1954 4093 2115 4184 pulvere,
2142 4103 2177 4161 et

157 4211 220 4279 tes,
255 4197 352 4289 qnod
378 4192 473 4264 Deus
496 4208 644 4264 creasset
664 4194 821 4278 coelom,
845 4207 995 4278 terram,
1028 4218 1137 4276 mare,
1188 4188 1589 4282 incomprebensibiliac
1602 4192 1837 4263 occultissimo
1853 4209 1956 4264 auctu
1973 4208 2177 4263 nascuntnr.

157 4315 183 4370 ct
205 4298 326 4368 omnia
350 4320 440 4389 quae
460 4297 499 4364 in
519 4296 569 4365 eis
589 4308 694 4377 sunt,
726 4296 846 4365 sedet
873 4298 962 4365 mira
985 4297 1134 4388 qvxadam
1187 4293 1284 4364 Haec
1307 4294 1449 4386 quidem
1474 4291 1557 4359 satis
1579 4316 1703 4382 magna
1725 4295 1924 4366 testimonia
1946 4310 2048 4379 sunt,
2081 4292 2187 4387 quod

158 4398 362 4492 perspicacia
394 4398 666 4480 intellexissent,
710 4396 826 4486 ipsum
860 4412 1029 4488 perpetuo
1063 4418 1137 4464 esse
1189 4393 1247 4465 bic
1264 4398 1420 4464 mundus
1434 4417 1508 4462 non
1523 4415 1605 4462 casu
1620 4395 1792 4479 extiterit,
1818 4421 1882 4465 nec
1896 4423 1937 4466 ex
1951 4396 2078 4466 atomis
2090 4422 2176 4463 con,

159 4516 367 4591 praesentem
399 4500 568 4570 omnibus
601 4492 807 4567 hominibus
837 4499 962 4583 simul,
998 4511 1032 4567 et
1057 4497 1136 4566 ani·
1187 4498 1293 4567 flatus
1322 4497 1386 4581 sit,
1423 4508 1464 4564 ut
1490 4493 1636 4585 quidam
1665 4490 1874 4587 Philosophi
1902 4499 2075 4579 sentiunt,
2115 4497 2175 4566 sed

160 4605 330 4674 nantibus
350 4602 434 4672 dare
455 4601 564 4671 vitam
586 4611 620 4668 et
642 4593 811 4682 halitum,
836 4613 942 4692 atque
960 4601 1007 4671 ita
1025 4598 1135 4668 animi
1187 4611 1364 4668 aeternam
1393 4598 1571 4688 quandam
1601 4609 1635 4665 et
1658 4596 1832 4666 infinitam
1864 4622 1937 4668 esse
1959 4597 2179 4689 sapientiam,
2234 4640 2259 4664 .—

162 4718 189 4773 et
206 4707 309 4775 corda
333 4727 454 4772 eornm
476 4700 740 4773 iucundissimis
763 4701 946 4771 affectibus
967 4700 1086 4790 gaudii
1103 4713 1137 4769 et
1188 4724 1278 4800 qnae
1294 4696 1513 4768 haecomnia
1530 4696 1676 4765 mirifice
1692 4696 1916 4770 architectata
1929 4700 1992 4784 sit,
2017 4724 2177 4793 quaeque

163 4804 340 4875 ineffabilis
354 4804 511 4875 laeticiae
527 4802 756 4889 inarsissent,
782 4805 826 4870 de
842 4802 939 4886 Deo,
965 4808 1010 4870 de
1028 4800 1136 4869 mini.
1188 4804 1309 4871 eodem
1328 4797 1585 4889 elegantissimo
1604 4799 1730 4867 ordine
1743 4815 1925 4870 conservet
1941 4826 1980 4870 ac
1995 4804 2178 4890 gubernet,

164 4908 219 4975 nis
233 4906 464 5000 maximisque
484 4907 652 4998 operibus
674 4902 758 4986 Dei,
784 4918 860 4973 tum
877 4905 1020 4997 quidem
1038 4915 1136 4971 tanta
1187 4917 1226 4972 ut
1249 4901 1383 4970 Paulus
1404 4921 1547 4992 quoque
1572 4899 1611 4966 in
1636 4895 1735 4969 Actis
1759 4916 1922 4984 testatur,
1957 4905 2052 4996 (prod
2081 4901 2177 4973 Dens

166 5009 340 5093 certitudo,
367 5022 436 5078 tam
450 5007 549 5077 firma
563 4999 796 5099 πληροφορία
811 5008 856 5074 de
869 5003 946 5076 Deo
959 5007 1080 5076 fuisset
1098 5005 1134 5070 in
1187 5003 1268 5072 ideo
1293 5004 1332 5072 in
1353 5016 1425 5071 tota
1452 5013 1608 5069 creatura
1631 4999 1678 5069 ita
1706 5004 1848 5092 vestigia
1872 5004 1945 5089 sui,
1974 5006 2012 5074 in
2028 5004 2177 5094 singulis

167 5112 329 5182 tuentibus
353 5104 534 5192 humanis,
564 5124 604 5180 nt
628 5107 765 5200 quoties
789 5104 904 5175 Adam
926 5112 994 5178 sub
1008 5130 1134 5176 aurora
1187 5129 1276 5195 pene
1299 5102 1474 5184 flosculis,
1504 5101 1653 5187 singulis
1674 5127 1764 5192 pene
1785 5107 1952 5174 arborum
1973 5107 2068 5175 loliis
2092 5104 2177 5174 reli·

168 5231 273 5296 orans,
297 5224 356 5281 aul
375 5207 449 5280 Eva
467 5234 570 5279 mane
592 5232 722 5279 ornans
737 5232 773 5275 se
794 5211 837 5275 ad
856 5210 1007 5299 proximi
1026 5206 1136 5277 soritis
1186 5207 1323 5297 qtrerit,
1358 5218 1392 5274 et
1413 5226 1486 5271 sese
1505 5202 1724 5292 depinxerit,
1757 5222 1797 5277 nt
1821 5219 2070 5294 cognoscamus
2094 5232 2174 5277 enm

168 5312 347 5396 speculum,
381 5313 489 5380 solem
514 5313 685 5380 orientem
710 5309 872 5393 vidisset,
898 5333 1133 5382 summatum
1186 5331 1259 5375 non
1275 5308 1379 5396 longe
1395 5306 1514 5374 abesse
1536 5305 1581 5373 ab
1594 5327 1811 5398 unoquoque
1828 5325 2009 5388 nostrum,
2035 5323 2070 5376 et
2086 5332 2176 5396 pene

169 5413 327 5507 voluptate
344 5414 542 5504 cogitasset:
568 5412 772 5485 Eniterum
788 5411 892 5480 nobis
915 5414 1013 5484 sidus
1033 5412 1134 5496 illud,
1185 5409 1224 5477 in
1251 5423 1373 5479 nostro
1396 5405 1541 5499 proprio
1564 5429 1728 5498 corpore,
1767 5410 1806 5478 in
1836 5434 1927 5501 pane
1956 5424 1991 5481 et
2014 5410 2098 5478 vino
2125 5410 2175 5482 sic
