4664 6022
149 306 229 383 sss
697 306 855 385 nnnc.
899 308 974 386 nc
998 307 1290 388 nucouro
1325 305 1638 385 seaucton
1726 282 1730 288 ’
2139 309 2216 385 εει
2280 384 2285 397 ,

147 482 310 572 cipatnm
328 505 455 573 magna
474 507 515 552 ex
539 496 639 576 parte
661 486 923 558 transtulerunt
938 490 987 557 ad
1002 485 1156 581 Episco·
1200 508 1268 553 -ora
1285 477 1470 554 horridior
1485 499 1554 568 est,
1572 483 1701 579 'itaque
1715 484 1895 579 plerisque
1911 483 1999 555 locis
2015 510 2063 557 re.
2078 511 2208 579 pecua-

148 608 230 677 pos,
254 587 488 678 qnorumdiu
505 585 835 681 fuemntaequiora
852 592 1013 681 imperia,
1036 592 1154 662 euni.
1206 587 1259 655 ria
1281 599 1528 658 sustentantur
1547 582 1724 662 homines.
1776 587 1972 677 Noriberga
1990 613 2094 673 vero,
2122 615 2206 661 nam

148 708 221 757 mre
242 687 441 777 periculosa
467 689 635 764 libertati,
689 690 775 760 Pars
799 694 954 782 regionis
980 707 1013 764 et
1038 693 1154 784 Burg.
1206 683 1457 782 huncquoque
1481 689 1520 758 in
1542 687 1791 761 oral'ranciae
1812 692 2205 765 rectecollocaciarbi-

148 789 284 880 graviis
298 787 620 881 Noribergensibus
634 817 756 885 parere
772 797 902 887 coepit,
927 797 1092 882 invitata,
1115 810 1155 867 ut
1205 804 1291 875 teor,
1319 791 1424 861 floret
1441 817 1521 862 cum
1536 793 1782 863 excellentium
1799 794 1977 865 artificum
1994 796 2206 889 frequentia,

148 891 303 980 opinor,
337 907 372 962 et
402 894 590 964 nobilitate
616 910 650 966 et
678 897 809 968 virtute
840 899 1009 972 familiae.
1061 898 1152 970 Nam
1204 909 1281 964 tum
1294 908 1509 978 mercatura,
1535 898 1625 987 quae
1648 920 1722 965 non
1739 897 1913 966 absimilis
1929 911 1979 967 est
1998 900 2204 969 oeconomi-

147 992 522 1085 BurggraviiGuellis
544 998 614 1067 orti
633 1013 734 1084 sunt,
761 1024 829 1094 qua
844 1001 904 1069 vix
927 1016 978 1072 est
1000 1003 1073 1072 ulla
1091 1026 1153 1071 ve·
1203 1020 1280 1065 cae:
1315 991 1436 1067 evehit
1455 997 1550 1086 enim
1576 999 1751 1069 artificum
1778 1023 1904 1089 opera,
1938 1024 2003 1069 nec
2029 1000 2105 1069 siue
2136 996 2203 1072 hac

148 1099 285 1168 tustior
300 1098 339 1167 in
356 1096 549 1169 Germania
574 1101 764 1187 nobilitas,
789 1103 929 1197 fuitque
953 1130 1017 1195 par
1041 1105 1152 1174 nobi·
1202 1098 1448 1187 negociatione
1473 1114 1699 1192 suppeterent
1721 1103 1895 1171 artificum
1920 1102 2071 1172 officinis
2103 1127 2202 1173 sum·

148 1200 245 1271 litati
268 1200 399 1270 virtus:
426 1226 564 1293 possem
588 1205 685 1272 enim
710 1229 987 1296 commemorare
1010 1208 1152 1289 multos,
1204 1216 1296 1292 ptus.
1349 1199 1471 1290 Quare
1494 1216 1529 1272 et
1551 1199 1618 1274 hoc
1641 1227 1753 1293 genus
1778 1219 1995 1274 mercaturae
2017 1203 2201 1276 aPlatone

148 1303 287 1397 quires
303 1304 473 1373 maximas
491 1322 685 1396 gesseruut,
710 1310 770 1376 sed
790 1322 969 1398 praetereo
986 1298 1150 1381 caeteros.
1204 1307 1385 1373 laudatum
1414 1318 1448 1374 et
1473 1308 1660 1378 autoritate
1685 1307 1803 1396 legum
1825 1306 1864 1375 in
1887 1304 2043 1397 Digestis
2065 1309 2202 1396 gravis-

148 1404 294 1477 Alberti
309 1406 483 1476 fortitudo
499 1421 534 1477 et
548 1408 722 1478 foelicitas
741 1411 777 1478 in
799 1412 940 1501 praeliis
960 1427 1057 1482 tanta
1073 1414 1151 1498 fuit,
1201 1405 1290 1479 sime
1326 1408 1596 1499 comprobatum
1632 1423 1695 1482 est.
1750 1407 1793 1478 lu
1827 1432 1911 1498 agro
1944 1408 2200 1499 Bamhergensi

138 1521 189 1579 ut
210 1503 422 1579 Germanici
437 1503 591 1580 Achillis
614 1513 826 1602 cognomine
843 1515 1049 1589 celebretur.

255 1640 328 1713 Nec
346 1665 430 1714 vero
451 1644 603 1716 extincta
625 1659 710 1716 ειιιιι
726 1646 765 1715 in
786 1648 919 1718 nostris
943 1642 1150 1719 hominibus

148 1744 271 1817 s'tudia
295 1745 455 1828 virtutis,
492 1747 598 1815 etiam
619 1748 648 1816 si
670 1749 740 1819 fata
768 1751 960 1842 imperium
983 1748 1149 1842 Europae

147 1849 194 1919 ad
226 1847 315 1916 alias
357 1861 477 1937 gentes
515 1850 786 1923 transtulerunt.
848 1850 939 1923 Nam
972 1855 1148 1948 equitatus

148 1947 363 2035 Francicus,
391 1950 515 2040 peritia
533 1952 585 2020 rei
603 1953 788 2033 militaris,
814 1954 1020 2045 disciplina,
1046 1958 1149 2027 forti-

148 2053 297 2137 tudine,
321 2074 448 2141 genere
473 2078 672 2138 armou1m‚
699 2080 773 2126 nou
798 2058 889 2126 cedit
912 2058 1060 2152 reliquis
1083 2085 1148 2129 na-

147 2154 311 2228 tionibus
336 2151 582 2245 Germanicis,
609 2182 698 2251 quae
725 2159 885 2252 equitatu
909 2161 1053 2250 pollent.
1107 2162 1147 2232 ln

150 2257 354 2328 civitatibus
382 2281 464 2326 vero
491 2258 622 2328 iudicia
648 2261 783 2350 legibus
808 2276 841 2331 et
860 2263 937 2331 iure
958 2265 1146 2335 constituta

148 2372 250 2450 sunt,
269 2381 355 2451 gens
368 2359 443 2450 ipsa
459 2385 538 2429 cum
556 2377 681 2431 natura
700 2378 794 2435 amat
809 2366 1011 2451 candorem,
1029 2367 1147 2452 fidem,
1202 2429 1210 2445 ,

146 2460 347 2547 iusticiam,
379 2463 645 2548 liberalitatem,
663 2479 753 2560 ,tum
783 2493 867 2538 vero
893 2469 1085 2540 domestica
1112 2485 1148 2540 et

145 2564 294 2659 publica
318 2565 507 2656 disciplina
530 2569 574 2635 ad
594 2567 760 2638 virtutem
784 2583 819 2639 et
839 2572 958 2639 omnia
978 2567 1142 2641 humani-

142 2668 227 2739 tatis
244 2667 362 2737 officia
376 2668 552 2737 assuefieri
572 2670 670 2739 solet.
702 2674 706 2682 '
723 2669 886 2767 Cumque
910 2674 1052 2764 ingenia
1076 2674 1147 2745 sint

142 2768 301 2841 minime
317 2770 452 2856 fucata,
477 2770 536 2840 vix
559 2772 720 2845 invenias
745 2775 832 2845 alibi
860 2777 1033 2848 firmiores
1057 2779 1147 2847 ami-

141 2872 262 2945 eitias.

251 3004 333 3080 Etsi
355 3022 472 3078 autem
497 3009 534 3078 in
553 3024 650 3081 tanta
667 3014 896 3104 corruptione
919 3015 1145 3106 publicorum

140 3136 294 3185 morum
311 3110 445 3205 ubique
463 3113 656 3202 plurimum
674 3130 726 3185 est
738 3118 907 3186 vitiorum
946 3131 1063 3186 tamen
1083 3117 1145 3186 ubi

138 3215 271 3286 minor
285 3226 336 3283 εει
352 3214 513 3301 ignavia,
538 3219 757 3287 consuetudo
779 3218 914 3288 laboris
933 3222 1044 3290 multa
1061 3221 1144 3288 vitia

141 3330 263 3401 amet,
295 3328 330 3387 et
350 3317 465 3386 adfert
494 3312 702 3387 hominibus
725 3321 918 3406 duriciem,
957 3336 997 3393 ut
1027 3323 1145 3391 minus

147 3431 317 3511 appetant
348 3419 570 3489 inconcessas
596 3420 795 3513 voluptates
829 3441 863 3494 ει
894 3425 1028 3498 luxum.
1081 3426 1145 3495 Est

145 3532 272 3591 autem
285 3536 432 3612 utraque
448 3520 573 3592 Moeni
596 3523 672 3614 ripa
691 3527 883 3596 admodum
906 3527 1004 3597 ferax
1023 3542 1055 3597 et
1069 3528 1146 3595 cul-

144 3639 203 3707 ta,
234 3645 341 3716 quare
366 3622 496 3693 Franci
522 3624 758 3714 agriculturae
779 3629 890 3698 dediti
914 3644 1008 3704 secut.
1066 3629 1144 3699 Hoc

143 3724 271 3797 durati
298 3726 419 3796 labore
450 3727 580 3807 luxum¹
604 3746 857 3818 aspernantur,
891 3757 930 3800 ac
953 3755 1079 3823 magna
1104 3757 1143 3800 ex

142 3842 334 3921 perteret,
359 3844 398 3900 ut
416 3830 476 3898 ille
495 3831 628 3923 inquit:
1041 3843 1051 3862 ‘

253 3963 381 4036 Nostra
398 3990 545 4055 operum
564 3967 710 4054 patiens,
737 3992 918 4061 parvoque
935 3982 1069 4037 assueta
1087 3967 1145 4035 iu-

143 4081 290 4141 ventus.
341 4067 516 4139 Nonnulli
544 4083 576 4137 et
605 4085 837 4141 mercaturam
870 4086 1051 4153 exerrent,
1083 4071 1142 4138 sed

143 4169 263 4260 magis
287 4173 411 4241 crebro
427 4171 711 4257 oeconomicam,
732 4197 822 4265 quae
839 4174 931 4241 vitae
951 4172 1143 4241 necessaria

143 4288 201 4344 est
220 4287 255 4344 et
271 4273 372 4365 plena
388 4269 630 4346 humanitatis.
683 4272 780 4363 Quid
802 4288 854 4342 est
871 4275 965 4343 enirn
982 4274 1144 4344 laudabi-

143 4376 241 4458 lius,
266 4389 300 4445 et
317 4376 408 4445 vitae
423 4376 567 4459 utilius,
593 4401 698 4468 quam
716 4377 888 4445 devinciri
911 4378 1005 4447 inter
1019 4402 1054 4445 se
1080 4372 1144 4444 lm·

144 4479 267 4548 micros
296 4492 420 4548 mutua
451 4503 571 4547 rerum
602 4479 876 4547 necessariarum
905 4480 1144 4549 cocornunica-

144 4581 275 4651 tione?
308 4578 425 4651 Huius
440 4581 490 4650 rei
508 4582 645 4672 copiam
661 4582 727 4649 soli
750 4582 913 4651 fertilitas
934 4582 1145 4671 suppeditat,

143 4685 246 4777 quod
265 4682 433 4754 frumenti
446 4696 587 4754 tantum
603 4684 726 4772 gignit,
752 4697 792 4752 ut
809 4684 935 4753 vicinis
954 4686 1058 4755 etiam
1076 4686 1142 4752 im·

144 4786 357 4879 partiamus,
393 4783 528 4855 Vinum
544 4799 662 4855 autem
678 4786 824 4855 uberius
838 4789 930 4874 apud
949 4810 1015 4855 nos
1030 4786 1144 4854 nasci-

1202 1508 1290 1578 mira
1315 1524 1366 1580 εει
1383 1504 1569 1581 hortorum
1595 1513 1790 1581 amoenitas
1810 1525 1843 1581 et
1858 1512 2037 1595 fertilitas,
2064 1513 2102 1581 in
2119 1512 2199 1606 qui-

1201 1613 1268 1682 bus
1296 1610 1327 1679 si
1349 1636 1441 1696 nou,
1473 1625 1514 1681 ιιι
1540 1612 1577 1681 in
1603 1610 1748 1685 Alcinoi
1785 1609 1898 1685 hortis
1932 1615 2061 1706 punica
2094 1615 2199 1695 mala,

1201 1713 1257 1783 lici
1292 1727 1327 1783 et
1358 1714 1456 1784 oleae
1476 1731 1693 1801 nascuntur,
1726 1730 1845 1787 tamen
1872 1717 1998 1806 ingens
2020 1730 2072 1789 est
2096 1717 2198 1809 copia

1200 1815 1396 1887 multorum
1412 1817 1613 1903 fructuum,
1640 1818 1702 1912 qui
1719 1820 1812 1890 vitae
1826 1833 1910 1889 suot
1923 1820 2040 1892 utiles.
2091 1815 2139 1890 Et
2157 1835 2197 1892 ut

1200 1933 1355 1988 caeteros
1382 1919 1563 2005 omittam,
1596 1921 1786 1991 latissimos
1817 1946 1960 2012 campos
1989 1917 2197 2019 γλυκυρίζα

1200 2035 1366 2112 occupat,
1398 2022 1499 2092 cuius
1523 2047 1671 2112 magnus
1696 2038 1748 2094 est
1772 2047 1856 2093 usus
1878 2025 1918 2092 in
1934 2025 2058 2094 multis
2080 2047 2197 2095 reme·

1199 2123 1279 2194 diis.
1333 2120 1495 2216 Cumque
1511 2139 1633 2214 gentes
1646 2127 1792 2218 propius
1809 2127 1852 2194 ad
1869 2127 2005 2196 Arcton
2023 2128 2195 2197 acceden-

1199 2237 1270 2305 tes,
1310 2239 1455 2317 propter
1482 2227 1613 2315 frigora
1638 2241 1674 2298 et
1700 2227 2009 2318 intemperantiam
2041 2225 2198 2301 habeant

1201 2328 1395 2397 crebriores
1416 2342 1545 2410 tusses,
1568 2345 1602 2401 et
1625 2330 1902 2413 destillationes,
1927 2345 1962 2401 et
1982 2331 2196 2423 pulmonum

1199 2433 1445 2512 incommoda,
1472 2432 1603 2524 quibus
1618 2434 1781 2502 medetur
1802 2432 1953 2501 maxime
1975 2428 2196 2530 γλυκυρίζα,

1200 2531 1352 2603 ιιιιιΙιιιιιι
1372 2534 1503 2603 debent
1518 2533 1628 2604 vicini
1645 2550 1786 2605 nostrae
1803 2534 1953 2623 regioni,
1977 2559 2066 2628 quae
2082 2559 2197 2605 reme·

1198 2635 1300 2704 dium
1314 2635 1364 2705 eis
1381 2637 1705 2727 praesentissimum
1730 2637 1943 2728 suppeditat.
1992 2632 2059 2707 Est
2082 2651 2116 2709 et
2138 2661 2196 2709 ars

1198 2762 1238 2806 ac
1259 2737 1349 2807 ratio
1365 2740 1507 2809 colendi
1529 2739 1636 2830 digua
1659 2739 1915 2824 admiratione,
1941 2763 2031 2832 quae
2047 2735 2197 2810 adhibe-

1199 2852 1258 2909 tur
1280 2840 1319 2909 in
1345 2840 1538 2932 plantanda
1562 2856 1597 2911 et
1618 2845 1844 2933 propaganda
1869 2836 2091 2940 ylvavpf'go:
2120 2866 2196 2913 cer-

1199 2956 1250 3015 tat
1267 2943 1366 3013 enim
1381 2969 1438 3014 ars
1456 2971 1538 3016 cum
1554 2959 1681 3015 natura
1697 2946 1844 3015 mirifica
1860 2944 2109 3015 aemulatione.

1298 3092 1479 3167 Hactenus
1493 3098 1537 3167 de
1552 3097 1667 3187 gentis
1682 3097 1834 3187 ingeniis
1848 3121 1888 3168 ac
1902 3097 2075 3184 moribus,
2102 3113 2135 3168 et
2152 3100 2196 3168 de

1198 3198 1264 3267 soli
1286 3200 1445 3269 bonitate
1464 3200 1622 3270 breviter
1640 3198 1737 3282 dixi,
1764 3224 1853 3293 quae
1875 3194 2063 3295 Physicam
2089 3196 2196 3271 habet
2281 3194 2294 3213 '

1198 3325 1337 3370 causam
1361 3325 1433 3369 noo
1459 3303 1657 3371 obscuram.
1708 3298 1878 3373 Uteuim
1907 3316 2063 3371 caeterae
2079 3304 2196 3394 regio-

1197 3427 1278 3487 nes,
1304 3428 1394 3496 quae
1410 3417 1579 3498 tanquam
1594 3403 1705 3471 valles
1720 3402 1999 3494 praecinguntur
2012 3405 2195 3475 montibus

1197 3530 1236 3575 ac
1265 3505 1374 3596 iugis,
1406 3506 1534 3575 melius
1562 3506 1757 3595 irrigantur
1782 3505 1952 3575 defluenti
1974 3531 2015 3575 ex
2045 3506 2195 3577 saltibus

1200 3609 1322 3699 pingui
1348 3604 1517 3695 humore,
1550 3608 1598 3676 ita
1625 3622 1660 3678 et
1683 3605 1831 3676 Francia
1857 3607 1894 3677 fit
1913 3609 2077 3693 uberior,
2109 3632 2194 3701 pro-

1199 3713 1310 3781 cincta
1331 3705 1417 3781 hinc
1441 3712 1530 3782 saltu
1547 3706 1763 3801 Turiugico,
1793 3710 1896 3780 istinc
1921 3711 2013 3780 saltu
2029 3709 2194 3784 Stxevico.

1200 3811 1244 3883 Et
1268 3814 1404 3903 rigatur
1427 3814 1636 3883 fluminibus
1660 3812 1846 3884 ambitiose
1866 3838 1943 3884 eam
1970 3815 2195 3905 pervaganti·

1200 3920 1285 4003 bus,
1312 3914 1464 4002 Moeno,
1491 3916 1656 4001 Tubaro,
1681 3915 1790 4002 Laso,
1815 3913 2003 4007 Regnicio.

1295 4063 1471 4137 Nonnihil
1489 4080 1521 4136 et
1536 4067 1703 4137 coelestes
1719 4091 1843 4137 causae
1858 4067 2028 4138 adiuvant
2042 4068 2109 4137 soli
2126 4070 2193 4138 bn-

1198 4169 1347 4240 uitatem
1375 4183 1409 4239 et
1433 4165 1620 4240 hominum
1635 4170 1789 4259 ingenia.
1852 4167 1943 4239 Cum
1962 4171 2055 4239 enim
2072 4169 2194 4241 Ptole·

1198 4295 1320 4341 maeus
1341 4273 1526 4342 universae
1541 4269 1757 4342 Germaniae
1772 4271 1940 4342 attribuat
1959 4274 2112 4364 primum
2128 4273 2193 4343 tri-

1196 4384 1342 4465 gonum,
1358 4375 1524 4445 videlicet
1541 4373 1710 4457 Arietem,
1730 4373 1887 4445 Leonem
1901 4388 1935 4444 et
1950 4374 2193 4465 Sagittarium,

1197 4502 1237 4547 ac
1258 4478 1429 4567 adiungat
1453 4471 1808 4557 uxodsoaowonae
1832 4474 1951 4546 lovem
1970 4490 2004 4546 et
2028 4475 2194 4560 Martem,

1198 4575 1327 4649 borum
1342 4581 1396 4649 vis
1409 4579 1560 4648 maxima
1576 4592 1627 4649 est
1643 4582 1680 4647 iu
1696 4580 1810 4648 media
1830 4577 2037 4652 Germania.
2076 4575 2193 4647 Fran-

1196 4682 1248 4751 cia
1268 4697 1387 4752 autem
1411 4684 1484 4751 fere
1504 4682 1694 4751 umbilicus
1719 4696 1770 4751 est
1794 4677 2018 4750 Germaniae.
2071 4677 2192 4768 Quare

1197 4798 1230 4854 et
1254 4784 1368 4855 solum
1387 4784 1507 4853 minus
1522 4796 1573 4853 est
1592 4777 1801 4871 horridum,
1826 4805 1908 4852 cum
1930 4806 1948 4848 a
1969 4779 2071 4872 love,
2101 4798 2135 4854 et
2152 4794 2193 4853 ut

145 4902 221 4972 tur,
241 4910 353 4979 quare
369 4889 493 4980 procul
510 4888 548 4956 in
567 4888 728 4977 regiones
742 4888 956 4980 longinquas
971 4886 1145 4960 evehitur.
1196 4888 1347 4978 oppositi
1372 4885 1541 4975 trianguli
1565 4899 1690 4956 natura
1708 4886 1795 4968 fert,
1820 4909 1839 4954 a
1857 4882 1996 4955 Venere
2018 4900 2192 4977 tempere-

145 4988 223 5061 Pro
247 4984 316 5059 hnc
337 4991 445 5059 salem
470 5004 505 5060 et
529 4992 670 5060 metalla
695 4990 809 5060 nostri
829 4984 1015 5065 revehunt.
1066 4987 1143 5060 Etsi
1197 5002 1266 5062 tur.
1303 4986 1366 5065 ,Et
1389 4989 1506 5058 studia
1525 5011 1710 5078 moresque
1736 4980 1923 5055 hominum
1944 5012 2018 5056 non
2041 4990 2192 5059 obscure

144 5105 269 5165 autem
287 5117 397 5162 venae
410 5092 489 5163 auri
504 5106 609 5186 atque
623 5094 757 5183 argenti
774 5095 867 5185 apud
884 5117 949 5160 nos
963 5095 1143 5163 interdum
1197 5092 1384 5161 imitantur
1403 5089 1496 5159 lovis
1518 5103 1554 5160 et
1575 5089 1703 5159 Martis
1725 5104 1906 5159 naturam:
1934 5105 2018 5160 sucu
2038 5091 2191 5161 enimin

146 5194 405 5279 inveniuntur,
444 5208 562 5264 tamen
591 5196 705 5265 nostri
735 5196 890 5265 contenti
919 5197 1145 5283 agricultura,
1195 5195 1438 5282 gubernandis
1452 5192 1656 5263 civitatibus
1674 5215 1770 5260 acres
1784 5206 1816 5261 et
1830 5191 2019 5275 industrii,
2042 5193 2135 5281 leges
2157 5204 2192 5261 et

147 5322 226 5369 unu
243 5312 447 5368 scrutantur
464 5321 532 5368 eas.
569 5296 717 5368 ferrum
735 5311 872 5368 tantum
890 5313 1019 5367 eruunt
1034 5312 1070 5367 et
1083 5322 1144 5366 ex·
1196 5297 1441 5389 disciplinam,
1464 5296 1492 5364 si
1514 5320 1582 5387 qua
1609 5294 1724 5382 natio,
1751 5294 1862 5363 nostri
1888 5295 2039 5363 maxime
2061 5306 2193 5378 amant,

146 5414 332 5492 coquunt,
367 5401 463 5494 quod
489 5400 602 5489 magis
629 5401 866 5470 necessarium
897 5413 950 5470 est
981 5402 1024 5469 ad
1051 5399 1145 5468 vitae
1196 5398 1374 5487 ignaviam
1394 5398 1552 5469 iudicant
1570 5420 1642 5467 esse
1664 5396 1925 5486 turpissimam,
1951 5418 2060 5488 quare
2084 5395 2192 5467 nobi-

145 5527 257 5589 usus,
280 5517 316 5575 ει
337 5501 517 5597 copiosius
539 5503 654 5593 gignit
673 5517 794 5574 nostra
815 5501 925 5594 regio.
975 5499 1145 5573 Extrema
1194 5501 1240 5571 lis
1260 5502 1428 5574 iuventus
1449 5500 1600 5573 militiae
1622 5499 1751 5591 cupida
1773 5510 1842 5579 est,
1872 5510 1908 5568 et
1929 5497 2060 5590 passim
2078 5510 2192 5571 castra
