4664 6022
139 318 217 398 aaa
238 254 260 321 ³
744 305 906 383 naor.
936 303 1015 381 nn
1045 303 1194 380 vara
1224 304 1588 397 einnonem.
2101 307 2176 386 rao

140 487 399 584 Prophetarum
416 500 452 557 et
468 481 740 578 Apostolorum,
769 496 802 553 et
818 480 1020 552 universam
1037 478 1132 550 anti·
1182 508 1281 579 pero.
1332 481 1566 573 Diligentiam
1579 481 1648 554 viri
1662 483 1894 570 considerate,
1917 481 1979 555 'rel
1994 482 2034 553 in
2050 477 2118 553 hac
2130 506 2180 568 re,

142 595 313 691 quitatem
327 589 503 662 Ecclesiae
518 585 700 677 cognovit,
725 587 876 656 contulit
896 583 1056 653 omnium
1074 606 1132 651 ae·
1184 611 1273 680 quae
1300 585 1441 657 videtur
1474 587 1679 660 leviuscula.
1738 585 2035 661 Nomenclaturas
2068 585 2180 657 edidit

143 711 257 770 tatum
279 693 487 775 certamina,
521 703 561 760 ut
583 688 725 781 piorum
749 687 878 763 iudicia
901 688 944 755 de
969 684 1133 753 maximis
1183 690 1344 759 locorum
1354 683 1600 772 Ebraicorum,
1616 711 1705 781 quas
1720 689 1967 761 nondistinxit
1982 684 2179 761 utCosmo·

144 800 251 871 rebus
276 809 309 866 et
331 806 464 866 teneret
488 805 522 863 et
541 803 756 886 sequeretur.
812 784 988 858 Adiunxit
1009 799 1043 855 et
1060 786 1134 855 lin-

144 924 232 995 guae
253 897 425 971 Ebraicae
453 893 626 964 studium:
659 916 765 985 quam
789 903 830 961 ut
859 902 952 959 recte
974 889 1134 974 disceret,

144 1016 387 1097 praeceptores
404 996 652 1067 disertissimos
677 995 716 1063 in
733 1018 776 1062 ea
797 993 922 1082 lingua
945 991 1135 1085 quaesivit,

144 1120 180 1176 et
197 1104 277 1199 quia
294 1100 410 1171 affinis
427 1114 477 1170 est
491 1096 654 1191 Syriaca,
681 1089 773 1165 hanc
789 1096 894 1165 etiam
909 1109 993 1165 tunc
1008 1118 1135 1163 verna-

146 1208 261 1279 culam
278 1202 402 1298 Syriae
427 1202 519 1269 inter
540 1194 696 1290 hospites
719 1198 855 1269 didicit.
913 1195 990 1266 Hac
1013 1197 1136 1265 multi-

145 1307 229 1401 plici
247 1305 448 1376 eruditione
470 1301 681 1381 instrnctns,
706 1298 861 1370 instituit
877 1323 965 1391 opus
987 1298 1134 1369 utilissi-

145 1434 262 1495 mum,
286 1407 452 1476 videlicet
468 1398 726 1493 Prophetarum
748 1425 788 1472 ex
806 1403 963 1473 fontibus
986 1401 1136 1471 transla-

145 1514 281 1585 tionem
306 1511 343 1578 in
368 1510 527 1596 linguam
541 1505 726 1590 Latinam,
752 1504 874 1597 quint
895 1515 986 1575 recte
1004 1503 1137 1573 intelli·

146 1629 287 1706 gantur,
311 1624 426 1681 servat
441 1606 536 1678 Deus
551 1606 590 1677 in
603 1604 758 1678 Ecclesia
774 1610 908 1678 donum
924 1606 1139 1696 linguarum,

147 1734 181 1793 et
196 1729 237 1786 ut
252 1729 337 1785 tunc
352 1715 515 1782 ederetur
529 1734 621 1780 nova
635 1710 889 1800 interpretatio,
905 1705 1001 1778 Deus
1016 1732 1138 1779 accen-

147 1820 201 1890 dit
215 1815 429 1910 Hieronymi
444 1827 583 1905 pectus,
609 1826 643 1882 et
664 1813 780 1882 studio
796 1811 984 1882 discendae
997 1811 1139 1900 linguae

146 1923 300 2011 flagrans
322 1917 471 1988 adiuvit.
531 1915 571 1988 Si
593 1914 672 2009 quis
693 1928 810 1986 autem
834 1927 937 2005 negat
963 1915 1138 2003 praeclare

147 2023 314 2094 meritum
336 2043 409 2090 esse
427 2021 470 2090 de
488 2014 643 2089 Ecclesia
667 2013 735 2087 hoc
759 2018 899 2107 labore,
925 2041 1000 2085 non
1023 2016 1138 2085 solum

148 2126 325 2216 ingratus,
358 2123 419 2193 sed
442 2121 547 2192 etiam
569 2144 714 2213 prorsus
737 2120 901 2189 indoctus
926 2132 988 2191 est.
1048 2115 1139 2187 Nam

148 2242 252 2298 antea
268 2239 407 2297 tantum
431 2224 595 2293 extabant
612 2217 810 2313 Prophetae
833 2247 874 2291 ex
892 2218 1030 2291 Graeco
1053 2244 1139 2289 con-

147 2329 252 2400 versi.
278 2324 413 2398 Graeca
428 2340 544 2397 autem
561 2323 804 2414 interpretatio
819 2324 1012 2393 admodum
1027 2320 1141 2411 negli-

148 2443 270 2522 genter
292 2430 382 2499 facta
403 2442 464 2500 est.
523 2424 673 2498 Etcum
700 2450 837 2518 semper
860 2427 1048 2513 degeneret
1071 2422 1140 2492 ali-

148 2533 361 2627 quantulum
374 2531 479 2600 etiam
497 2530 604 2599 foelix
620 2527 816 2612 translatio,
830 2526 958 2597 Latina
973 2552 1015 2596 ex
1025 2523 1141 2597 Grae-

148 2635 198 2705 cis
211 2633 385 2704 transfusa
400 2631 574 2702 deteriora
590 2645 699 2716 erant,
715 2642 822 2701 utres
838 2629 1005 2703 ostendit.
1041 2626 1142 2697 Mul-

149 2749 225 2807 tum
239 2735 348 2824 igitur
357 2733 477 2805 Latini
495 2734 632 2803 codices
645 2734 691 2803 ab
700 2729 872 2802 Hebraeis
882 2732 1140 2822 discrepabant,

148 2840 342 2931 quodcum
364 2836 414 2904 ita
437 2849 544 2919 esset,
577 2833 664 2904 boni
687 2848 720 2903 et
745 2832 841 2903 docti
863 2855 985 2901 omnes
1001 2842 1142 2924 expete-

1185 787 1358 882 graphus,
1383 794 1444 861 sed
1465 803 1504 860 ut
1520 792 1634 861 viator
1649 791 1722 882 ipse
1740 815 1802 882 per
1817 804 1926 863 totam
1942 789 2184 861 Palaestinam.

1185 907 1350 984 vagatus,
1377 894 1563 965 intervalla
1585 892 1800 986 oppidorum
1823 897 1897 965 suis
1921 894 2087 987 passibus
2108 915 2178 961 me-

1187 997 1273 1068 titus
1293 1008 1355 1066 est.
2078 1060 2081 1065 .

1290 1096 1420 1168 Narrat
1440 1095 1549 1185 igitur
1565 1096 1671 1181 situs,
1698 1109 1733 1167 et
1747 1095 1916 1167 disceruit
1932 1120 2089 1167 numero
2104 1118 2178 1187 pas-

1187 1224 1291 1271 suum
1305 1224 1325 1269 a
1341 1199 1428 1268 locis
1444 1199 1656 1286 insignibus,
1672 1213 1707 1269 et
1722 1200 1842 1268 recitat
1858 1201 2014 1269 variatas
2028 1198 2178 1291 appella·

1189 1304 1313 1376 tiones.
1339 1298 1449 1387 ¹Haec
1466 1302 1649 1390 diligentia
1664 1317 1698 1373 et
1716 1301 1754 1369 in
1772 1301 1848 1391 ipso
1864 1302 1980 1373 virtus
1998 1301 2073 1372 fuit
2089 1323 2179 1391 egre·

1189 1406 1259 1496 gia,
1284 1418 1318 1475 et
1334 1403 1531 1496 posteritati
1555 1407 1707 1496 prodest.
1758 1401 1920 1496 Cumque
1942 1406 2040 1477 fama
2064 1405 2178 1473 erudi·

1189 1506 1297 1580 tionis
1310 1506 1421 1596 ipsius
1436 1505 1507 1575 late
1520 1529 1638 1596 sparsa
1654 1520 1715 1590 est,
1740 1506 1844 1576 multi
1859 1508 1961 1578 abeo
1976 1508 2114 1597 passim
2129 1531 2177 1577 ex·

1189 1610 1397 1703 plicationes
1419 1609 1661 1685 obscurarum¹
1682 1608 1936 1678 sententiarum
1967 1608 2175 1698 flagitarunt,

1190 1714 1320 1807 quibus
1334 1712 1546 1800 respondere
1564 1711 1667 1780 labor
1681 1711 1750 1780 fuit
1765 1734 1840 1807 non
1855 1710 2016 1800 exiguus.
2071 1708 2116 1781 ln
2135 1706 2177 1781 bb

1190 1815 1384 1894 laboribus,
1407 1836 1487 1882 cum
1503 1814 1612 1883 semel
1628 1826 1733 1905 atque
1749 1813 1876 1882 iterum
1892 1809 2057 1885 Romam
2072 1837 2180 1885 rever·

1191 1940 1251 1988 sus
1265 1918 1364 1997 esset,
1381 1912 1485 2009 (uam
1504 1916 1713 2008 aliquandiu
1732 1910 1843 1984 haesit
1858 1917 1953 2006 apud
1963 1914 2180 2000 Damascum,

1190 2016 1405 2111 Episcopum
1423 2015 1649 2103 Romanum,
1675 2018 1736 2110 qui
1750 2019 1826 2087 eius
1848 2041 1956 2108 opera
1976 2018 2016 2087 in
2034 2018 2180 2111 epistolis

1191 2122 1407 2204 scribendis,
1442 2132 1475 2190 ct
1491 2119 1531 2188 in
1544 2121 1690 2215 synodis
1706 2142 1790 2191 usus
1811 2117 1881 2211 est)
1898 2121 2051 2191 tandem
2074 2135 2178 2191 tamen

1191 2225 1229 2292 in
1247 2221 1389 2316 Syriam
1403 2222 1532 2308 rediit,
1555 2223 1641 2293 etin
1657 2223 1719 2292 illo
1739 2223 1814 2313 ipso
1831 2246 1935 2306 rure,
1960 2223 2066 2315 quod
2080 2223 2177 2295 lilium

1183 2340 1315 2399 ,uatum
1333 2349 1374 2394 ex
1393 2324 1529 2412 virgine
1546 2324 1700 2416 primum
1718 2324 1871 2416 excepit,
1896 2325 2107 2411 consenuit,
2129 2323 2174 2394 vd

1192 2441 1226 2498 et
1247 2451 1324 2496 ossa
1348 2427 1424 2496 eius
1446 2423 1556 2497 humo
1580 2441 1669 2498 tecta
1686 2440 1782 2499 sunt.
1832 2424 1914 2497 Dixi
1938 2428 2123 2520 praecipue
2135 2426 2173 2495 de

1193 2530 1318 2600 studiis
1340 2530 1522 2599 doctrinae
1546 2530 1815 2612 ecclesiasticae,
1850 2541 2038 2599 caeterum
2063 2541 2178 2624 quanta
2220 2536 2222 2613 j

1193 2632 1300 2702 fuerit
1320 2631 1475 2720 cognitio
1501 2626 1728 2703 historiarum
1755 2629 1977 2703 Graecarum
2006 2648 2044 2703 et
2061 2631 2178 2704 Roma·

1194 2758 1333 2817 narum,
1356 2734 1439 2802 libri
1457 2734 1635 2817 indicant,
1656 2735 1694 2800 in
1711 2734 1840 2824 quibus
1855 2757 1927 2804 non
1946 2734 2072 2805 solum
2087 2733 2176 2804 mutu
2219 2762 2222 2779 ²

1194 2860 1284 2928 quae
1300 2859 1396 2903 nunc
1411 2849 1529 2905 extant
1547 2848 1580 2904 et
1595 2836 1742 2905 eruditis
1759 2850 1843 2905 nota
1858 2848 1957 2916 sunt,
1986 2838 2169 2914 recitantur

47 4598 49 4602 '
158 4583 232 4639 lum
255 4591 338 4640 0880·

146 2940 235 3011 bant
252 2938 578 3027 interpretationem
598 2934 799 3027 propiorem
817 2935 993 3018 fontibus,
1017 2932 1141 3028 quain
1194 2937 1376 3007 sedetiam
1399 2937 1466 3005 alia
1492 2951 1632 3028 sumpta
1657 2962 1696 3006 ex
1720 2938 1866 3007 vetustis
1886 2939 2105 3026 autoribus,
2129 2936 2173 3031 qui

148 3064 188 3112 re
210 3065 290 3110 cum
305 3037 518 3132 Hieronymi
540 3038 642 3108 labor
665 3035 839 3129 profuerit
854 3033 1051 3120 Ecclesiae,
1074 3031 1141 3105 hoc
1194 3039 1416 3109 interierunt.
1479 3038 1609 3111 Narrat
1640 3039 1791 3122 alicubi,
1829 3039 1981 3130 triginta
2027 3055 2169 3138 tyrann·

149 3143 225 3214 eius
243 3141 453 3212 beneficium
470 3139 620 3209 candide
635 3154 669 3209 et
685 3153 784 3228 grato
803 3153 943 3231 pectore
965 3139 1142 3208 celebrare
1194 3137 1347 3211 Athenis
1370 3142 1554 3212 interfecto
1575 3144 1731 3234 quodam
1744 3136 1927 3226 Phidone,
1955 3168 2109 3215 vocasse
2119 3140 2173 3212 aa

148 3267 216 3315 nos
236 3246 346 3314 decet.
396 3241 477 3313 Non
501 3256 553 3313 est
574 3242 670 3311 enim
685 3241 862 3312 inerudita
884 3239 1141 3332 interpretatio,
1195 3244 1303 3328 filias,
1329 3242 1752 3327 utnudaeineonvivio,
1778 3243 1904 3337 inquo
1927 3247 2052 3334 patris
2076 3265 2179 3318 cruore

149 3370 215 3418 nec
235 3344 400 3429 infoelix,
430 3342 569 3415 etiamsi
600 3344 779 3413 interdum
813 3337 1143 3437 aliquodocpollpca
1195 3369 1274 3415 area
1292 3368 1449 3436 respersa
1465 3362 1549 3430 erat,
1576 3345 1759 3415 saltarent:
1788 3341 1951 3416 hasvero
1971 3347 2180 3419 tantamim·

150 3449 319 3520 occurrit:
347 3446 430 3540 quia
440 3447 498 3515 vix
509 3470 668 3539 unquam
683 3446 789 3535 longa
807 3444 920 3514 oratio
938 3444 975 3511 in
991 3446 1141 3513 alienam
1194 3449 1398 3518 manitatem
1415 3448 1606 3537 fugientes,
1631 3471 1703 3516 sese
1720 3448 1927 3538 praecipites
1948 3474 1994 3519 ex
2012 3452 2088 3522 alto
2103 3447 2184 3521 dcir-

149 3552 308 3642 linguam
328 3549 376 3620 ita
398 3548 677 3626 transfunditur,
708 3561 750 3616 ut
771 3542 862 3614 nihil
886 3547 931 3614 ab
953 3541 1142 3639 archetypo
1196 3550 1294 3621 risse.
1333 3547 1414 3636 Quo
1433 3550 1594 3639 exemplo
1609 3549 1756 3637 triginta
1771 3550 1913 3619 illorum
1933 3552 2101 3623 virorum
2116 3574 2185 3622 cru·

151 3654 336 3744 discrepet.
370 3645 418 3720 Et
433 3648 759 3741 inprimisdiflicile
781 3660 832 3717 est
848 3648 1051 3719 Hebraeum
1069 3671 1144 3715 ser·
1196 3650 1321 3720 delitas
1343 3651 1517 3722 illustrius
1541 3651 1716 3742 pingitur,
1742 3675 1848 3744 quam
1865 3651 1950 3721 ullis
1967 3654 2055 3724 aliis
2074 3675 2185 3723 nam

151 3777 307 3838 monem,
330 3753 394 3845 qui
410 3765 442 3821 et
456 3751 602 3820 brevior
615 3763 679 3834 est,
704 3763 738 3819 et
755 3743 902 3841 phrasin
918 3744 1025 3820 habet
1041 3750 1144 3817 valde
1196 3752 1374 3837 tionibus,
1396 3777 1487 3846 quae
1509 3775 1605 3823 nunc
1626 3766 1755 3823 extent.
1804 3751 1877 3824 Hic
1897 3769 2021 3825 autem
2045 3757 2187 3845 cogitare

153 3855 309 3924 alienam
324 3852 482 3924 aLatina
498 3849 767 3936 consuetudine,
792 3850 831 3918 in
844 3848 1013 3921 Latinum
1029 3863 1144 3920 trans·
1198 3855 1311 3938 subit,
1336 3869 1508 3946 quantum
1531 3855 1664 3924 malum
1687 3855 1732 3923 sit
1754 3856 1934 3948 tyrannis,
1962 3881 2059 3950 quae
2074 3854 2188 3928 deteris

153 3959 257 4026 ferre.
308 3954 428 4044 Quare
462 3956 571 4045 magis
597 3954 799 4023 mirandum
827 3967 895 4038 est,
936 3952 1144 4021 uuiversum
1198 3957 1335 4043 legibus
1351 3972 1528 4045 grassatur
1543 3957 1581 4023 in
1598 3951 1781 4041 homines,
1806 3971 1847 4028 ut
1866 3958 1990 4029 ferunt
2006 3961 2106 4032 caeci
2130 3960 2189 4027 im·

154 4080 281 4148 corpus
304 4059 351 4126 ita
373 4058 478 4128 bonis
494 4057 611 4128 verbis
628 4056 827 4139 redditum,
853 4068 887 4126 et
906 4070 998 4126 recte
1014 4055 1143 4124 distin·
1199 4074 1316 4149 petus,
1343 4057 1510 4137 ambitio,
1542 4058 1612 4142 ira,
1638 4059 1772 4143 libido,
1798 4083 1860 4129 seu
1881 4061 2000 4150 potius
2025 4076 2067 4133 ut
2085 4055 2188 4132 animi

155 4174 250 4230 ctum
276 4182 367 4239 esse,
394 4185 498 4252 qnam
526 4160 620 4252 qnod
645 4158 824 4228 interdum
845 4158 1031 4227 deerravit.
1086 4154 1147 4223 ln·
1199 4159 1334 4229 alariis
1350 4161 1539 4248 agitantur.
1579 4158 1668 4230 Nam
1687 4161 1723 4229 id
1739 4184 1882 4230 saevum
1900 4163 2038 4233 malum
2054 4172 2190 4233 nonest

155 4260 276 4349 telligo
292 4276 326 4330 et
350 4255 416 4328 hoe
440 4261 609 4330 affirmari
625 4285 645 4328 a
664 4259 795 4343 doctis,
818 4282 892 4327 non
910 4259 1024 4329 solum
1042 4258 1147 4327 nobis
1198 4275 1336 4333 ratitum
1352 4256 1565 4345 humanum,
1591 4276 1631 4332 ut
1646 4286 1741 4332 nunc
1758 4257 1842 4332 huic
1857 4279 2002 4334 nostrae
2015 4261 2191 4337 Ecclesiu-

155 4357 352 4453 Pruphetas
392 4362 587 4430 illustratos
624 4385 718 4445 esse,
758 4362 818 4429 sed
859 4360 965 4430 etiam
1004 4361 1147 4450 linguae
1199 4365 1264 4448 lae,
1290 4355 1448 4433 honestis
1463 4364 1647 4448 matronis,
1663 4364 1872 4454 virginibus,
1899 4365 2117 4452 infantibus,
2132 4365 2192 4459 piis

156 4461 316 4535 Ebraeae
336 4464 553 4536 intellectum
567 4457 870 4556 hocllieronymi
888 4462 1010 4533 labore
1029 4486 1148 4533 serva·
1199 4467 1457 4549 sacerdotibus,
1486 4478 1522 4535 et
1549 4464 1615 4535 Dei
1643 4489 1765 4536 vocem
1793 4468 1944 4539 fideliter
1969 4470 2192 4547 sonantibus,

1202 4566 1387 4637 minitatur
1409 4567 1555 4637 exitium
1581 4565 1799 4661 Gypaeetus,
1832 4594 1911 4639 rum
1934 4594 2012 4641 non
2037 4572 2193 4641 solnma

263 4665 507 4757 Agnoscamus
541 4665 649 4755 igitur
683 4678 716 4736 et
747 4662 814 4735 Dei
848 4665 1079 4749 beneficium,
1113 4680 1148 4737 et
1201 4669 1305 4738 nobis
1330 4694 1405 4739 non
1426 4670 1470 4739 sit
1489 4670 1622 4753 laesus,
1648 4673 1708 4739 sed
1733 4672 1836 4740 etiam
1854 4686 1991 4743 constet
2012 4697 2075 4743 eos
2094 4673 2193 4762 culpa

160 4771 271 4861 ipsius
290 4772 358 4839 viri
375 4769 513 4858 vigilias
528 4783 562 4838 et
577 4767 839 4838 lucubrationes
862 4767 949 4857 grati
970 4769 1147 4855 praediea·
1202 4795 1330 4851 earere,
1356 4772 1427 4840 imo
1444 4771 1554 4862 ipsius
1566 4772 1770 4861 regionibus
1785 4773 1890 4843 etiam
1904 4774 2027 4867 aliqua
2042 4799 2088 4846 ex
2101 4786 2194 4869 parte

162 4894 251 4944 uiris.
313 4870 358 4943 Ut
380 4872 475 4941 enim
504 4867 676 4959 Virgilius
700 4869 835 4961 inquit,
872 4869 1052 4938 difficilius
1076 4893 1149 4938 esse
1201 4873 1314 4941 nostri
1341 4873 1480 4942 labores
1509 4874 1680 4945 serviant:
1721 4878 1782 4946 sed
1806 4876 1979 4966 depellet,
2011 4890 2054 4949 ut
2083 4900 2197 4970 spera,

160 4970 306 5045 Herculi
324 4974 456 5041 clavam
480 4971 922 5066 extorquereemanibus‚
949 4996 1054 5060 quam
1072 4969 1150 5040 llo·
1201 4973 1297 5044 Deus
1318 4977 1364 5043 ab
1380 4970 1435 5044 his
1450 4976 1581 5046 nostris
1603 4976 1737 5049 nidulis
1751 4978 1865 5046 diram
1881 4978 2081 5056 volucrem.
2125 4976 2195 5051 tt·-

161 5099 260 5144 mero
276 5099 433 5143 versum:
460 5075 506 5142 ita
524 5077 637 5145 multo
654 5074 771 5142 verius
785 5073 855 5142 dici
870 5086 995 5163 potest,
1020 5073 1150 5142 diffici-
1202 5079 1267 5145 deo
1290 5090 1405 5146 autem
1431 5079 1475 5145 ad
1498 5076 1779 5172 Hieronymum,
1800 5082 1844 5149 de
1866 5080 1969 5149 cuius
1991 5082 2196 5151 erarditions

161 5178 231 5249 lius
260 5200 333 5245 esse
356 5173 504 5246 Herculi
532 5178 665 5246 clavam
696 5187 903 5267 extorquere
929 5199 949 5242 e
974 5174 1150 5255 manibus,
1200 5201 1281 5246 cum
1303 5178 1437 5249 dictum
1462 5178 1526 5260 sit,
1552 5182 1596 5248 de
1621 5181 1783 5251 moribus
1804 5183 1911 5252 etiam
1934 5186 2116 5274 quaedam
2136 5183 2197 5253 ad-

162 5302 266 5369 quam
290 5273 435 5368 phrasin
452 5272 636 5347 Ebraicam
659 5277 695 5345 in
711 5275 874 5347 Latinam
891 5276 1151 5349 transfundere.
1201 5280 1336 5360 denda,
1365 5281 1428 5373 qui
1454 5294 1570 5352 tamen
1593 5304 1718 5371 magna
1742 5307 1782 5353 ex
1807 5303 1904 5373 parte
1924 5308 1967 5353 ex
1985 5286 2122 5356 studiis
2136 5310 2196 5359 m-

162 5379 269 5448 Plura
302 5380 347 5449 de
381 5373 448 5448 hoc
485 5376 694 5473 Hieronymi
728 5378 899 5449 beneficio
930 5376 1000 5448 dici
1037 5400 1149 5469 posse,
1200 5381 1320 5468 gnosci
1349 5396 1506 5472 possunt.
1565 5380 1656 5452 Nam
1684 5398 1722 5453 ut
1746 5381 1825 5458 De'o
1844 5385 2014 5470 serviret,
2043 5386 2195 5478 suscepit

161 5505 285 5552 ornares
298 5482 492 5573 prudentes
506 5478 648 5567 vident,
674 5483 734 5552 sed
750 5503 813 5572 ego
829 5481 901 5552 iam
916 5485 960 5553 ad
975 5479 1043 5551 alia
1065 5504 1148 5572 pro·
1200 5495 1317 5553 tantos
1334 5484 1472 5555 labores
1486 5485 1691 5578 peregrinae
1705 5486 1847 5577 linguae
1862 5489 2068 5578 discendae,
2093 5507 2129 5563 et
2142 5490 2194 5558 in·
