4664 6022
226 308 301 388 ⁹11
420 316 428 325 '
960 287 1122 368 DECL.
1162 287 1239 366 DE
1270 287 1540 371 LEGIBUS.
2205 289 2277 369 stt

229 484 337 558 ltem:
361 479 513 571 Propter
534 468 619 544 baec
638 469 737 543 venit
760 467 815 539 ira
827 463 895 539 Dei
911 487 1018 559 super
1041 477 1229 536 conturna·
1282 480 1335 537 tas
1359 466 1398 536 in
1416 468 1577 541 muribus
1596 481 1713 539 scruta
1733 466 1790 538 sit.
1841 460 1910 537 His
1933 463 2148 541 tristissimis
2168 487 2280 535 exem·

230 611 302 661 ces.
351 581 420 656 His
443 577 597 651 oraculis
611 596 733 646 omnes
753 568 1043 655 commonelarti,
1069 565 1228 659 discipli·
1284 570 1352 663 plis
1381 571 1528 656 moniti,
1567 573 1725 643 modeste
1751 583 1788 643 et
1816 568 1875 664 pie
1901 570 2174 664 consideremus
2204 590 2280 639 vera

231 714 317 765 nam
331 701 527 760 statuamus
543 677 773 750 necessariam
790 697 883 761 esse,
906 686 941 744 et
957 673 1085 744 timore
1101 668 1169 741 Dei
1186 669 1229 738 ad
1284 673 1491 745 discrimina
1510 675 1648 765 legum,
1677 689 1713 749 et
1733 674 1919 747 videamus
1931 696 2022 768 quae
2042 673 2118 745 sint
2132 670 2280 756 divinae,

231 790 442 866 modestiam
458 783 597 858 animos
611 801 878 874 componamus.
917 774 1233 868 Hocquisacient,
1284 800 1374 870 quae
1404 771 1603 864 humanae,
1633 800 1673 847 ac
1698 778 1819 849 debita
1847 777 2048 849 reverentis
2070 799 2139 847 suo
2161 771 2280 845 ordine

233 894 273 970 bi
296 893 409 986 magis
432 887 614 981 magisque
643 882 1073 973 intelligent,'quantum
1095 880 1232 947 bonum
1285 879 1829 970 singulismembristribuatur.
1874 878 1958 953 Non
1975 901 2121 972 possum
2137 877 2280 949 nuncin

233 1002 280 1072 sit
300 999 355 1069 lex
370 994 447 1066 Dei.
466 1014 566 1086 quae·
581 1001 615 1059 et
633 988 671 1056 in
688 986 855 1083 decalogo
876 997 997 1069 sonat,
1023 981 1115 1052 etin
1132 1003 1234 1049 men·
1285 996 1382 1054 tanta
1398 979 1527 1055 horum
1543 984 1786 1055 membrorum
1805 982 2040 1076 amplitudine
2058 981 2185 1053 omnis
2210 1006 2280 1072 per·

234 1105 331 1177 tibus
346 1094 534 1171 hominum
551 1093 664 1176 lucet,
690 1112 781 1184 quae
800 1101 916 1158 totum
934 1084 1120 1180 politicum
1135 1083 1234 1152 ordi·
1285 1086 1407 1179 sequi,
1447 1089 1508 1157 sed
1536 1088 1582 1158 de
1610 1085 1950 1159 iurisconsultorum
1984 1084 2129 1180 scriptis
2160 1083 2278 1160 ditum.

234 1230 318 1278 nem
338 1202 523 1295 gubernat
1285 1187 1428 1260 Horum
1464 1188 1637 1263 autoritas
1672 1204 1713 1262 ut
1746 1189 1859 1281 magis
1890 1188 1997 1262 etiam
2035 1186 2279 1281 conspiciatur,

216 1344 219 1350 ·
335 1305 406 1376 Hic
429 1314 545 1374 autem
571 1297 658 1368 dicit
683 1294 830 1390 aliquis,
857 1291 960 1363 fateri
976 1315 1014 1363 se
1034 1291 1149 1380 legem
1165 1284 1235 1359 Dei
1287 1293 1386 1386 prius
1408 1295 1454 1364 de
1473 1293 1600 1364 officiis
1624 1292 1761 1386 politici
1783 1291 2054 1385 gubernatoris,
2078 1315 2145 1362 seu
2161 1291 2280 1362 summi

234 1433 374 1484 summa
392 1402 590 1477 reverentia
604 1402 842 1472 venerandam
858 1418 947 1466 esse:
974 1409 1009 1465 et
1023 1392 1234 1486 sapientiam
1287 1395 1512 1487 magistratus
1539 1397 1668 1472 dicam.

237 1540 329 1595 esse,
371 1533 462 1607 quae
496 1506 634 1578 nullius
666 1516 848 1574 creaturae
881 1498 1166 1569 consideratione
1197 1495 1235 1564 in
1390 1495 1511 1572 Uthiu
1525 1495 1788 1593 pulcherrimus
1803 1500 1908 1585 urdo,
1933 1497 2072 1592 positus
2087 1519 2280 1588 corporum,

235 1618 336 1691 omni
365 1611 571 1684 aeternitate
600 1604 780 1679 exhauriri
811 1602 932 1698 possit.
993 1599 1092 1690 Quid
1119 1610 1235 1669 aulem
1288 1602 1397 1686 coeli,
1421 1604 1532 1688 a'e'ris,
1556 1616 1670 1674 terrae
1685 1603 1917 1676 circumfusae
1934 1596 2104 1685 Oceano,
2128 1611 2167 1671 et
2179 1614 2215 1671 nt
2225 1623 2275 1670 or·

235 1723 299 1792 illa
329 1743 391 1789 sen
415 1713 673 1807 Imperatorum
705 1712 840 1789 edicta,
873 1729 935 1777 seu
960 1702 1128 1796 Ulpiani,
1163 1701 1236 1771 imo
1288 1709 1335 1778 do
1349 1720 1513 1779 motuum
1528 1707 1752 1793 coelestium,
1777 1706 1950 1802 quivices
1968 1718 2194 1795 temporum,
2213 1704 2273 1772 dies

234 1823 393 1905 Bartoli,
418 1817 544 1902 Batai,
570 1830 604 1886 et
620 1814 792 1885 similium
809 1810 958 1882 callidae
972 1804 1237 1898 interpretatio-
1289 1823 1324 1882 et
1339 1824 1478 1897 noctes,
1502 1823 1649 1882 aestates
1673 1824 1706 1884 et
1728 1806 1873 1907 hyemes
1887 1808 2012 1895 eflicit,
2037 1807 2118 1877 sine
2134 1805 2207 1876 ulla
2220 1807 2276 1876 du·

236 1952 301 1998 nes
315 1928 359 1996 ad
375 1926 487 2014 legem
503 1917 595 1990 Dei?
620 1915 696 1988 Cur
711 1916 847 2000 misces,
869 1912 1018 2006 inquiet,
1040 1932 1135 1980 secra
1154 1932 1237 2000 pro·
1288 1913 1463 1985 bitatione
1483 1937 1503 1984 a
1526 1911 1603 1984 Deo
1628 1911 1794 1986 conditus
1816 1926 1868 1985 est
1897 1927 1932 1985 et
1955 1921 2205 2005 conservatur:
2236 1909 2276 1980 its

238 2026 393 2124 phanis?
424 2025 519 2096 dicet
537 2017 769 2094 Rhetoricam
791 2020 968 2089 forensem
993 2037 1086 2098 esse,
1121 2010 1237 2105 qualis
1289 2030 1403 2088 totum
1425 2012 1522 2087 hunc
1542 2017 1706 2088 ordinem
1731 2017 1936 2109 politicum,
1967 2016 2098 2085 foedus
2122 2012 2275 2103 coniugii,

236 2134 345 2203 luisse
371 2127 516 2201 Coracis
546 2138 581 2196 et
605 2122 742 2195 Ctesiae
769 2133 937 2192 narratur
966 2113 1237 2210 praestigiatrix,
1289 2119 1458 2213 imperia,
1490 2120 1720 2192 dominorum
1754 2119 2044 2203 distinctionem,
2078 2130 2274 2198 contractus,

238 2233 449 2316 cavillatrix,
468 2231 595 2301 ludens
610 2227 648 2296 in
660 2227 776 2296 verbis
791 2223 955 2314 ambigue
966 2221 1083 2295 dictis.
1110 2215 1146 2290 Ο
1162 2241 1236 2288 rem
1289 2224 1432 2309 iudicia,
1453 2247 1599 2317 poenas,
1611 2222 1793 2295 verissime
1807 2236 1940 2295 statuas
1956 2246 1976 2291 a
1990 2217 2069 2290 Deo
2086 2219 2272 2290 institutum

238 2338 404 2409 miseram
427 2350 462 2406 et
477 2329 755 2426 deplorandam!
812 2326 947 2397 Verum
965 2337 1039 2406 est,
1069 2344 1124 2392 res
1142 2319 1238 2414 opti·
1290 2349 1382 2398 esse:
1419 2341 1453 2399 et
1479 2352 1683 2422 quanquam
1711 2327 1847 2398 diaboli
1873 2339 1908 2397 et
1934 2320 2125 2396 hominum
2153 2323 2270 2393 furores

238 2465 314 2514 mas
339 2437 441 2534 quasi
465 2436 616 2526 caligine
639 2433 793 2527 quadam
822 2442 950 2512 tectas,
985 2427 1024 2497 in
1057 2421 1122 2496 bac
1144 2429 1238 2496 vitae
1290 2454 1392 2523 saepe
1417 2455 1499 2501 eum
1524 2432 1692 2516 turbant,
1718 2447 1835 2502 tamen
1856 2429 2030 2499 immensa
2051 2423 2269 2498 bonitatellei

238 2543 449 2617 confusione
464 2555 499 2611 et
514 2535 570 2609 his
585 2532 774 2607 hominum
790 2534 972 2605 erroribus
987 2544 1022 2602 et
1038 2530 1144 2614 vitiis,
1161 2551 1237 2598 non
1290 2535 1512 2620 conservari,
1546 2559 1591 2605 uu
1622 2548 1736 2606 tutum
1763 2555 1876 2624 genui
1900 2526 2102 2604 humanum
2129 2530 2267 2601 funditus

237 2672 349 2744 prope
364 2643 484 2738 aspici.
523 2641 625 2712 Bona
643 2654 678 2712 et
692 2639 856 2710 salutaris
870 2661 925 2707 res
943 2647 996 2705 est
1011 2635 1137 2705 foedus
1151 2656 1239 2702 con·
1290 2638 1463 2710 deleatur.
1518 2635 1561 2708 ln
1575 2632 1644 2709 huc
1660 2637 1788 2710 urdine
1808 2661 1891 2709 uum
1912 2633 2047 2729 praesit
2062 2635 2265 2724 gubernator,

238 2751 328 2844 iugii
344 2749 519 2820 sancitum
542 2758 638 2815 certo
661 2745 781 2815 modo.
832 2736 881 2811 Et
901 2755 1020 2811 tamen
1041 2760 1122 2806 cum
1141 2735 1237 2827 peri·
1290 2765 1353 2812 seu
1375 2741 1600 2832 magistratus
1624 2741 1792 2834 politicus
1817 2737 1933 2836 (nunc
1948 2738 2048 2811 enim
2064 2737 2261 2825 dicodegu·

238 2857 317 2927 cula
340 2865 374 2923 et
391 2871 582 2922 aerumnae
599 2871 673 2916 non
691 2869 821 2937 paucae
837 2844 873 2911 id
899 2864 1009 2932 genus
1021 2840 1114 2909 vitae
1127 2838 1239 2907 comi·
1290 2844 1500 2914 bei-natione
1512 2838 1868 2940 propriaEcclesiae)
1883 2841 2075 2935 praecipua
2092 2835 2259 2912 habetoffi·

240 2972 383 3041 tentnr,
416 2952 557 3023 bonitas
580 2964 632 3020 est
652 2947 855 3031 obscurior,
887 2958 921 3015 et
943 2943 1047 3016 multi
1069 2954 1238 3035 tanquam
1291 2949 1524 3041 uiaquuru013
1544 2942 2254 3042 quummuiuuulludubitutiunuprimnu

128 3056 131 3060 ’
239 3061 377 3132 tristem
394 3077 570 3126 carcerem
589 3050 795 3142 coniugium
810 3048 964 3138 lugiunt.
1010 3042 1063 3117 lta
1078 3067 1135 3115 res
1149 3044 1238 3115 aliae
1290 3066 1325 3123 eu
1340 3074 1518 3122 summum
1533 3064 1603 3136 eet,
1627 3064 1667 3124 ut
1681 3063 1784 3121 iuuet
1799 3050 1837 3119 iu
1851 3071 1978 3142 genere
1991 3043 2156 3118 huruuua
2167 3065 2259 3113 vomu

238 3166 355 3235 bonae
370 3159 491 3229 minus
506 3167 701 3227 cernuntur
717 3168 792 3224 tum
810 3165 956 3244 propter
974 3144 1162 3218 hominum
1181 3149 1237 3217 in·
1290 3153 1469 3246 decalogi,
1493 3167 1528 3225 et
1549 3154 1615 3237 uit,
1640 3167 1681 3227 ut
1702 3153 1751 3225 itu
1773 3153 1908 3239 diuum,
1932 3176 2001 3221 vux
2023 3150 2114 3236 Dei,
2139 3143 2267 3244 quivult

239 3266 398 3350 scitiam,
431 3276 507 3334 tum
532 3273 677 3352 propter
692 3257 823 3327 abusus
846 3255 910 3348 qui
932 3254 1115 3323 accedunt.
1167 3249 1238 3322 Sed
1290 3280 1402 3349 genus
1434 3251 1632 3329 humanum
1666 3250 1815 3328 honesta
1848 3254 2038 3347 disciplina
2071 3254 2169 3346 regi,
2199 3269 2271 3345 quse

239 3383 402 3441 nostrum
431 3365 588 3434 officium
619 3373 671 3432 est
700 3357 904 3431 iunioribus
929 3355 1109 3427 'instillare
1140 3376 1239 3423 veras
1291 3372 1464 3451 congruat
1486 3363 1531 3430 ad
1553 3361 1664 3451 legem
1685 3373 1851 3444 naturae,
1877 3381 1969 3454 qnae
1992 3370 2044 3428 est
2062 3377 2223 3449 expressa
2243 3352 2271 3421 in

239 3471 443 3551 sententias,
473 3482 509 3538 et
523 3488 659 3536 errores
677 3464 840 3534 eximere.
871 3457 926 3532 Ac
941 3459 1055 3530 sciant
1069 3481 1238 3548 magnum
1291 3464 1479 3553 decalogo,
1518 3476 1559 3534 ut
1584 3485 1710 3533 omues
1736 3462 1868 3534 erudiri
1895 3474 2043 3533 uui-unt,
2105 3458 2190 3531 Nuu
2212 3455 2276 3526 vult

239 3579 377 3648 bonum
399 3595 473 3643 esse
488 3571 534 3639 dc
558 3569 664 3639 rebus
683 3563 890 3637 necessariis
905 3577 1025 3635 tenere
1041 3584 1140 3630 veras
1156 3583 1238 3629 sen·
1289 3565 1493 3661 Lycurgum
1524 3588 1588 3637 uuu
1611 3566 1761 3636 arbitrio
1791 3566 1885 3656 luges
1910 3564 2066 3636 tundere
2094 3572 2277 3655 pugnantes

239 3680 389 3762 tentiae,
430 3697 519 3767 quae
552 3684 689 3742 mentes
722 3670 867 3740 flectant
899 3668 946 3737 ad
986 3664 1238 3735 celebrandum
1292 3694 1371 3739 cum
1398 3681 1541 3739 natura:
1567 3668 1683 3762 qualis
1702 3682 1755 3739 est
1779 3668 1854 3753 lex,
1877 3666 2150 3764 qnaeconcedit
2165 3661 2279 3757 pacisci

238 3779 377 3864 Deum,
402 3779 446 3847 ad
463 3777 578 3846 bonos
594 3795 729 3856 mores,
753 3774 850 3843 etad
867 3769 1175 3863 tranquillitatem.
1292 3774 1336 3842 de
1350 3772 1495 3843 alterins
1508 3775 1669 3863 coniuge.
1719 3768 1802 3842 Non
1816 3772 1895 3842 vult
1910 3793 1973 3863 per
1988 3771 2118 3841 ludum
2141 3765 2279 3839 interfici

344 3880 478 3951 Verum
495 3892 558 3964 est,
583 3874 790 3947 discrimina
803 3873 908 3964 Legis
924 3887 959 3944 et
974 3868 1173 3960 Evangelii,
1200 3892 1239 3938 ac
1292 3871 1476 3959 homines,
1500 3888 1542 3946 ut
1555 3873 1694 3948 Romae
1709 3875 1816 3945 fiebat
1828 3873 1868 3943 in
1889 3874 2018 3967 pugnis
2033 3870 2262 3963 gladiatoriis

177 3976 179 3983 ⁵
241 3987 372 4058 deinde
387 3982 548 4055 iusticiae
563 3994 725 4051 aeternae
737 3990 772 4048 et
786 3977 947 4048 iusticiae
960 3973 1138 4066 politicae,
1154 3972 1238 4043 item
1394 3976 1600 4050 Secundum
1616 3978 1772 4050 officium
1790 3991 1854 4050 eut,
1906 3972 1999 4059 Cum
2015 3975 2282 4047 lexfucileuuu·

239 4092 359 4180 legum
375 4087 580 4156 divinarum
595 4097 630 4154 et
648 4078 910 4163 humanarum,
935 4078 1178 4167 cognoscenda
1205 4087 1239 4144 et
1292 4094 1474 4153 temnatur
1495 4081 1565 4151 nisi
1592 4094 1689 4153 metu
1711 4103 1907 4174 poenarum
1929 4079 2069 4151 munita
2087 4079 2157 4163 sit,
2183 4077 2283 4167 magi·

241 4204 388 4285 propter
403 4188 552 4278 gloriam
566 4184 634 4257 Dei
648 4207 785 4255 summa
802 4207 887 4255 cura
904 4184 1036 4254 tuenda
1051 4202 1135 4248 esse.
1163 4175 1239 4248 Ho-
1291 4197 1422 4256 stratus
1444 4185 1490 4257 sit
1509 4197 1675 4256 executor
1693 4183 1870 4274 decalogi,
1895 4195 2053 4254 exerceat
2077 4181 2234 4265 iudicia,
2255 4191 2283 4248 et

240 4320 321 4367 rum
341 4315 509 4385 generum
525 4289 688 4360 conlusio
711 4287 880 4358 omnibus
896 4283 1073 4356 aetatibus
1088 4305 1165 4353 non
1180 4304 1239 4352 so-
1290 4311 1410 4357 severe
1439 4288 1564 4379 puniat
1593 4303 1836 4377 contemptum
1866 4285 1964 4359 vocis
1988 4284 2150 4359 divinae.
2207 4280 2282 4354 ldeo

239 4401 316 4470 lum
331 4418 466 4468 errores
481 4393 520 4462 in
535 4388 705 4475 Ecclesia,
728 4393 789 4461 sed
807 4391 912 4461 etiam
929 4386 1103 4460 tumultus
1117 4384 1156 4454 in
1170 4385 1239 4454 im·
1291 4390 1388 4461 enim
1408 4412 1544 4482 puuuau
1566 4391 1606 4460 iu
1630 4386 1696 4462 huc
1716 4391 1791 4461 viru
1813 4390 1967 4460 muuitue
1993 4402 2099 4473 eunt,
2135 4388 2283 4480 primum

240 4501 350 4595 periis
373 4497 519 4592 peperit.
571 4493 641 4567 Sed
658 4495 854 4564 videndum
878 4506 949 4578 est,
974 4491 1036 4585 qni
1059 4489 1159 4559 locus
1180 4488 1239 4559 cni
1291 4492 1374 4587 quia
1399 4494 1477 4565 vult
1492 4491 1590 4565 Deus
1614 4493 1766 4584 intelligi
1788 4493 1980 4564 discrimen
2005 4487 2239 4562 honestarum
2255 4501 2283 4558 et

240 4604 362 4697 generi
386 4599 599 4674 tribuendus
626 4595 682 4669 sit.
745 4594 840 4667 Ante
863 4618 977 4666 annos
998 4594 1071 4663 iere
1093 4591 1239 4682 triginta
1290 4596 1450 4689 turpium
1467 4596 1659 4684 actionum,
1679 4598 1775 4691 quod
1791 4596 1932 4667 illustre
1944 4595 1985 4666 fit
1999 4618 2199 4687 poenarum
2213 4616 2283 4686 spe-

239 4709 368 4796 vulgus
391 4705 552 4774 audierat
574 4701 667 4791 leges
689 4694 864 4770 humanas
881 4695 1037 4768 discerni
1058 4720 1076 4765 a
1094 4694 1239 4780 divinis,
1291 4699 1452 4771 ctaculis:
1475 4701 1605 4770 deinde
1618 4701 1734 4771 sancit
1747 4694 1811 4770 bas
1827 4721 1970 4791 poenas,
1996 4698 2081 4792 qnia
2097 4699 2216 4771 iustus
2229 4708 2282 4777 est,

223 4825 276 4889 ⁵et
297 4810 469 4903 quaedam
486 4804 619 4876 viciosa
637 4805 777 4874 decreta
799 4797 987 4872 bominum
1011 4821 1156 4890 prorsus
1174 4799 1238 4868 ab·
1290 4827 1373 4873 vere
1407 4802 1573 4875 irascitur
1607 4802 1809 4876 sceleribus.
1870 4800 2028 4895 Vultque
2059 4796 2125 4870 has
2159 4819 2282 4893 poenas

240 4910 323 4996 tici,
360 4910 428 4980 alia
457 4932 542 4978 vero
570 4904 765 4978 extenuari.
818 4902 961 4975 Accidit
991 4916 1109 4973 autem
1139 4901 1236 4994 quod
1290 4903 1648 4977 commonefactiones
1672 4929 1746 4977 esse
1768 4908 1894 4977 desua
1919 4904 2070 4977 iusticia.
2124 4900 2283 4974 Consulit

239 5035 342 5105 saepe
365 5013 454 5082 solet
475 5010 563 5085 fieri.
623 5005 744 5080 Etiam
767 5031 847 5077 cum
873 5008 994 5078 dextra
1021 5004 1239 5076 offerebatur
1289 5021 1325 5079 et
1347 5007 1425 5100 paci
1446 5009 1649 5093 communi,
1685 5033 1768 5080 cum
1788 5008 1960 5101 praecipit
1983 5006 2063 5078 tolli
2092 5016 2283 5098 grassantes

238 5114 400 5187 doctrina
407 5129 432 5199 ,'
446 5127 565 5184 tamen
577 5113 741 5184 rudiores
756 5133 831 5180 eam
846 5109 989 5180 sinistre
1003 5108 1234 5200 accipiebant.
1288 5113 1458 5182 adversus
1478 5112 1568 5184 alios
1593 5113 1706 5197 cives,
1730 5124 1765 5182 et
1785 5125 1884 5183 metu
1908 5134 2105 5203 poenarum
2124 5108 2217 5181 alios
2230 5130 2281 5180 ro-

237 5214 349 5290 Mnlti
366 5238 490 5288 omnes
510 5215 605 5305 leges
626 5210 802 5286 humanas
819 5211 930 5284 deleri
948 5212 1136 5297 volebant,
1161 5233 1236 5279 non
1288 5208 1438 5289 berceti.
2231 5266 2238 5275 .

238 5335 377 5393 tantum
393 5317 655 5401 ecclesiasticas,
672 5318 730 5386 sed
752 5315 858 5387 etiam
874 5310 939 5384 has
954 5314 1128 5406 politicas,
1145 5336 1236 5406 quae
1388 5313 1574 5390 Postremo
1588 5310 1656 5386 bae
1673 5328 1871 5410 praesentes
1886 5329 1922 5389 et
1936 5316 2062 5386 breves
2085 5340 2221 5408 poenae
2236 5329 2279 5386 te·

235 5437 365 5516 regunt
378 5421 539 5515 imperia.
593 5419 704 5490 Multi
721 5420 817 5514 qnod
835 5417 948 5509 magis
960 5417 1155 5487 dolendum
1170 5428 1235 5501 est,
1286 5431 1427 5491 stantur
1453 5431 1584 5491 restare
1609 5419 1708 5492 aliud
1739 5417 1933 5499 iudicium,
1966 5418 2006 5487 in
2034 5443 2109 5512 quo
2134 5417 2278 5514 aequalis

234 5527 462 5622 disciplinam
475 5522 678 5598 nniversam
693 5522 742 5596 ita
756 5523 934 5608 laxarunt,
952 5535 993 5593 nt
1006 5543 1134 5613 magna
1147 5519 1234 5589 leri·
1286 5523 1529 5616 compensatio
1542 5522 1613 5596 liet.
1663 5521 1760 5615 Quia
1773 5521 1907 5595 violata
1923 5531 1977 5594 est
1992 5520 2169 5594 immensa
2184 5516 2276 5594 boni-
