4664 6022
253 290 329 370 207
711 280 878 359 DECL.
908 278 1152 359 CONTRA
1184 279 1521 359 umetatcos
1553 279 1833 361 MEDlCOS.
2212 284 2295 359 :2⁰8

257 474 296 543 in
327 492 366 541 re
396 477 512 551 tanta,
551 457 780 551 Magistratus
807 457 960 528 debebat
988 457 1248 550 impudentiam
1273 468 1278 495 ¹
1302 453 1466 528 homines
1494 469 1649 540 constat,
1690 472 1725 531 et
1750 455 1861 530 Poe'ta
1890 458 2099 551 significavit
2126 481 2210 531 eum
2241 457 2297 527 in·

258 576 409 645 istorum
427 561 631 648 cohercere,
657 560 859 652 praesertim
874 583 954 629 cum
972 562 1082 631 multa
1098 561 1248 632 crimina
1274 516 1278 635 l
1304 560 1407 654 quit:

258 680 297 749 in
325 697 397 744 uno
424 671 553 752 insint,
585 686 737 758 quorum
761 662 942 756 quaelibet
963 686 1094 754 poenas
1118 656 1250 733 habent
1274 638 1278 721 l
1438 665 1546 730 Foetix
1562 670 1617 751 qui
1631 671 1733 749 potuit
1747 691 1847 731 rerum
1863 691 2042 752 cognoscere
2055 691 2171 735 musas.

258 777 397 868 legibus
419 770 633 843 constitutas.
687 760 736 835 Et
759 764 954 855 prudenter
976 764 1014 832 in
1037 765 1249 859 quibusdam
1301 760 1350 834 Et
1372 759 1474 834 Plato
1495 763 1631 858 inquit:
1656 763 1828 853 Naturam
1853 761 2011 837 hominis
2030 767 2107 837 sine
2126 760 2297 837 Philoco-

259 875 461 953 civitatibus
485 874 574 941 bene
597 865 797 939 constitutis
819 865 1085 959 provisumst,
1111 866 1251 961 nequis
1302 861 1386 957 pbia
1408 889 1569 935 mancam
1596 878 1702 959 atque
1727 866 1891 937 inutilem
1915 893 2000 945 esse.
2060 867 2154 939 Vere
2176 878 2298 941 autem

259 992 415 1055 exerceat
434 970 653 1045 Medicinam
680 969 757 1037 siue
783 963 997 1038 authoritate
1020 970 1158 1059 collegii
1184 972 1250 1038 do·
1303 962 1371 1036 hoc
1384 966 1553 1037 affirmari
1570 982 1700 1059 potest:
1727 968 1888 1040 Medicos
1901 967 2018 1041 adhuc
2028 970 2064 1040 in
2076 967 2299 1063 possessione

259 1068 396 1156 ctorem
421 1072 633 1145 Medicinae.
693 1068 801 1159 Quod
825 1071 855 1138 si
880 1070 1013 1162 ubique
1037 1085 1248 1155 servaretur,
1304 1069 1430 1139 veteris
1453 1069 1550 1139 illius
1569 1071 1751 1140 doctrinae
1768 1096 1859 1155 esse,
1885 1098 1992 1165 quam
2010 1097 2115 1143 unam
2133 1086 2169 1142 et
2186 1071 2299 1141 solam

260 1185 385 1257 melius
408 1177 609 1258 consultum
635 1187 723 1242 esset
744 1167 930 1241 homiuum
956 1172 1080 1253 saluti,
1106 1197 1186 1242 cum
1212 1174 1248 1240 in
1304 1165 1467 1239 homines
1493 1171 1768 1262 sapientissimi,
1803 1174 1867 1267 qui
1896 1191 1970 1244 tum
2002 1177 2094 1267 apud
2126 1169 2300 1258 Graecos,

260 1284 393 1357 morbis
406 1306 481 1350 uon
497 1270 707 1348 adhiberent
723 1274 791 1343 nisi
809 1277 921 1343 laonos
937 1273 1053 1359 viros,
1079 1288 1114 1345 et
1129 1277 1251 1344 doctos
1305 1285 1379 1342 tum
1403 1273 1494 1365 apud
1519 1272 1687 1359 Latinos,
1719 1288 1795 1345 tum
1819 1279 1913 1367 apud
1937 1275 2073 1347 Arabes
2093 1275 2299 1361 extiterunt,

260 1387 433 1459 bledicos.
494 1376 598 1450 Nunc
621 1377 770 1446 salutem
792 1400 891 1445 snam
913 1378 1142 1447 committunt
1158 1376 1252 1444 eins-
1275 1373 1280 1521 j
1304 1398 1421 1443 veram
1452 1369 1714 1466 philosophiam
1744 1400 1817 1446 esse
1847 1379 2109 1451 iudicaverunt.
2179 1374 2299 1467 Quare

259 1489 358 1560 modi
375 1480 637 1565 nebulonibus,
664 1480 794 1572 quibus
810 1502 883 1545 non
902 1480 1073 1549 auderent
1090 1479 1250 1571 exiguam
1276 1528 1279 1535 .
1303 1499 1442 1545 necesse
1467 1490 1517 1545 est
1535 1473 1618 1562 hos,
1644 1502 1796 1571 quorum
1811 1481 1921 1547 animi
1940 1507 2011 1551 non
2026 1482 2223 1573 capiuntur
2237 1474 2298 1550 har

259 1590 446 1688 pecuniam
472 1581 705 1656 committere.
756 1577 805 1649 Et
826 1594 944 1650 tamen
962 1580 1021 1650 isti
1038 1582 1083 1648 ad
1099 1581 1252 1650 caecatio·
1275 1546 1280 1605 Ι
1304 1578 1487 1664 doctrina,
1514 1579 1570 1647 vel
1587 1602 1607 1648 a
1625 1594 1749 1651 natura
1765 1575 1950 1651 hominum
1968 1570 2220 1672 degenerasse,
2244 1582 2297 1651 ecl

260 1720 348 1764 nem·
373 1685 466 1759 uihil
499 1685 605 1755 etiam
629 1683 812 1766 adierunt,
845 1681 912 1749 uisi
936 1681 1195 1772 impudentiam
1219 1610 1280 1752 etl
1305 1694 1473 1772 tanquam
1506 1695 1662 1749 monstra
1694 1707 1712 1750 a
1744 1697 1868 1753 natura
1891 1680 2078 1755 inchoatos
2101 1708 2197 1768 esse,
2227 1707 2296 1753 uon

259 1793 443 1867 medaciam
474 1787 694 1880 plectendam
723 1784 874 1873 legibus:
918 1785 978 1852 sed
1008 1779 1100 1854 hanc
1131 1808 1251 1853 curam
1276 1748 1280 1869 l
1304 1783 1494 1856 absolutos.
1547 1779 1607 1851 An
1633 1808 1704 1852 eron
1731 1788 1883 1876 portenti
1907 1789 2021 1857 simile
2037 1803 2106 1870 est,
2134 1782 2297 1857 homines

258 1897 414 1988 Reipub.
441 1888 705 1978 blagistratibus
734 1888 1031 1959 commendemus.
1092 1884 1166 1955 Vos
1195 1886 1253 1954 in·
1304 1898 1501 1953 exercentes
1519 1881 1748 1970 Medicinam,
1775 1901 1807 1956 et
1826 1886 1863 1956 iu
1885 1884 1950 1957 hoc
1967 1891 2087 1959 studio
2105 1902 2295 1967 versantes,

261 2000 364 2072 terim
382 1992 566 2087 privatim,
593 1990 781 2081 siquando
798 2010 886 2078 opos
902 1988 987 2072 erit,
1013 1988 1161 2078 periculi
1178 2014 1251 2057 ma-
1304 2001 1419 2057 tamen
1435 1988 1532 2056 velut
1550 1984 1690 2079 Ulysses
1707 1990 1882 2058 obstruxit
1898 2015 2018 2076 aures,
2046 2016 2090 2061 ne
2106 2006 2218 2063 cantu
2232 1989 2294 2085 Sy.

260 2101 410 2193 guitudo
434 2097 640 2176 admoneat,
665 2092 786 2182 quales
803 2088 974 2169 Medicos,
988 2091 1172 2159 consulere
1190 2093 1251 2159 de·
1303 2112 1429 2157 renum
1458 2088 1692 2175 detineretur,
1726 2093 1917 2181 praeterire
1935 2095 2127 2165 obstructis
2150 2090 2292 2165 auribus

260 2204 381 2274 beatis.
434 2195 566 2266 Tutius
583 2207 634 2263 est
651 2191 746 2262 enim
762 2186 930 2260 adhibere
946 2192 1061 2259 bonos
1078 2192 1192 2276 viros,
1219 2204 1253 2260 et
1274 2224 1279 2367 p
1302 2202 1407 2282 atque
1432 2191 1562 2270 arealis,
1596 2191 1793 2260 doctrinam
1816 2196 1977 2263 omnium
2001 2197 2106 2286 longe
2128 2195 2290 2266 suavissi-

1274 2371 1279 2405 l

261 2307 322 2399 qui
344 2315 454 2372 artem
472 2319 578 2391 quam
596 2307 756 2364 exercent
774 2293 994 2373 didicerunt,
1021 2318 1125 2386 quam
1144 2295 1251 2362 levis·
1304 2315 1396 2358 nizam
1417 2314 1458 2361 ac
1473 2292 1783 2363 liberalissimam?
1836 2294 2020 2368 Delectant
2037 2292 2208 2369 homines
2221 2297 2288 2369 ludi

258 2410 367 2477 simos
404 2404 614 2491 impostores
647 2411 681 2467 et
717 2390 961 2465 histrionicam
1000 2396 1109 2484 magis
1146 2420 1250 2488 quam
1274 2448 1278 2485 5
1302 2408 1335 2463 et
1360 2395 1568 2482 spectacula.
1628 2394 1734 2481 Quod
1759 2411 1875 2466 autem
1901 2401 2033 2488 gratius
2056 2400 2286 2492 spectaculum

259 2506 472 2583 medicinam
495 2512 704 2571 exercentes.
756 2493 832 2587 Ego
855 2519 937 2565 vero
963 2492 1160 2576 inhaere,
1187 2498 1250 2565 etsi
1301 2496 1488 2586 excttgitari
1507 2500 1645 2587 potest?
1672 2521 1775 2589 quam
1791 2500 1855 2569 ista
1874 2502 2007 2590 pictura
2024 2502 2137 2573 totius
2154 2502 2284 2573 univer-

258 2607 418 2703 periculo
433 2603 573 2697 publico
587 2601 737 2669 maxime
752 2623 912 2683 moveor,
939 2613 1055 2674 tamen
1074 2615 1251 2690 praeterea
1301 2599 1412 2667 sitatis
1443 2622 1580 2682 rerum,
1619 2622 1709 2691 quae
1738 2616 1830 2671 extat
1860 2603 1897 2670 in
1928 2607 2057 2673 „osefis
2091 2605 2284 2675 amm-ibus:

259 2707 462 2782 incredibili
491 2704 615 2775 dolore
646 2698 798 2785 afficior,
835 2714 976 2793 propter
998 2702 1250 2771 contumeliam
1275 2725 1277 2730 ·
1302 2699 1402 2786 Quae
1427 2701 1535 2790 possit
1557 2695 1693 2768 homiui
1718 2702 1866 2791 sapienti
1891 2706 2005 2775 maior
2028 2707 2195 2797 voluptas
2210 2728 2284 2775 con·

259 2815 346 2885 artis
376 2824 410 2880 et
438 2805 631 2878 doctrinae.
684 2801 798 2871 Doleo
827 2800 921 2871 enirn
947 2803 1080 2893 negligi
1106 2817 1140 2873 et
1165 2828 1252 2872 con·
1302 2799 1454 2892 tingere,
1487 2826 1594 2894 quam
1623 2803 1735 2871 oculis
1764 2817 1869 2898 atque
1898 2807 2018 2877 auimo
2045 2806 2284 2879 admirabilem

260 2913 371 2987 temni
388 2922 520 2982 tantam
539 2903 722 2976 scientiam
736 2898 1054 2995 pulcherrimarum
1070 2905 1108 2973 in
1127 2918 1251 2975 natura
1301 2902 1566 2987 oeconomiam,
1593 2904 1776 2990 ordinem,
1802 2907 1894 2978 vices
1915 2933 2034 2978 rerum
2053 2911 2209 2980 maxime
2222 2910 2284 2979 dis-

260 3039 402 3097 seram,
427 3033 534 3097 quam
556 3001 722 3078 authores
739 3005 849 3074 nostri
867 3006 1041 3097 complexi
1056 3021 1150 3079 sunt.
1181 3005 1252 3077 Ne-
1300 3005 1474 3073 similium·
1495 3004 1533 3073 in
1557 3020 1682 3075 natura
1706 3007 1862 3077 intueri?
1913 3009 1962 3082 Ae
1984 3012 2069 3081 istos
2090 3006 2284 3089 histriones,
2328 3010 2330 3017 '

261 3144 330 3213 que
352 3113 564 3194 verisimile,
591 3123 723 3179 tantam
749 3107 952 3178 varietatem
969 3109 1135 3177 scientiae
1153 3133 1252 3199 repe-
1301 3110 1426 3200 neque
1444 3108 1578 3176 utilitas
1606 3103 1734 3177 harum
1759 3134 1899 3197 rerum,
1932 3137 2046 3206 neque
2069 3116 2229 3187 suavitas
2245 3114 2284 3183 ad

260 3220 326 3292 riri
354 3217 526 3309 potuisse,
553 3211 622 3282 nisi
644 3208 742 3281 Deus
764 3209 915 3280 istorum
936 3209 1096 3280 virorum
1118 3225 1252 3280 memes
1300 3209 1508 3278 discendum
1526 3225 1725 3300 permovet,
1752 3212 1975 3307 quiquidem
1995 3211 2285 3308 hormagieodio
2328 3196 2330 3269 l

258 3317 432 3413 singulari
465 3314 586 3384 aillatu
615 3312 784 3382 movisset
808 3312 851 3379 ad
883 3335 1004 3382 earum
1031 3313 1252 3383 observatio·
1301 3310 1400 3399 digni
1423 3325 1522 3396 sunt,
1549 3313 1643 3405 quod
1667 3314 1771 3381 etiam
1796 3317 1954 3407 exemplo
1978 3332 2120 3392 nocent.
2172 3316 2287 3391 Plures

259 3448 359 3507 nem,
382 3419 446 3515 qui
461 3441 518 3487 eas
535 3427 761 3508 repererunt,
787 3427 821 3484 et
838 3412 1005 3508 pleraque
1023 3428 1252 3486 monstrasset
1300 3415 1395 3481 enim
1412 3426 1514 3500 suut,
1538 3428 1577 3484 ut
1591 3414 1631 3484 fit
1646 3415 1738 3485 inter
1752 3409 1932 3502 homines,
1959 3420 2019 3511 qui
2037 3415 2130 3490 banc
2147 3414 2285 3493 histrio·

259 3530 431 3606 abstrusa,
456 3544 546 3613 quae
560 3514 719 3587 humano
738 3515 881 3604 ingenio
897 3517 975 3586 erui
989 3540 1062 3586 uon
1079 3529 1252 3608 poterant.
1302 3516 1437 3599 nicam,
1461 3541 1542 3585 cum
1566 3511 1692 3586 haheat
1715 3520 2015 3609 compendiariam
2034 3523 2128 3591 viam
2148 3526 2194 3593 ad
2211 3543 2285 3615 opes

260 3627 363 3715 Quae
385 3625 525 3693 tandem
549 3634 695 3689 naturae
714 3640 793 3708 pars
806 3617 1046 3702 desideratur,
1072 3642 1162 3710 quae
1178 3642 1251 3689 non
1300 3620 1495 3708 parandas,
1521 3617 1651 3686 imitari
1671 3619 1792 3699 velint,
1820 3646 1924 3713 quam
1941 3623 2002 3715 qui
2020 3626 2212 3715 perfectam
2225 3626 2283 3694 do·

260 3729 307 3799 sit
324 3725 491 3819 patefacta
507 3734 611 3814 atque
627 3720 800 3789 illustrata
815 3712 944 3787 horum
962 3718 1100 3788 literis?
1141 3717 1252 3788 Gem-
1300 3718 1451 3788 ctrinam
1481 3732 1664 3809 expetant,
1697 3746 1786 3812 quae
1818 3724 1908 3791 nulli
1943 3740 2057 3814 potest
2086 3728 2284 3817 contingere

260 3853 358 3913 mae,
391 3826 555 3917 plantae,
584 3819 778 3889 animantia
805 3832 839 3888 et
864 3834 979 3912 partes
1002 3821 1251 3901 animantium,
1300 3819 1376 3888 sine
1400 3820 1570 3888 acerrimo
1593 3822 1728 3890 studio:
1761 3823 1807 3892 ita
1833 3826 2003 3915 paulatim
2029 3852 2110 3898 vera
2136 3853 2195 3902 ars
2214 3852 2283 3901 cor·

261 3938 622 4022 temperamentorum
652 3920 854 4005 varietates,
888 3944 1011 3991 causae
1033 3923 1252 4009 morborum,
1301 3923 1498 4013 rumpitur,
1533 3923 1695 3993 doctrina
1719 3927 1873 4014 neglecta
1898 3929 2065 4017 paulatim
2091 3932 2283 4002 collabittu.

261 4055 385 4105 causae
400 4026 657 4110 remediorum,
683 4022 867 4114 multiplex
883 4022 973 4093 ratio
991 4038 1025 4095 et
1039 4047 1252 4095 couservan-
1300 4020 1376 4113 Ego
1408 4048 1491 4093 sero
1524 4025 1608 4117 quia
1638 4026 1739 4095 doleo
1765 4028 1874 4097 vicem
1898 4030 2052 4120 optimae
2075 4032 2184 4115 artis,
2218 4055 2282 4103 nou

261 4137 326 4205 dae
352 4129 513 4202 sanitatis
534 4140 568 4197 et
589 4127 866 4216 recuperandae,
891 4128 1071 4219 quomodo
1095 4127 1177 4196 iude
1191 4152 1251 4197 us-
1302 4149 1443 4216 possum
1462 4150 1536 4194 non
1553 4149 1756 4197 succensere
1771 4129 1846 4199 istis
1864 4132 2039 4220 pestibus,
2066 4158 2160 4226 quae
2173 4159 2282 4207 veram

260 4259 330 4329 que
352 4257 372 4302 a
390 4243 561 4321 conceptu
577 4230 621 4298 ad
640 4241 833 4298 extremum
849 4226 944 4311 ¹vitae
960 4242 1099 4312 actum,
1125 4243 1249 4300 natura
1298 4224 1589 4320 Philosophiam,
1614 4254 1682 4322 qua
1701 4230 1841 4300 nullum
1856 4227 1990 4305 habent
2004 4231 2171 4307 homines
2184 4262 2281 4309 orna·

260 4336 413 4409 fovenda
436 4346 470 4402 et
493 4333 659 4399 adversus
683 4331 827 4399 morbos
848 4331 1041 4401 munienda
1067 4331 1130 4417 sit,
1162 4346 1252 4402 tem·
1300 4345 1458 4400 mentum
1490 4331 1620 4410 maius,
1656 4333 1864 4422 opprimunt
1894 4348 1926 4404 ct
1956 4336 2182 4427 extinguunt.
2237 4337 2280 4411 Ac

261 4449 465 4531 perornenta
487 4432 762 4511 elementorum,
789 4431 898 4516 aeris,
923 4457 1053 4525 aquae,
1080 4434 1252 4518 locorum,
1300 4435 1482 4501 videamus
1506 4432 1611 4500 etiam
1633 4435 1713 4501 aliis
1733 4437 1973 4526 temporibus,
2001 4435 2067 4509 hoc
2088 4464 2205 4535 genus
2223 4442 2280 4511 im·

260 4564 347 4637 quas
367 4534 540 4617 habeant,
566 4557 703 4617 causas,
726 4557 815 4625 quos
835 4533 995 4614 effectus,
1023 4560 1113 4627 quae
1131 4536 1175 4605 sit
1192 4561 1250 4603 co·
1301 4549 1482 4624 postorum
1508 4535 1668 4604 nocetisse
1690 4537 1775 4621 arti3
1803 4534 1960 4609 Galenus
1976 4541 2070 4610 enim
2087 4544 2190 4613 valde
2203 4566 2280 4639 que-

260 4644 372 4734 gnitio
397 4639 608 4734 qualitatum
633 4635 671 4702 in
693 4635 902 4729 corporibus
925 4635 1152 4707 inferioribus
1170 4663 1250 4707 curn
1301 4638 1392 4707 citur
1423 4637 1564 4705 sceleste
1594 4652 1793 4728 corruptam
1819 4663 1891 4708 esse
1914 4667 1933 4708 a
1958 4640 2110 4714 Servulo
2136 4648 2278 4738 quodattt

260 4743 464 4814 coelestium
474 4761 663 4831 corporum
675 4736 842 4817 motibus,
867 4740 961 4807 unde
971 4740 1251 4809 existantomnes
1302 4734 1404 4806 uibili
1433 4734 1596 4822 homine,
1622 4735 1809 4825 Thessalo;
1836 4744 1897 4810 sed
1912 4740 2071 4814 Galenus
2088 4747 2281 4838 divinaope

261 4846 300 4915 in
320 4844 529 4933 corporibus
553 4838 789 4921 mutationes,
824 4862 914 4930 quae
937 4834 1089 4910 habeant
1111 4855 1248 4911 tantum
1302 4840 1535 4909 collabentem
1586 4864 1627 4908 eo
1675 4855 1832 4932 tempore
1876 4844 2073 4914 doctrinam
2124 4849 2280 4920 restituit.

262 4949 298 5015 iu
331 4944 475 5015 materia
501 4965 639 5024 causas,
672 4963 760 5030 quae
783 4940 888 5009 etiam
911 4935 1064 5013 habeant
1085 4943 1251 5012 coelestes
1301 4941 1404 5012 Nunc
1428 4968 1501 5009 uon
1527 4957 1577 5011 est
1602 4941 1920 5029 unus'l'hessalus,
1946 4952 2004 5017 sed
2029 4949 2166 5043 ubique
2185 4952 2287 5044 plcua

261 5069 400 5130 causas3
442 5046 595 5115 breviter
623 5055 696 5112 tota
727 5065 844 5110 rerum
876 5055 1019 5123 natura,
1054 5044 1091 5111 in
1121 5045 1251 5114 nostris
1301 5058 1383 5112 sunt
1405 5044 1639 5134 impostorum
1662 5046 1803 5130 omnia,
1832 5061 1864 5116 et
1879 5048 1994 5120 fatalis
2011 5054 2185 5144 quaedam
2201 5054 2292 5125 cala·
2328 5038 2330 5051 ¹

262 5151 362 5220 libris
377 5148 473 5237 quasi
491 5149 580 5237 picta
599 5143 768 5215 cernitur.
796 5141 913 5231 Quem
930 5157 1047 5213 autem
1064 5169 1136 5213 non
1156 5147 1252 5216 iuvet
1302 5148 1422 5229 mites,
1455 5160 1563 5215 artem
1585 5169 1710 5233 urgere
1732 5147 1883 5218 videtur.
1926 5148 1994 5221 ,Ac
2016 5147 2107 5222 mihi
2128 5157 2296 5227 conside·

262 5254 326 5323 ista
360 5251 491 5335 legere,
524 5269 750 5336 cognoscere,
785 5245 1042 5334 contemplari?
1091 5244 1185 5316 Nam
1207 5251 1251 5317 ad
1302 5248 1393 5316 ranti
1420 5248 1597 5317 interdum
1622 5250 1709 5317 alias
1731 5249 1953 5341 disciplinas,
1975 5255 2299 5328 uidenturexillit

261 5350 387 5423 hairum
419 5373 537 5416 rerum
569 5348 834 5440 inquisitionem
866 5360 970 5439 atque
1002 5348 1252 5436 coguitionem,
1302 5351 1406 5419 etiam
1431 5350 1594 5440 plurimi,
1626 5365 1763 5421 tautum
1788 5354 1909 5423 venari
1932 5357 2071 5438 titulos,
2105 5362 2152 5430 ad
2174 5376 2299 5432 ostcn⁶

262 5453 434 5544 procreati
469 5465 571 5542 atque
609 5449 718 5539 geniti
756 5471 898 5534 sunaus,
940 5462 981 5519 ut
1018 5449 1111 5520 inter
1148 5475 1251 5521 sanos
1301 5453 1468 5552 tationem
1487 5465 1725 5545 etquaestum.
1780 5452 2300 5550 l'erauretperlectamdoctri·
