4664 6022
138 320 214 398 951
518 306 679 386 auct..
716 305 789 382 ott
821 301 1122 379 PARTIBUS
1154 300 1229 376 ΕΤ
1262 301 1536 380 MOTIBUS
1567 300 1803 382 CORDlS.
2113 306 2189 385 952

141 501 219 571 lum
236 490 333 564 hunc
349 512 456 563 usum
473 481 619 571 habent,
643 496 684 555 ut
699 475 914 575 prohibeant
928 501 974 548 ne
987 477 1141 548 nimium
1191 479 1321 550 multas
1344 500 1475 552 causas.
1528 475 1620 552 Nam
1643 494 1676 552 et
1699 481 1798 550 cordi
1820 479 2088 570 refrigeratione
2103 504 2191 572 opus

55 650 59 655 -
144 600 272 672 influat
287 607 349 666 aut
363 592 498 674 effluat,
519 591 578 658 sed
595 587 701 657 etiam
719 606 848 674 organa
864 594 946 651 sunt
960 580 1142 651 attractio·
1195 596 1265 668 est,
1288 575 1436 652 attrahit
1456 580 1566 670 igitur
1590 595 1625 651 et
1649 576 1790 655 exhalat
1814 599 1950 668 aerem,
1976 582 2108 653 deinde
2128 607 2192 653 nec

143 704 223 786 nis,
248 721 332 768 nam
350 709 449 766 motu
465 693 582 763 cordis
607 704 728 761 tensae
753 687 907 758 tendunt
923 698 957 754 et
972 684 1067 773 ipsae
1083 707 1142 754 ca·
1194 685 1356 776 generari
1379 683 1524 776 spiritus
1546 683 1617 752 nisi
1641 687 1757 755 calore
1777 701 1813 757 et
1837 700 1937 757 motu
1954 685 2102 775 poterit,
2126 709 2192 756 nec

144 804 282 876 nalium
296 799 446 880 tunicas,
465 808 506 864 ut
520 793 741 883 sanguinem,
762 788 940 880 spiritum,
954 801 1016 857 aut
1027 792 1142 856 aeirem
1195 789 1271 857 sine
1294 801 1395 857 motu
1414 787 1534 878 aliquo
1553 788 1744 858 transmitti
1771 804 1896 879 potest.
1949 787 2192 859 Miraestau·

147 929 255 1002 quem
270 902 473 982 continent,
499 898 647 990 pellant.
1196 905 1266 960 tem
1291 889 1470 980 copulatio
1493 888 1584 958 aeris
1606 913 1686 959 cum
1711 893 1841 961 nostris
1870 891 2091 983 corporibus.
2145 886 2193 962 Ut

249 1005 335 1078 Dixi
351 1001 558 1073 brevissime
575 1001 620 1068 de
636 993 796 1066 aedilicio
813 990 951 1074 cordis,
976 990 1071 1083 quod
1092 986 1142 1058 ita
1196 993 1292 1061 enim
1314 992 1496 1061 nutrimur
1518 993 1625 1061 rebus
1647 993 1739 1062 natis
1762 1017 1802 1062 ex
1820 1008 1974 1087 quatuor
1994 991 2192 1073 elementis,

148 1109 260 1200 magis
280 1104 558 1188 admirabimur,
584 1124 663 1171 cum
682 1120 766 1167 usus
785 1106 819 1165 ει
842 1108 960 1163 motus
983 1090 1143 1160 conside·
1196 1095 1280 1187 quia
1304 1118 1346 1163 ex
1370 1090 1427 1162 his
1455 1108 1488 1164 et
1512 1105 1633 1163 nostra
1655 1119 1801 1186 corpora
1826 1097 1977 1166 conflata
2004 1107 2111 1179 suut,
2145 1093 2193 1165 ita

147 1214 318 1284 rabimus.
373 1207 518 1280 Utilitas
533 1219 585 1274 est
599 1203 714 1292 prima
727 1213 762 1271 et
776 1220 925 1279 summa,
948 1196 1042 1287 quod
1059 1193 1146 1261 reli·
1196 1222 1276 1266 cum
1292 1197 1330 1264 in
1349 1212 1428 1269 aere
1444 1219 1641 1280 versemur,
1666 1198 1861 1287 plurimum
1885 1195 2071 1267 haurimus
2091 1196 2194 1281 aeris,

150 1340 221 1409 quo
238 1310 380 1403 corpori
394 1310 475 1378 lons
489 1321 524 1377 et
539 1307 681 1374 initium
698 1315 748 1371 est
756 1304 848 1370 vitae
862 1313 896 1368 et
911 1296 1038 1366 caloris
1052 1294 1145 1363 vivi·
1197 1312 1231 1368 et
1249 1294 1307 1369 hic
1331 1311 1502 1389 temperat
1526 1298 1779 1368 lucidissimam
1804 1301 2002 1383 flammam,
2030 1323 2124 1394 quae
2145 1311 2193 1369 est

148 1417 228 1498 fici,
262 1415 336 1483 sive
369 1407 456 1480 haec
489 1410 667 1478 discernas
699 1407 773 1474 sive
806 1403 899 1470 idem
934 1423 1008 1469 esse
1040 1398 1144 1466 dicas.
1197 1402 1341 1493 spiritus
1359 1400 1487 1473 vitalis.
1537 1395 1604 1469 Est
1619 1415 1735 1469 autem
1759 1396 1815 1471 hic
1832 1417 1948 1473 motus
1962 1401 2000 1469 in
2018 1400 2192 1471 cordele·

149 1513 289 1589 Deinde
307 1513 483 1606 spiritum,
510 1526 544 1581 et
556 1506 652 1580 hunc
668 1506 847 1575 vivificum
865 1503 1017 1571 calorem
1035 1499 1072 1568 in
1090 1515 1145 1569 to-
1196 1505 1291 1574 xatio
1310 1516 1343 1573 et
1365 1502 1558 1571 contractio
1575 1505 1872 1590 ventriculorum,
1900 1528 1990 1598 quae
2004 1504 2057 1575 sic
2076 1503 2117 1574 fit
2130 1527 2190 1574 na-

151 1633 228 1691 tum
245 1640 373 1707 corpus
396 1615 547 1706 spargit,
574 1613 654 1682 ideo
670 1609 788 1702 inquit
804 1603 1027 1677 Aristoteles:
1052 1625 1146 1696 καρ-
1197 1621 1276 1677 tura
1295 1606 1430 1693 cordis,
1455 1629 1520 1674 nec
1540 1605 1675 1693 regitur
1690 1632 1709 1674 a
1726 1607 1869 1677 cerebro
1893 1622 1954 1678 aut
1968 1605 2110 1685 nervis,
2131 1605 2185 1677 scd

150 1717 216 1796 δία
241 1715 339 1791 ἐστὶν
362 1696 466 1812 ἀρχῆ
479 1711 569 1811 βίου
593 1717 684 1785 πᾶσι
698 1707 843 1805 μέρεσι,
868 1703 932 1778 καὶ
951 1699 1148 1798 μεταδιδοῖ
1197 1710 1305 1778 librae
1321 1723 1404 1778 sunt
1420 1707 1584 1797 propriae
1598 1709 1732 1793 cordis,
1759 1703 1865 1779 buius
1880 1722 1999 1779 motus
2019 1707 2185 1778 rectrices.

26 1830 28 1834 ‘
150 1817 368 1916 θερμασίαν
390 1814 570 1913 βιωτικὴν
591 1821 700 1899 πᾶσι,
726 1807 790 1885 καὶ
810 1814 958 1901 πνεῦμα
974 1813 1029 1903 aqi
1046 1807 1146 1904 e'yas-
1197 1811 1269 1881 Nec
1284 1812 1385 1902 plura
1405 1833 1500 1878 nunc
1518 1813 1561 1878 de
1576 1835 1617 1878 eo
1632 1810 1764 1894 dicam,
1791 1825 1928 1881 tantum
1942 1814 2124 1881 admoneo
2139 1810 2190 1881 iu-

151 1924 263 2022 φαλῳ
277 1919 340 1995 καὶ
355 1918 479 2016 ἥπατι.
532 1919 695 1991 Secunda
712 1915 864 1997 utilitas,
889 1913 986 2005 quod
1001 1909 1146 2000 spiritus
1199 1915 1335 1996 niores,
1361 1925 1399 1981 ut
1417 1912 1571 1999 cogitent
1586 1913 1801 1984 necessitatis
1816 1936 1878 1983 seu
1893 1913 1983 1984 vitae
2000 1935 2125 1995 causa,
2148 1912 2191 1982 ad

151 2027 261 2118 geniti
288 2028 325 2093 in
341 2027 464 2108 corde,
490 2047 570 2092 cum
593 2033 714 2113 postea
738 2016 872 2087 cerebri
889 2016 926 2084 vi
944 2027 1145 2105 temperan-
1199 2012 1263 2085 bos
1286 2038 1369 2084 usus
1389 2015 1590 2084 institutum
1608 2037 1699 2104 esse,
1727 2017 1808 2108 quia
1828 2012 1895 2085 hoc
1919 2029 2020 2085 motu
2044 2009 2192 2085 attrabi-

152 2144 229 2212 tur,
255 2129 344 2198 liunt
367 2127 600 2196 instrumenta
617 2120 776 2214 proxima
792 2119 972 2187 actionum
989 2117 1026 2183 in
1050 2138 1146 2184 cere·
1198 2133 1256 2188 tur
1283 2124 1360 2200 aer,
1403 2128 1437 2187 et
1469 2117 1659 2186 adiuvatur
1692 2117 1872 2207 generatio
1903 2132 1937 2188 et
1970 2117 2191 2190 transmissio

154 2234 220 2301 bro
237 2243 271 2300 et
286 2230 322 2298 in
339 2228 477 2312 nervis,
504 2241 538 2297 et
553 2226 647 2296 cient
662 2222 928 2312 cogitationem,
955 2241 1097 2286 sensum
1113 2228 1148 2284 et
1197 2220 1402 2314 spirituum.

152 2347 302 2414 motum,
328 2331 413 2425 quid
432 2342 547 2399 autem
564 2342 652 2396 esset
669 2326 740 2394 vita
753 2323 830 2392 sine
844 2345 959 2404 sensu,
985 2334 1086 2389 motu
1112 2332 1145 2387 et
1300 2318 1402 2391 Alter
1413 2333 1532 2391 motus
1548 2319 1586 2388 in
1601 2322 1707 2390 corde
1720 2322 1926 2390 nominatur
1940 2321 2116 2404 adfectus,
2134 2320 2190 2414 qni

153 2435 375 2524 cogitatione.
428 2431 550 2501 Tertia
574 2430 709 2501 utilitas
730 2426 880 2495 maxime
904 2423 1046 2515 propria
1067 2444 1147 2490 cor·
1198 2425 1437 2515 coguitionem
1460 2422 1638 2515 sequitur,
1665 2439 1698 2494 et
1718 2425 1922 2494 accenditur
1941 2421 2101 2496 noticiis.
2153 2419 2188 2492 ld
2215 2450 2229 2457 ·

153 2539 220 2620 dis,
244 2539 338 2628 quod
356 2559 431 2604 non
445 2534 560 2603 solum
579 2533 678 2601 sedes
694 2542 743 2598 est
759 2527 963 2615 affectuum,
989 2526 1048 2593 sed
1065 2523 1146 2592 sons
1198 2551 1281 2596 vero
1301 2529 1480 2620 quomodo
1496 2526 1576 2611 liet,
1598 2540 1658 2596 aut
1674 2527 1831 2618 quaevis
1850 2526 1896 2597 sit
1913 2525 2056 2595 cerebri
2074 2538 2109 2594 et
2123 2524 2188 2616 spi-

152 2641 260 2710 etiam
277 2650 310 2709 et
326 2660 427 2707 causa
436 2684 448 2726 ,
473 2650 514 2706 ut
529 2635 701 2704 sentimus
716 2631 824 2700 vitam
841 2628 1014 2698 laeticiam
1030 2649 1146 2720 quan-
1198 2630 1330 2700 rituum
1345 2628 1549 2698 ferientium
1565 2630 1683 2712 corda,
1696 2642 1736 2697 ut
1751 2641 1821 2698 tam
1836 2628 1926 2698 varii
1941 2640 2066 2699 motus
2081 2627 2186 2697 cican-

148 2739 235 2811 ¹dam
257 2763 348 2825 esse,
373 2738 588 2808 moesticiam
607 2760 690 2804 vero
711 2749 861 2806 mortem
879 2745 913 2800 et
935 2729 1145 2799 destructio·
1198 2748 1276 2816 tur,
1301 2731 1418 2799 dicere
1436 2754 1509 2800 non
1527 2752 1682 2820 possum,
1708 2731 1777 2799 nisi
1794 2731 1877 2823 quia
1893 2730 1944 2799 sic
1962 2724 2097 2801 natura
2110 2753 2181 2800 con-

153 2845 210 2912 nis
224 2866 374 2912 cansam.
420 2837 468 2910 Et
482 2861 685 2933 quanquam
701 2837 807 2905 sentit
822 2858 883 2902 cor
898 2855 1022 2901 suaves
1038 2843 1073 2900 et
1090 2829 1147 2898 in·
1196 2835 1270 2903 dita
1294 2847 1362 2912 est,
1388 2846 1429 2902 ut
1442 2832 1576 2902 cerebri
1599 2845 1634 2901 et
1649 2834 1766 2902 cordis
1782 2833 1863 2902 talis
1884 2833 1931 2902 sit
1948 2855 2134 2902 cousensus
2145 2843 2174 2900 et

152 2968 276 3014 suaves
293 2944 466 3012 motiones
483 2965 544 3031 per
558 2961 706 3022 nervos,
732 2937 793 3030 qui
808 2959 827 3003 a
845 2949 940 3003 sexto
967 2934 1042 3025 pari
1063 2955 1146 3000 ner·
1198 2927 1430 3027 συμπάθεια.
1481 2932 1606 3003 Voluit
1629 2932 1725 3004 Deus
1752 2935 1869 3004 lucere
1893 2958 1976 3004 suae
2001 2932 2170 3026 sapientiae

153 3070 281 3115 vorum
313 3044 448 3115 cerebri
474 3044 512 3111 in
542 3065 604 3111 cor
632 3039 774 3109 deducti
801 3052 902 3120 sunt,
934 3049 1052 3105 tamen
1082 3057 1146 3104 sua
1198 3038 1315 3108 radios
1340 3036 1377 3105 in
1404 3038 1547 3106 cerebro
1572 3051 1714 3122 nostro,
1747 3032 1903 3116 cumbis
1922 3053 1957 3108 et
1981 3039 2092 3107 corda
2108 3057 2178 3105 con-

151 3149 324 3240 quaedam
343 3160 395 3216 est
417 3158 542 3215 natura
558 3143 695 3228 cordis,
719 3165 787 3233 qua
807 3141 876 3209 ciet
901 3139 1078 3222 adlectus,
1112 3147 1146 3204 et
1197 3164 1322 3231 gruere
1353 3140 1487 3222 voluit,
1521 3138 1688 3209 laetantia
1719 3140 1900 3228 agnitione
1927 3137 2015 3224 Dei,
2057 3137 2182 3230 etipse

152 3249 291 3320 laeticia
313 3247 462 3331 fruitur,
496 3261 532 3317 et
548 3244 763 3315 contabescit
780 3243 914 3312 dolore.
968 3239 1062 3310 Sunt
1080 3262 1146 3307 au·
1197 3245 1317 3312 adesse
1334 3241 1371 3310 in
1386 3241 1553 3310 cordibus
1569 3241 1698 3311 nostris
1713 3254 1882 3335 tanquam
1898 3241 1936 3310 in
1951 3243 2037 3310 sede
2055 3264 2118 3310 sua
2130 3263 2184 3309 vo·

152 3364 222 3421 lem
238 3345 323 3419 haec
338 3349 375 3418 in
392 3351 461 3418 vita
477 3349 677 3440 praecipua,
702 3367 836 3423 sensus,
864 3343 1041 3431 cogitatio,
1067 3365 1145 3408 mo·
1198 3345 1284 3428 luit,
1311 3358 1344 3414 et
1363 3343 1574 3434 perfundere
1589 3366 1654 3413 nos
1669 3367 1731 3413 sua
1748 3345 1826 3414 luce
1843 3357 1876 3413 ει
1892 3342 2045 3417 laeticia.
2100 3341 2185 3412 Haec

151 3467 225 3533 tus,
252 3442 373 3521 laetari
395 3453 500 3521 rebus
518 3448 831 3529 convenientibus,
858 3459 918 3515 aut
941 3445 1062 3513 dolere
1081 3444 1146 3510 ad·
1198 3432 1316 3516 minus
1341 3445 1591 3534 intelligimus,
1623 3446 1707 3538 quia
1728 3447 1840 3536 prima
1867 3445 2003 3515 cerebri
2020 3458 2056 3516 et
2076 3443 2185 3515 cordis

151 3555 279 3636 versis,
306 3549 432 3622 horum
452 3555 577 3623 ultima
595 3551 736 3642 propria
756 3550 872 3616 cordis
893 3570 965 3615 esse
980 3548 1143 3616 fatemur.
1197 3544 1394 3631 harmonia,
1416 3572 1521 3641 quam
1530 3543 1627 3617 Deus
1642 3548 1814 3629 condidit,
1837 3550 1975 3619 turbata
1991 3561 2054 3621 est.
2089 3545 2186 3617 Nunc

150 3657 273 3750 ltaque
303 3658 347 3723 ad
377 3651 471 3723 hunc
496 3679 599 3724 usum
622 3651 865 3741 principaliter
890 3648 1070 3718 conditum
1094 3660 1146 3716 est
1198 3653 1306 3739 igitur
1323 3651 1370 3720 ita
1390 3651 1588 3740 disputant,
1613 3650 1769 3721 adlectus
1786 3651 1993 3720 comitantes
2010 3649 2186 3733 noticiam,

149 3783 229 3843 cor,
258 3772 297 3827 ut
323 3758 544 3826 domicilium
566 3752 632 3824 Dei
649 3756 710 3837 sit,
739 3752 908 3840 etdiviua
934 3751 1069 3820 laeticia
1088 3774 1145 3818 re·
1197 3767 1237 3822 ut
1252 3754 1359 3837 iram,
1387 3751 1548 3821 incendia
1567 3776 1740 3836 amorum,
1767 3752 1951 3837 laeticiam,
1975 3775 2093 3844 spem,
2119 3774 2187 3821 ms·

150 3861 280 3930 fertum
298 3860 352 3931 sit.
1198 3869 1273 3938 tus,
1305 3849 1372 3922 hoc
1392 3856 1499 3922 modo
1525 3853 1685 3938 excitari,
1719 3855 1801 3947 quia
1829 3879 1889 3925 cor
1914 3856 2041 3924 feritur
2063 3853 2187 3945 spiritu

252 3959 353 4030 Hanc
384 3958 567 4027 mirificam
599 3957 716 4048 operis
741 3956 967 4036 varietatem,
1001 3968 1035 4023 et
1059 3949 1146 4023 haec
1197 3957 1510 4028 acerebromisso.
1554 3953 1622 4026 sed
1640 3957 1779 4026 facilior
1796 3971 1847 4028 est
1863 3957 2050 4048 explicatio
2070 3956 2189 4049 iisqui

151 4061 220 4133 Dei
242 4063 408 4150 corasilia,
435 4062 520 4129 soris
539 4072 571 4128 et
591 4062 815 4150 perdensam
840 4056 1025 4144 caliginem
1050 4057 1150 4149 aspi-
1197 4060 1338 4143 dicunt,
1363 4083 1424 4128 cot·
1441 4057 1662 4127 ‹lomicilium
1687 4083 1760 4127 esse
1777 4059 1957 4150 proprium
1973 4059 2188 4130 substantiae

152 4165 283 4233 cientes
305 4163 603 4253 obstupescimus,
628 4186 668 4230 ac
689 4161 850 4229 dolemus
874 4183 937 4225 nos
951 4183 1026 4226 non
1044 4159 1144 4248 peni·
1196 4161 1344 4231 animae.
1368 4159 1462 4231 ·Sed
1487 4161 1642 4231 contenti
1660 4161 1771 4230 simus
1794 4156 1859 4230 bac
1874 4161 2115 4254 qualicunque
2131 4185 2188 4230 ex-

151 4281 208 4336 tus
230 4265 458 4353 introspicere
483 4277 664 4344 naturam,
699 4275 733 4330 et
753 4284 872 4329 causas
891 4262 1009 4328 videre
1033 4283 1144 4350 posse.
1197 4263 1388 4355 positione,
1414 4264 1519 4332 talem
1536 4285 1608 4330 esse
1626 4264 1887 4354 copulationem
1904 4263 2038 4332 cerebri
2062 4275 2188 4334 etcor-

151 4367 220 4438 Sed
254 4382 337 4437 tunc
362 4368 505 4434 demum
535 4388 613 4431 cum
641 4365 754 4435 ideam
782 4376 928 4430 naturae
956 4363 993 4430 in
1027 4376 1144 4432 mente
1195 4367 1270 4448 dis,
1297 4379 1336 4434 ut
1359 4367 1465 4434 corda
1485 4365 1541 4433 vel
1563 4379 1731 4455 appetant
1748 4366 1804 4434 vel
1820 4365 1956 4456 fugiant
1975 4389 2031 4434 res
2053 4368 2188 4437 oblatas

150 4469 271 4537 divina
294 4491 494 4547 cernemus,
526 4466 667 4557 penitus
692 4479 727 4535 et
749 4460 839 4532 banc
861 4459 1081 4549 machinam,
1110 4479 1144 4535 et
1195 4468 1427 4556 cogitatione,
1462 4481 1495 4538 et
1517 4468 1600 4559 quia
1624 4492 1686 4536 cor
1708 4481 1803 4538 tenet
1825 4489 1990 4557 regnum,
2016 4480 2186 4539 ettamen

149 4594 270 4639 causas
297 4569 457 4639 omnium
487 4592 634 4660 operum
662 4568 868 4636 divinorum
895 4567 1143 4655 intelligemus.
1195 4571 1442 4659 cogitationem
1466 4583 1663 4662 sequuntur
1684 4570 1857 4655 adlectus,
1888 4571 2186 4643 considerandum

141 4669 253 4741 Nunc
274 4668 437 4743 inchoata
462 4666 527 4740 hac
550 4668 848 4751 consideratione,
881 4665 995 4737 Deum
1025 4663 1139 4738 archi·
1194 4685 1247 4742 est
1269 4673 1384 4764 qualis
1411 4672 1455 4740 sit
1478 4665 1563 4740 haec
1585 4673 1806 4760 gubernatio.
1865 4670 1934 4741 Hic
1957 4673 2077 4744 videte
2101 4676 2187 4745 duas

149 4784 279 4845 tectum
312 4797 557 4864 agnoscamus,
593 4786 627 4841 et
650 4772 748 4841 illius
771 4771 943 4862 perfectae
967 4771 1141 4840 desiderio
1194 4774 1326 4866 species
1349 4772 1616 4861 gubernationis
1638 4775 1677 4842 iu
1700 4769 1861 4858 homine,
1892 4798 2043 4865 quarum
2069 4790 2187 4867 postea

149 4879 391 4946 accendamur.
456 4872 697 4944 Consideratis
725 4887 842 4942 autem
870 4873 1085 4943 utilitatibus
1107 4888 1142 4944 et
1193 4877 1349 4968 exempla
1370 4877 1408 4944 in
1433 4875 1591 4966 imperiis
1615 4877 1770 4951 cernitis.
1822 4872 1953 4946 Omnis
1976 4878 2186 4967 gubernatio

148 4979 273 5046 officiis
295 4980 430 5061 cordis,
463 4976 688 5045 discernendi
711 4989 792 5045 sunt
822 4988 856 5044 et
877 4990 1006 5047 motus.
1058 4974 1140 5046 Duo
1192 4978 1231 5048 fic
1259 4994 1319 5049 aut
1340 4978 1542 5059 suadendo,
1575 4992 1637 5049 aut
1667 4981 1843 5069 cogendo,
1875 5003 1936 5049 seu
1964 4991 2006 5050 ut
2036 4982 2187 5053 crassius

148 5094 264 5150 autem
291 5094 374 5149 sunt
396 5103 520 5167 genera
541 5093 723 5159 motuum,
751 5078 812 5170 qui
827 5079 926 5146 cordi
943 5080 1139 5148 secundum
1191 5081 1327 5165 dicam,
1361 5081 1423 5173 qui
1446 5080 1637 5161 obediunt,
1674 5105 1798 5151 omnes
1824 5095 1885 5151 aut
1916 5082 2027 5152 coacti
2052 5084 2187 5157 faciunt

147 5195 310 5251 naturam
325 5194 549 5272 competunt,
575 5204 635 5250 seu
655 5181 716 5274 qui
734 5194 816 5249 sunt
831 5175 1027 5278 e‘vepysioc,
1055 5181 1140 5273 pul·
1191 5181 1380 5273 imperata,
1412 5195 1472 5252 ant
1494 5182 1722 5272 persuasione
1743 5184 1831 5253 moti
1854 5196 1979 5273 sponte
2002 5185 2186 5279 obtempe-

145 5302 204 5351 sus
233 5284 398 5354 videlicet
430 5299 463 5354 et
498 5283 659 5358 affectus,
701 5308 784 5353 narn
815 5296 949 5352 tremor
980 5308 1053 5352 non
1086 5296 1139 5354 est
1189 5301 1281 5356 rant.
1336 5283 1383 5357 Ut
1400 5283 1624 5374 Magistratui
1642 5287 1681 5354 in
1697 5283 1836 5377 Repub.
1853 5285 1914 5356 alii
1930 5286 2107 5359 obediunt
2124 5313 2186 5359 vo-

146 5379 326 5480 ἐνέργεια,
359 5398 392 5455 et
416 5408 561 5478 prorsus
583 5386 727 5455 aliunde
756 5386 881 5456 oritur.
935 5382 1136 5455 Necessaria
1188 5387 1318 5471 lentes,
1343 5386 1461 5478 legum
1474 5410 1536 5457 seu
1553 5389 1767 5473 reverentia,
1792 5412 1853 5459 seu
1869 5401 1985 5474 metu,
2006 5390 2070 5459 alii
2088 5392 2185 5462 ducti

143 5497 193 5555 est
216 5500 333 5558 autem
354 5488 465 5578 motio
488 5510 578 5580 quae
596 5487 805 5561 nominatur
824 5486 964 5580 pulsus,
990 5502 1136 5580 propter
1186 5489 1226 5558 in
1240 5512 1414 5559 carcerem
1429 5489 1621 5576 obediunt,
1644 5491 1726 5585 quia
1743 5490 1940 5562 iamvin'cti
1955 5514 2022 5562 nec
2036 5506 2186 5585 possunt
