4664 6022
160 296 238 373 sot
581 292 855 377 DECL—DE
888 292 1034 373 Vtra
1066 289 1383 375 RODOLPHI
1417 289 1786 375 tuatcouar.
2121 306 2198 382 tto

156 467 254 542 hanc
270 470 502 566 impudentia,
528 474 671 567 quaein
688 473 840 570 quadam
855 474 1034 564 tragoedia
1049 497 1154 543 voca·
1203 469 1305 542 luent
1331 456 1505 563 improbi:
1539 473 1692 546 modesti
1716 498 1799 545 vero
1825 488 1859 548 et
1889 476 2008 566 legum
2038 492 2195 552 amantes

156 587 220 645 tur
233 577 397 645 omniurn
417 577 623 647 morborum
639 573 878 649 humanorum
894 577 1129 651 saevissimus.
1202 573 1358 664 praemia
1375 575 1547 644 virtutum
1562 576 1696 663 ferent,
1721 593 1754 648 et
1775 581 1954 670 perpetuis
1971 579 2137 652 laudibus
2153 584 2193 653 iu

264 676 364 766 Quid
381 680 477 770 quod
493 679 531 748 in
545 679 668 752 multis
688 681 794 763 locis,
820 680 926 748 etiam
949 681 1013 749 ubi
1031 702 1153 748 emen·
1200 672 1359 745 Ecclesia
1379 679 1624 764 ornabuntur,
1654 695 1688 749 et
1708 681 1872 751 fruentur
1886 682 2089 752 dulcissima
2105 709 2193 754 con-

155 779 261 850 datae
276 795 360 852 suut
374 776 561 867 Ecclesiae,
583 806 679 853 nuuc
695 783 925 872 negliguntur
939 783 1053 852 studia
1071 783 1152 851 lite·
1199 779 1386 847 suetudine
1415 776 1484 850 Dei
1513 781 1579 850 filii
1608 782 1701 866 eius,
1738 784 1954 873 optimorum
1984 782 2192 877 Principum

155 905 301 967 rarum,
331 907 435 952 nemo
459 883 656 973 opitulatur
678 885 894 978 pauperibus
920 879 1149 968 scholasticis,
1198 875 1319 965 Adae,
1363 876 1504 966 Nohae,
1556 879 1815 973 Prophetarum
1856 899 1890 955 et
1923 884 2191 979 Apostolorum.

154 982 250 1053 lame
273 997 446 1054 necantur
465 984 515 1075 pii
536 1000 570 1056 et
593 988 688 1058 docti
713 987 939 1071 Sacerdotes,
964 1001 998 1057 et
1024 1011 1146 1058 eorum
1197 978 1335 1051 Horum
1353 984 1397 1051 de
1417 984 1522 1054 uobis
1542 986 1670 1055 iudicia
1689 987 1775 1055 boni
1793 989 1862 1056 iam
1880 987 2088 1059 intueantur
2109 989 2192 1059 ani·

155 1086 326 1176 coniuges
341 1101 375 1156 et
388 1087 490 1177 parvi
506 1087 623 1159 liberi.
676 1087 797 1179 Quare
817 1090 999 1183 aliquanto
1017 1101 1149 1179 postet
1196 1084 1281 1167 mis,
1307 1097 1340 1153 et
1357 1085 1405 1155 ita
1421 1086 1561 1167 vivant,
1588 1100 1627 1156 ut
1651 1089 1722 1157 illis
1741 1114 1801 1159 sua
1825 1091 1990 1175 consilia,
2014 1091 2130 1163 studia
2153 1105 2190 1164 et

153 1183 212 1268 his
227 1188 387 1259 defuturi
409 1202 494 1259 sunt
509 1189 631 1261 idonei
645 1190 827 1277 Pastores,
843 1205 890 1282 ,et
912 1205 1073 1262 secutura
1097 1203 1147 1259 est
1196 1209 1310 1255 mores
1326 1188 1489 1277 probent.
1541 1186 1638 1257 Dixi.

152 1290 349 1369 barbaries,
371 1304 405 1360 et
422 1286 600 1363 horrenda
616 1294 759 1363 vastitas
767 1291 1016 1368 Ecclesiarum.
1048 1292 1147 1362 Haec

153 1393 248 1462 mala
266 1394 347 1485 quis
367 1407 481 1484 potest
496 1395 572 1465 siue
597 1391 788 1489 lachrymis
816 1396 873 1464 vel
896 1396 1067 1485 cogitare,
1089 1395 1146 1461 vel

152 1513 447 1576 commemorare,
473 1521 624 1588 quorum
638 1497 843 1585 magnitudo
859 1511 899 1567 ut
915 1499 1056 1567 tandem
1071 1492 1146 1566 Re-

152 1618 210 1688 ges
236 1597 382 1687 excitet,
416 1599 459 1666 ad
482 1623 564 1668 vera
591 1600 746 1670 remedia
771 1600 989 1692 quaerenda,
1022 1620 1145 1666 omnes
1191 1607 1332 1686 ΝΟΜ,
2018 1647 2067 1688 „„
2088 1625 2186 1692 1539,

151 1698 203 1792 pii
226 1699 485 1768 ardentissimis
501 1701 593 1773 votis
616 1714 749 1793 optent.
802 1699 963 1770 Profecto
986 1700 1056 1768 iam
1075 1700 1145 1766 eir·
1190 1723 1320 1751 Μ
1968 1766 1976 1777 ,
2022 1735 2185 1759 -aoe

150 1801 264 1871 tumit
286 1794 468 1886 Christus,
493 1805 668 1886 esuriens,
695 1803 834 1887 sitiens,
861 1803 1051 1886 laceratus,
1079 1801 1144 1869 fla·
1355 1834 1464 1919 'pta
1493 1834 1602 1921 Rod
1628 1840 1648 1920 l
1678 1839 1730 1921 h·
1757 1838 1809 1924 Α
1877 1845 1885 1864 .
1935 1845 1955 1925 l

149 1900 223 1995 gris
246 1902 472 1987 vulneratus,
506 1928 547 1974 ac
575 1905 742 1997 implorat
764 1928 868 1996 opem
897 1905 1082 1974 doctorum
1111 1914 1145 1971 et
1396 1866 1411 1920 ι
1600 1864 1677 1950 op
1711 1867 1727 1922 ι
1804 1869 1933 1957 «ymo
1953 1870 2021 1930 ae·

146 2005 431 2096 gubernatorum
448 2006 621 2087 omnium,
646 2020 741 2090 orat,
765 2021 806 2076 ut
823 2006 981 2097 corporis
996 2005 1144 2074 vulnera
1192 2001 1193 2005 ’
1259 1992 1439 2117 Apudscru.
1463 1997 1533 2118 Mlyt.
1552 2014 1579 2067 t·
1596 1995 1648 2049 3⁰⁶
1661 2015 1737 2070 ⁸‘tto
1766 1998 1795 2082 io
1813 1999 1936 2057 Declam.
1954 2002 1988 2065 Τ,
2007 2003 2042 2061 tt.
2060 2022 2087 2077 p.
2105 2007 2195 2076 450..

147 2104 330 2194 obligent,
362 2120 400 2176 ut
423 2107 588 2178 alimenta
612 2109 854 2200 suppeditent,
887 2131 992 2198 quem
1016 2108 1044 2175 si
1069 2128 1143 2173 non
1291 2081 1322 2115 ’Β
1361 2065 1629 2135 Μώμῳ·
1654 2068 2044 2143 ‘¹³⁹'R¹⁰h⁸'d'¹'¹'‘⁵⁹⁴‘

148 2206 360 2326 “Wlfflin'’
393 2202 488 2325 haud
513 2210 684 2329 duffii?
708 2223 885 2301 Ροδῑΐεῐῃο
903 2207 1038 2326 lulli&
1057 2202 1143 2326 blf?
1190 2241 1317 2311 Oratio
1345 2239 1392 2311 de
1417 2244 1497 2311 vita
1522 2239 1754 2334 ltoclolplti
1778 2247 2058 2341 Agricolae,
2099 2257 2184 2324 Fri·

150 2308 304 2379 lulmrne
330 2311 493 2381 audient:
527 2308 691 2396 Esunvr,
724 2326 757 2381 et
782 2335 857 2379 non
881 2311 1027 2378 dedrstrs
1052 2303 1143 2376 mrbr
1188 2345 1259 2428 δεῖ,
1288 2363 1415 2413 men„
1430 2345 1527 2414 M„
1554 2342 1686 2416 ,mma
1712 2368 1736 2416 α
1761 2352 1903 2426 ,omme
1920 2355 2075 2423 Smne
2091 2357 2183 2425 110,-

145 2411 284 2495 ⁶¹b¹¹¹¹¹2
309 2424 373 2483 ²¹⁰·
417 2410 1060 2502 llflmiledlclllssldnem‘lemnum‘
1102 2408 1143 2480 3¹
1187 2449 1364 2533 sotteusi,
1410 2467 1495 2516 eum
1526 2446 1748 2519 decerneret
1781 2452 1936 2522 titulum
1972 2457 2181 2550 Magisterii

146 2512 335 2584 consulere
350 2510 534 2602 Principes
547 2510 724 2584 Ecclesiae
740 2515 892 2597 vellent,
916 2537 989 2581 non
1008 2513 1143 2581 deesset
1189 2543 1409 2640 ,amdam
1442 2545 1607 2620 ponem-S
1634 2560 1672 2621 e,
1699 2551 1861 2622 mdiu,
1894 2555 2086 2630 ,aueum
2138 2564 2180 2631 ,n

144 2613 352 2689 consilium.
403 2614 474 2686 Sed
494 2615 642 2707 privatis
656 2631 690 2687 et
705 2616 847 2686 iniustis
869 2615 1053 2683 affectibus
1073 2614 1141 2681 im·
1474 2651 1597 2722 md·
1624 2652 1890 2751 mmmm,
2092 2609 2106 2648 '

143 2715 295 2809 peditur
326 2716 468 2806 publica
493 2718 640 2793 utilitas.
697 2716 807 2786 Tanti
839 2717 920 2786 fecit
946 2713 1141 2785 Ecclesiam

143 2840 251 2890 suom
284 2817 379 2886 lilios
401 2818 487 2902 Dei,
522 2833 562 2890 ut
586 2843 662 2888 eam
688 2819 781 2890 vitae
814 2842 896 2889 suae
923 2816 1141 2909 praetulerit.
1186 2799 1395 2885 Plurimum
1420 2814 1528 2884 refert
1550 2837 1616 2884 nos
1639 2815 1734 2909 ipsos
1750 2835 1842 2891 recte
1858 2821 2055 2912 intelligere
2070 2847 2180 2915 genus

143 2914 261 2991 Multi
287 2942 384 2988 nunc
407 2920 632 2991 stultissimos
653 2921 798 2991 affectus
817 2921 1019 2990 anteferunt
1035 2920 1140 2990 saluti
1186 2914 1281 2984 ,vitae
1301 2914 1339 2982 in
1364 2939 1435 3006 quo
1457 2939 1659 2998 versamur,
1690 2930 1725 2989 et
1745 2915 1811 2990 hoc
1824 2947 1954 2993 munus
1974 2928 2069 3018 qtrod
2086 2929 2181 2997 divi-

141 3023 258 3094 totius
278 3017 474 3108 Ecclesiae,
506 3048 546 3094 ac
569 3022 732 3094 funditus
755 3046 832 3091 eam
854 3021 972 3115 perire
991 3022 1141 3104 malunt,
1186 3017 1283 3086 nitus
1306 3017 1411 3085 nobis
1434 3019 1644 3088 attributum
1677 3036 1744 3106 est,
1778 3023 1959 3111 videlicet,
1992 3052 2181 3099 conserva-

140 3146 254 3219 quam
277 3123 462 3214 paululum
494 3126 634 3195 frenare
657 3125 907 3208 ambitionem,
939 3137 1001 3193 aut
1024 3123 1140 3192 avari·
1186 3119 1321 3188 tionem
1337 3120 1679 3210 ac‘propagationem
1696 3137 1810 3193 rectae
1835 3128 2016 3199 doctrinae
2034 3133 2077 3200 de
2093 3133 2180 3201 reli-

140 3226 251 3308 tiam,
283 3237 345 3294 aut
371 3225 569 3299 libidinem.
621 3221 670 3297 Et
690 3240 809 3297 tamen
824 3220 864 3293 hi
887 3248 924 3294 se
939 3225 1141 3293 defensores
1184 3221 1290 3308 gione
1305 3232 1339 3288 et
1353 3221 1397 3287 de
1411 3220 1491 3287 aliis
1506 3222 1612 3289 rebus
1627 3219 1796 3296 honestis.
1850 3225 1927 3297 Etsi
1945 3231 2040 3300 enim
2057 3234 2178 3324 splen-

142 3320 386 3397 Ecclesiamm
401 3328 470 3396 dici
485 3329 623 3399 volunt.
1185 3321 1281 3390 doris
1304 3320 1385 3411 plus
1409 3317 1542 3390 habent
1566 3323 1628 3390 alii
1650 3325 1742 3394 vitae
1757 3328 1887 3415 gradus
1904 3344 2010 3424 atque
2022 3336 2178 3418 ordines,

252 3424 340 3498 Cum
363 3429 473 3517 igitur
495 3443 591 3501 tanta
612 3429 658 3500 sit
682 3425 751 3500 hoc
768 3442 926 3520 tempore
947 3427 1141 3520 dissipatio,
1184 3434 1303 3491 tamen
1319 3423 1350 3489 si
1366 3446 1446 3490 vere
1462 3424 1625 3493 volumus
1646 3427 1847 3513 aestimare,
1870 3454 2010 3502 summa
2023 3435 2180 3526 dignitas

146 3539 186 3598 et
203 3526 403 3620 impendeat
419 3533 533 3603 maior
547 3533 708 3602 omnium
724 3555 843 3601 rerum
863 3531 1044 3613 confusio,
1070 3529 1141 3596 nisi
1185 3538 1236 3594 est
1256 3519 1467 3594 scholarum.
1524 3522 1591 3592 His
1612 3528 1796 3618 praecipue
1816 3533 1948 3602 servire
1975 3534 2123 3627 imperia
2146 3551 2180 3609 et

143 3628 245 3702 Deos
264 3633 541 3722 gubernatorum
571 3635 709 3705 animos
730 3637 774 3703 ad
802 3633 967 3704 salutaria
992 3631 1139 3701 consilia
1185 3647 1307 3695 omnes
1337 3625 1482 3717 politiae
1513 3628 1703 3698 debebant.
1766 3628 1856 3701 Cum
1887 3636 1981 3704 enim
2012 3634 2180 3710 adhunc

142 3731 300 3803 flexerit:
325 3732 486 3805 Primum
503 3739 659 3808 orandus
675 3736 849 3819 estDeus,
867 3748 907 3805 ut
925 3735 999 3825 ipse
1014 3735 1139 3804 laben·
1185 3728 1291 3796 finem
1309 3722 1474 3796 homines
1489 3731 1624 3800 conditi
1640 3732 1729 3815 siut,
1754 3744 1795 3803 ut
1809 3734 1924 3827 luceat
1940 3739 1978 3805 iu
1993 3733 2179 3811 hocmun-

142 3847 219 3907 tem
235 3829 429 3907 Ecclesiam
445 3838 583 3924 sulciat;
611 3834 1140 3908 deindehortandisuntPrin-
1186 3832 1233 3900 do
1258 3829 1390 3901 noticia
1411 3830 1498 3914 Dei,
1532 3845 1564 3901 et
1592 3848 1737 3924 propter
1755 3829 1847 3906 banc
1870 3863 2010 3909 causam
2031 3842 2177 3913 societas

141 3936 264 4028 cipes,
292 3952 333 4009 ut
357 3953 481 4009 curent
502 3941 570 4009 rite
594 3939 782 4010 diiudicari
807 3936 1081 4022 controversias,
1105 3949 1140 4006 et
1185 3931 1300 4001 civilis
1314 3932 1486 4001 divinitus
1505 3933 1665 4004 instituta
1684 3937 1748 4017 sit,
1773 3951 1813 4006 ut
1828 3953 1947 4010 coetus
1962 3941 2033 4013 sint
2047 3946 2179 4015 docen-

142 4038 373 4129 disciplinam
405 4041 555 4113 restitui.
614 4040 819 4125 Postremo,
858 4041 943 4133 quia
975 4041 1139 4132 publicae
1184 4035 1274 4104 tium
1299 4057 1338 4101 ac
1360 4034 1590 4114 discentium,
1617 4048 1658 4105 ut
1679 4040 1823 4107 accendi
1846 4055 1878 4111 et
1894 4043 1964 4112 late
1980 4047 2096 4135 spargi
2111 4071 2179 4116 uo·
2276 4080 2280 4092 ’

140 4140 337 4234 opiniones
349 4156 385 4213 et
399 4167 515 4214 mores
531 4143 650 4237 aliqua
667 4167 706 4212 ex
720 4156 819 4236 parte
835 4141 1021 4212 imitantur
1035 4137 1139 4211 scho·
1184 4136 1268 4206 ticia
1297 4132 1364 4204 Dei
1387 4137 1515 4224 possit,
1545 4136 1629 4204 satis
1649 4153 1793 4228 apparet
1815 4166 1992 4212 summum
2012 4169 2085 4216 esse
2099 4149 2179 4217 olfi-

141 4242 352 4314 lasticorum
374 4244 506 4317 iudicia
528 4259 563 4315 et
584 4246 760 4336 exempla,
783 4267 847 4314 vos
866 4267 1009 4336 quoque
1025 4266 1139 4336 quan·
1185 4238 1278 4306 cium
1296 4239 1458 4307 omnium
1473 4238 1767 4327 gubernatorum,
1796 4239 1970 4316 Ecclesias'
1987 4272 2026 4317 ac
2042 4243 2179 4318 scholas

139 4359 223 4418 tum
247 4367 389 4435 possum
410 4343 716 4419 vehementissime
736 4342 928 4430 adhortor,
954 4359 994 4414 ut
1009 4343 1139 4437 Cyclo·
1186 4339 1289 4409 tueri.
1343 4337 1502 4428 Cogitate
1518 4363 1647 4433 quaeso
1664 4366 1769 4433 quam
1786 4347 1924 4434 augusti
1940 4361 1973 4417 et
1987 4351 2180 4419 venerandi

139 4469 209 4542 pes
223 4447 317 4532 illos,
341 4449 404 4542 qui
419 4451 487 4520 sibi
502 4449 664 4521 omnium
677 4449 845 4518 scelerum
863 4447 1042 4518 licentiam
1058 4470 1140 4538 per·
1186 4454 1306 4511 coetus
1329 4441 1399 4511 sint
1425 4437 1602 4531 Angelici.
1661 4441 1800 4513 Horum
1824 4448 1993 4537 imagines
2016 4452 2053 4517 in
2077 4453 2179 4520 terris

140 4548 243 4620 mitti
259 4551 401 4636 volunt,
427 4552 492 4644 qui
506 4552 598 4642 leges
612 4566 647 4622 et
662 4550 805 4621 vincula
820 4545 989 4621 honestae
1004 4563 1037 4620 et
1052 4548 1140 4617 civi·
1187 4537 1397 4614 Scholastici
1421 4541 1632 4613 conventus'
1645 4568 1718 4614 esse
1747 4548 1894 4632 debent,
1934 4574 2064 4620 munus
2086 4566 2179 4622 certe

139 4649 190 4723 lis
213 4651 308 4723 vitae
323 4656 478 4747 quodam
498 4679 573 4727 non
590 4655 706 4724 solum
723 4652 929 4732 barbarico,
955 4651 1138 4722 sedetiam
1188 4645 1282 4713 idem
1308 4657 1359 4715 est
1385 4659 1419 4714 et
1443 4645 1609 4716 officium.
1662 4643 1880 4719 Profitentur
1897 4651 1990 4720 idem
2008 4654 2104 4744 quod
2122 4677 2181 4724 ca-

138 4753 326 4826 diabolico
349 4757 471 4827 furore
489 4768 743 4850 perrumpunt,
769 4755 910 4843 fugiatis
932 4777 972 4823 ac
990 4755 1141 4822 deteste-
1187 4758 1282 4817 nunt
1304 4745 1449 4835 Augeli:
1481 4744 1607 4815 Gloria
1631 4746 1670 4814 in
1693 4751 1836 4819 excelsis
1862 4746 1956 4836 Deo,
1981 4754 2069 4824 etin
2087 4768 2181 4825 terra

140 4853 257 4942 mini,
287 4880 352 4927 vos
371 4883 456 4930 vero
475 4861 521 4930 ad
540 4883 696 4929 amorem
721 4858 839 4947 legum
864 4870 900 4927 et
922 4854 1143 4945 disciplinae,
1188 4872 1275 4942 pax,
1296 4861 1330 4920 et
1346 4844 1552 4917 bominibus
1567 4849 1715 4921 laeticia.
1775 4849 1834 4921 Sic
1848 4848 1989 4924 scholae
2004 4856 2183 4927 celebrare

141 4958 193 5031 sd
211 4959 440 5047 modestiam,
464 4963 509 5033 ad
534 4960 690 5033 studium
718 4959 893 5030 iuvandae
907 4954 1086 5028 Ecclesiae
1109 4968 1144 5025 et
1188 4951 1325 5037 Deum,
1349 4950 1548 5020 doctrinam
1572 4950 1650 5040 paci
1667 4963 1700 5022 et
1715 4954 1924 5024 concordiae
1944 4952 2183 5028 Ecclesiarum

142 5063 349 5135 eommunis
375 5064 552 5135 societatis
576 5061 832 5137 adsuefaciatis.
881 5059 1144 5152 Fallunturty·
1191 5054 1336 5138 utilem,
1362 5066 1395 5123 et
1418 5075 1508 5147 quac
1531 5051 1714 5121 coelestem
1736 5054 1909 5124 laeticiam
1935 5059 2049 5149 pariat
2065 5056 2184 5130 homi-

143 5163 274 5249 ranni,
309 5165 338 5234 si
361 5167 460 5236 nulla
485 5162 662 5237 Ecclesiae
691 5164 822 5235 iudicia
848 5175 1028 5246 metuunt,
1061 5160 1145 5254 quia
1191 5157 1317 5241 nibus,
1349 5153 1704 5248 propagarefdebent.
1756 5153 2008 5230 Hanctantam
2030 5163 2185 5250 dignita-

144 5290 247 5339 uuuc
273 5282 417 5358 sperant
438 5267 699 5361 impunitatem.
749 5262 831 5336 Erit
851 5261 1027 5336 Ecclesiae
1050 5262 1146 5333 iudi·
1193 5273 1264 5330 tem
1276 5256 1389 5330 nostri
1405 5255 1582 5341 muneris,
1606 5255 1636 5324 si
1652 5254 1903 5348 cogitabimus,
1926 5276 1962 5332 et
1974 5262 2094 5332 animo
2111 5284 2185 5330 me-

144 5370 245 5441 eium
276 5371 523 5455 subeundum,
557 5395 638 5441 cum
669 5367 762 5438 lilius
784 5365 851 5439 Dei
877 5366 1078 5459 apparebit,
1108 5365 1147 5433 in
1192 5362 1343 5446 demur,
1367 5372 1403 5429 et
1426 5359 1542 5431 studia
1563 5369 1599 5429 et
1619 5357 1757 5427 scholas
1777 5361 1888 5448 magis
1912 5364 2126 5446 amabimus,
2153 5377 2187 5433 et

148 5496 223 5566 quo
234 5472 452 5564 petulantiae
476 5485 510 5542 et
527 5470 770 5544 contumaciae
785 5470 1003 5542 tristissimas
1018 5488 1148 5562 poenas
1194 5459 1253 5536 his
1273 5464 1402 5536 ritihus
1424 5475 1460 5534 et
1479 5459 1725 5636 eprggpessibus
1740 5455 1959 5536 scholasticis
1975 5486 2187 5555 magnopere
