4664 6022
222 294 300 369 stt

224 470 355 543 masto
382 460 503 537 etit.
529 454 857 533 Melanthonis
891 454 941 529 de
966 474 1097 527 auore
1120 456 1224 524 veri·

256 572 377 657 satu,
409 588 511 637 anna
536 558 597 633 M.
605 564 823 635 33333.
849 558 913 633 ere
927 560 1045 653 April.
1059 560 1188 629 arrii.

223 708 320 799 Non
336 716 434 791 soleo
452 714 577 787 odiose
592 735 789 805 repugnare
805 708 946 779 amicis:
980 706 1100 799 itaque
1115 704 1223 773 modo
1278 762 1286 778 ,

225 826 333 899 etiam
356 820 461 892 iacile
485 840 608 911 passus
627 838 707 885 sum
733 808 825 883 mibi
848 808 1071 903 provinciam
1095 804 1162 877 boc
1186 805 1225 873 in

227 930 308 1001 loco
328 922 472 995 dicendi
495 918 679 1002 mandari,
711 915 776 987 etsi
804 914 966 1007 plerique
989 910 1050 982 alii
1073 909 1226 998 collegae

228 1028 343 1103 nostri
365 1026 409 1097 ad
427 1024 618 1121 dicendum
636 1018 791 1111 aptiores
810 1029 904 1087 sunt.
959 1013 1029 1086 Sed
1052 1036 1132 1082 cum
1151 1009 1226 1079 col-

230 1132 319 1225 legis
331 1127 464 1199 nostris
478 1126 633 1195 libenter
655 1145 789 1191 morem
807 1118 915 1209 gessi,
942 1116 1155 1211 quibuscum
1171 1137 1226 1179 sr-

230 1235 322 1309 detis
342 1256 399 1303 me
419 1224 709 1301 coniunctissime
723 1223 861 1307 vivere3
893 1244 974 1289 amo
997 1218 1093 1287 enim
1110 1238 1169 1286 eos
1186 1237 1226 1282 ex

230 1338 370 1417 animo,
396 1349 430 1405 et
446 1331 530 1427 quia
544 1354 601 1399 me
617 1350 697 1397 cum
716 1328 766 1395 eis
783 1322 943 1415 Respub.
965 1318 1167 1400 coniunxit,
1193 1328 1228 1385 et

231 1542 337 1616 officii
363 1560 491 1628 genere
513 1532 735 1623 diligentiam
759 1542 794 1599 et
822 1529 1009 1597 virtutem:
1043 1538 1119 1595 tum
1144 1546 1228 1591 vero

231 1640 503 1739 gratificandum
525 1634 611 1705 duxi
634 1627 690 1703 his
714 1630 927 1702 doctissimis
948 1628 1052 1711 viris,
1086 1637 1120 1693 et
1144 1618 1230 1692 huic

232 1742 387 1839 hospiti,
414 1740 477 1836 qui
492 1761 572 1809 cum
586 1734 760 1825 singulari
774 1734 844 1803 fide
857 1746 892 1804 et
906 1728 1095 1802 faelicitate
1110 1727 1230 1795 literas

234 1850 378 1931 doceat,
396 1868 470 1913 non
486 1844 606 1913 deesse
617 1838 648 1907 ci
664 1838 779 1908 studia
794 1851 902 1929 atque
912 1832 1025 1903 officis
1042 1828 1156 1899 nostri
1170 1853 1229 1898 or·

234 1950 332 2023 diuis
346 1948 489 2018 debent.
540 1941 630 2012 Nam
648 1940 675 2009 si
694 1953 786 2009 recte
802 1938 984 2019 aestimes,
1015 1930 1231 2023 amplissime

235 2056 281 2125 de
294 2066 367 2123 tota
379 2046 519 2137 Repub.
535 2056 718 2114 merentur
733 2040 810 2123 isti,
834 2040 895 2133 qui
914 2039 1063 2130 primam
1082 2047 1231 2103 aetatem

235 2169 328 2228 recte
349 2149 539 2232 erudiunt,
571 2147 673 2216 etad
704 2144 872 2213 maximas
894 2154 985 2211 artes
1010 2148 1232 2231 praeparant.

234 2256 304 2329 Itis
321 2254 430 2347 igitur
448 2250 632 2321 ostendere
648 2247 765 2327 volui,
795 2270 851 2313 me
874 2259 909 2314 et
926 2238 1058 2312 honori
1074 2240 1231 2331 ipsorum

234 2362 375 2441 lavere,
401 2368 436 2426 et
451 2348 537 2423 baec
552 2344 755 2419 scholarum
773 2346 997 2429 testimonia,
1024 2367 1084 2413 seu
1102 2342 1232 2431 gradus

235 2460 480 2551 magnifacere.
537 2450 683 2523 Etenim
714 2473 794 2519 cum
825 2448 1020 2539 plurimum
1052 2442 1233 2533 dignitatis

236 2562 285 2635 sit
309 2562 346 2631 in
369 2556 426 2630 bis
446 2554 592 2649 optimis
614 2568 720 2646 atque
742 2550 941 2621 utilissimis
955 2548 1110 2630 artibus,
1145 2570 1234 2639 qua-

238 2690 318 2739 rum
341 2658 547 2755 propagatio
575 2673 609 2726 et
634 2654 793 2723 defensio
818 2651 968 2741 collegio
992 2663 1114 2719 nostro
1137 2672 1234 2717 com·

239 2768 344 2837 missa
366 2776 436 2835 est:
470 2760 624 2830 multum
646 2756 752 2827 etiam
774 2754 958 2843 dignitatis
979 2754 1018 2822 in
1037 2748 1105 2821 boc
1122 2751 1235 2840 gradu
1325 2806 1334 2821 .

240 2891 314 2939 esse
331 2866 563 2937 iudicandum
579 2872 648 2944 est,
669 2882 749 2927 cum
766 2857 805 2925 in
822 2852 888 2925 boc
903 2852 1236 2948 ipsagraduloedus

240 2994 321 3041 cum
331 2966 562 3059 Republiat,
580 2962 616 3029 in
628 2984 699 3055 quo
709 2955 748 3028 lii
761 2959 892 3053 quibus
902 2956 1124 3041 decernitur,
1142 2955 1234 3024 obli-

241 3085 326 3163 gant
335 3096 371 3141 se
380 3065 587 3158 Reipubad
601 3063 778 3133 docendas
795 3061 945 3153 optimas
960 3072 1051 3129 artes
1068 3071 1102 3126 et
1118 3056 1235 3127 utilis-

241 3176 348 3248 simas
361 3168 517 3242 humano
534 3166 666 3257 generi.
702 3162 780 3235 lloc
795 3164 936 3232 loedere
949 3162 1032 3257 quid
1048 3173 1160 3252 potest
1175 3185 1235 3229 co·
1289 3216 1297 3231 .

241 3276 344 3371 gitari
359 3270 543 3343 honestius
557 3282 620 3339 aut
633 3266 803 3351 sanctius,
829 3266 938 3335 modo
955 3278 995 3334 ut
1008 3259 1047 3332 bi
1063 3263 1124 3357 qui
1142 3263 1235 3333 aucti

240 3391 324 3452 tunt
340 3370 408 3447 lmc
425 3370 580 3456 bonore,
607 3370 889 3459 magnitudinem
905 3365 1064 3437 muneris
1085 3365 1140 3435 sui
1157 3391 1234 3435 anr-

241 3506 301 3551 mo
316 3478 526 3560 raetiarum,
550 3488 582 3543 et
606 3497 670 3565 pro
688 3471 784 3539 virili
802 3470 893 3540 tueri
909 3468 1100 3539 studeant?
1131 3466 1235 3538 Certe

243 3582 433 3655 consilium
444 3576 598 3647 faciendi
613 3570 718 3645 lulius
728 3572 939 3642 sanctissimi
952 3571 1104 3640 foederis
1122 3571 1157 3637 iu
1169 3565 1235 3639 leuc

244 3684 378 3775 gradu,
412 3693 462 3749 cst
485 3673 773 3747 honestissimum
798 3689 903 3765 atque
928 3668 1236 3740 humanissimum.

243 3784 365 3877 Quare
381 3780 480 3873 digni
497 3779 580 3850 odio
597 3793 680 3848 suut
696 3774 823 3869 Cynici
848 3774 918 3857 illi,
949 3774 1011 3867 qui
1029 3788 1069 3843 ut
1085 3785 1237 3841 caeteros

242 3880 411 3957 honestos
428 3904 562 3965 mores,
591 3880 639 3949 ita
658 3895 692 3949 et
714 3880 844 3967 gradus
861 3876 1069 3965 gravissimo
1087 3876 1236 3945 consilio

245 3989 443 4071 institutos,
478 3984 610 4079 quique
630 3980 791 4071 obligant
816 3974 980 4047 lmmines
997 3980 1040 4045 ad
1060 3977 1237 4047 defensio·

243 4116 325 4163 nem
343 4090 519 4161 bonarum
541 4084 832 4176 disciplinarum,
866 4094 1111 4171 aspernantur.

346 4238 504 4331 Exposui
520 4237 708 4309 consilium
724 4260 860 4313 meum,
884 4256 994 4327 quare
1009 4233 1046 4301 in
1062 4226 1154 4301 banc
1165 4254 1239 4299 sce-

778 278 943 357 Dllle.
983 275 1062 355 ult
1093 271 1307 355 AMORE
1347 274 1691 354 vuutaarts.

2303 82 2314 185 l

1274 450 1404 524 studiis
1439 463 1646 537 versantur,
1685 450 1851 539 uidelicet
1883 453 1929 524 de
1953 474 2079 523 amore
2108 448 2269 539 veritatis,
2313 496 2315 535 ,

1275 580 1338 626 seu
1354 557 1399 624 de
1413 555 1498 625 odio
1512 550 1732 645 sophistices.
1781 550 1929 627 Etenim
1946 554 2048 626 33113
2064 546 2270 625 333133333-

1276 683 1323 728 na
1345 656 1431 727 satis
1456 656 1576 749 eloqui
1600 670 1733 748 potest,
1767 672 1942 751 quantum
1957 658 2109 739 referat,
2135 650 2271 727 haerere

1276 786 1316 830 m
1342 760 1473 828 animis
1493 758 1641 827 inbrium
1666 760 1713 829 ab
1741 760 1889 831 ineunte
1921 772 2036 830 aetate
2064 756 2272 829 acerrimum

1278 857 1488 955 sophistices
1512 862 1648 933 odium.
1704 858 1760 931 De
1782 858 1852 932 boe
1872 885 2028 956 quaeso,
2060 871 2179 931 utme
2193 860 2272 931 dili·

1279 979 1402 1055 genter
1421 963 1574 1033 audiatis
1594 964 1856 1049 adolescentes,
1887 988 1996 1059 quem
2025 963 2102 1033 iam
2126 974 2224 1033 aetas
2242 976 2273 1037 et

1196 1110 1206 1127 ·
1277 1090 1406 1157 magna
1423 1089 1542 1135 rerum
1556 1065 1709 1136 varietas
1724 1067 1944 1137 erudierunt.
1996 1060 2105 1137 Nihil
2121 1088 2214 1159 opus
2228 1076 2273 1139 at

1280 1171 1350 1239 iam
1373 1168 1511 1252 dicere,
1543 1183 1716 1261 quantum
1746 1166 1900 1260 Reipub.
1925 1192 2010 1239 eura
2034 1180 2144 1259 angat
2176 1180 2274 1263 atque

1282 1285 1437 1341 exerceat
1448 1270 1608 1339 animum
1623 1295 1756 1344 meum.
1807 1268 1902 1341 lllud
1920 1283 2061 1341 tantum
2078 1270 2220 1359 dicam,
2239 1282 2274 1343 ut

231 1454 375 1537 propter
397 1436 556 1527 ipsorum
582 1428 755 1519 egregiam
778 1427 997 1507 doctrinam,
1022 1422 1110 1491 etin
1128 1418 1227 1489 omni
1281 1400 1337 1443 ¹¹¹²
1353 1398 1479 1442 ''¹³¹⁰‘'
1493 1374 1612 1441 ⁵¹¹¹d¹⁰
1625 1376 1797 1443 ³⁰d¹³¹¹³²
1822 1398 1905 1443 Vm
1920 1368 1989 1443 ΒΜ
2003 1372 2187 1443 affirmare
2199 1396 2273 1467 pot·

1281 1500 1378 1559 sum,
1411 1499 1468 1544 me
1493 1489 1642 1565 paterno
1664 1476 1793 1545 affectu
1820 1488 1926 1569 atque
1946 1498 2070 1546 auore
2093 1474 2274 1569 complecti

1282 1600 1405 1649 omnes
1427 1577 1625 1662 studiosos,
1654 1602 1695 1647 ac
1722 1572 1949 1649 vehementer
1970 1576 2101 1648 vestris
2115 1578 2273 1671 peneut‘n

1281 1681 1386 1753 affici.
1438 1679 1562 1773 ltaque
1576 1681 1674 1772 quod
1685 1680 1773 1749 alias
1786 1703 1889 1772 saepe
1904 1680 2050 1765 monui,
2076 1680 2177 1752 idem
2186 1704 2272 1753 nunc

1281 1805 1443 1876 quoque,
1470 1783 1642 1874 quoniam
1663 1783 1701 1849 in
1724 1776 1793 1853 hoc
1806 1805 1970 1853 consessu
1987 1782 2271 1855 doctissimorum

1283 1882 1490 1967 hominum,
1529 1884 1644 1953 oratio
1675 1886 1755 1974 plus
1775 1881 1908 1955 babere
1932 1886 2037 1955 debet
2068 1886 2269 1968 autoritatis

1282 1990 1509 2057 obtestandos
1526 2009 1587 2054 vos
1603 2010 1677 2055 esse
1693 1988 1790 2060 duxi.

1385 2088 1439 2158 Ac
1452 2088 1558 2176 longe
1573 2089 1672 2157 aliud
1687 2089 1899 2181 praecipiam
1917 2088 2043 2176 vobis,
2065 2114 2178 2183 quan
2188 2090 2266 2183 apud

1283 2186 1497 2283 Sophoclem
1525 2188 1668 2284 Ulysses
1690 2191 1862 2284 praecipit
1883 2186 2038 2261 Achillis
2061 2191 2140 2262 lilio
2163 2192 2265 2265 adele·

1285 2294 1395 2363 scenti
1411 2291 1666 2383 Neoptolemo,
1692 2317 1773 2364 cum
1788 2296 1890 2364 docet
1905 2317 1987 2362 eum
2004 2292 2263 2365 mendaciitcir·

1284 2395 1508 2473 cumvenire,
1540 2407 1575 2463 et
1597 2395 1719 2465 [cillere
1743 2396 1915 2480 amicum,
1948 2395 2148 2489 etquidem
2161 2394 2260 2467 nutri·

1285 2498 1503 2587 argumentis
1520 2496 1694 2582 declarat,
1719 2492 1788 2567 hoc
1806 2497 1992 2567 artificium
2008 2497 2260 2569 usitatissimum

1286 2625 1358 2671 esse
1380 2600 1418 2667 in
1441 2600 1534 2669 sitae
1554 2600 1720 2689 negociis.
1770 2597 1932 2693 Cumque
1945 2600 2156 2671 adolescens
2172 2600 2261 2669 mire·

1286 2720 1364 2786 tur,
1398 2726 1468 2795 qua
1492 2702 1627 2782 fronte,
1653 2728 1726 2795 quo
1743 2725 1806 2772 ore
1824 2701 1969 2771 mentiri
1989 2702 2171 2796 quispiam
2189 2700 2261 2773 ausit

1287 2827 1420 2887 sciens,
1445 2805 1635 2893 respondet
1651 2803 1807 2898 Ulysses,
1833 2805 1967 2873 nelarie
1982 2803 2013 2873 is
2029 2803 2194 2898 quidem,
2213 2804 2259 2875 ted

1287 2907 1487 2997 significans
1501 2907 1622 2997 quales
1636 2907 1707 2976 siut
1724 2901 1910 2977 homiuum
1927 2928 2063 2976 mores:
2219 2980 2224 3001 Ι

1366 3013 1543 3098 [bicuuque
1557 3038 1625 3098 spes
1640 3020 1717 3078 lucri
1735 3029 1798 3093 est,
1824 3016 1939 3099 pudere
1954 3038 2018 3077 non
2032 3016 2133 3084 decet.
2253 3052 2256 3059 ·

1288 3108 1407 3204 Atque
1431 3111 1567 3180 utinam
1600 3106 1686 3181 baec
1707 3111 1854 3206 Ulyssea
1881 3107 2117 3203 Philosophia
2147 3120 2257 3181 tnuu

1288 3240 1325 3282 m
1350 3213 1498 3305 privatis
1521 3226 1555 3282 et
1576 3212 1714 3283 levibus
1741 3214 1898 3304 negociis
1920 3228 2154 3286 exerceretur.
2205 3208 2262 3283 set

1201 3364 1215 3381 .
1287 3339 1489 3407 experimur
1510 3339 1587 3384 eam
1611 3317 1805 3406 pervasisse
1836 3318 1875 3386 iu
1896 3318 2123 3405 gravissimas
2144 3312 2265 3405 Regum

1288 3419 1582 3501 deliberationes,
1615 3419 1652 3485 in
1673 3414 1830 3502 scholas,
1860 3443 2088 3510 corrumpere
2109 3433 2218 3501 artes,
2239 3426 2266 3486 et

1288 3523 1383 3615 quod
1407 3534 1457 3590 est
1478 3520 1663 3611 praecipue
1687 3521 1967 3612 deplorandum,
1991 3544 2143 3611 regnare
2158 3519 2197 3590 iu
2210 3514 2267 3589 Ee·

1288 3624 1421 3705 clesiis,
1448 3623 1646 3692 etobruere
1662 3623 1882 3713 religionem.
1937 3622 2058 3712 Quare
2078 3624 2107 3691 si
2132 3622 2267 3693 solium

1289 3725 1488 3794 doctrinam
1512 3739 1547 3795 et
1567 3726 1690 3795 utilem
1713 3725 1833 3815 generi
1855 3720 2013 3796 humano
2034 3724 2218 3817 experitis,
2243 3732 2271 3791 el

1290 3822 1356 3895 boc
1372 3841 1527 3896 vestrum
1543 3828 1758 3897 curriculum
1774 3824 1851 3896 Deo
1868 3828 2027 3917 placere,
2061 3842 2095 3897 et
2118 3828 2272 3918 prodesse

1290 3930 1368 3999 aliis
1391 3930 1520 4007 vultis,
1553 3925 1799 4001 vehementiss.
1821 3930 1946 4000 odium
1973 3924 2274 4020 sophisticatus

1290 4056 1348 4099 mo
1372 4030 1643 4122 concipiendum
1668 4047 1730 4105 est.
1792 4028 1910 4125 Atque
1931 4028 1997 4101 hac
2020 4032 2060 4101 in
2075 4056 2114 4102 re
2132 4032 2274 4124 primun

1290 4134 1375 4227 quid
1400 4158 1521 4201 vocem
1543 4128 1787 4222 Sophisticen,
1813 4135 1943 4203 deinde
1964 4158 2069 4227 quam
2085 4133 2276 4225 peruiciosa

1292 4237 1351 4316 sit,
1385 4236 1684 4305 considerandum
1712 4238 1790 4310 erit.
1841 4234 1924 4305 Non
1946 4236 2041 4306 enim
2058 4232 2277 4327 appellass-

244 4372 326 4417 uam
347 4343 496 4437 produci
511 4366 566 4409 me
583 4362 704 4431 passus
720 4338 799 4409 sim.
852 4336 947 4408 Solet
972 4350 1089 4405 autem
1107 4329 1238 4402 bicvel
1291 4331 1482 4428 phisticen,
1519 4352 1659 4407 tantum
1694 4338 1863 4407 ridiculas
1902 4339 1982 4407 illas
2021 4338 2278 4415 cavillationes,

243 4452 287 4519 ele
310 4448 442 4519 artium
466 4444 655 4533 dignitate,
689 4440 745 4507 vel
770 4442 814 4507 ‹le
840 4439 968 4509 studiis
989 4436 1130 4507 virtutis
1152 4435 1237 4503 diei.
1290 4462 1379 4533 quae
1411 4438 1530 4529 pueris
1562 4441 1754 4510 traduntur
1778 4441 1817 4509 in
1846 4438 2069 4524 Dialecticis,
2114 4440 2279 4511 ceratinae

244 4550 313 4627 llic
330 4572 406 4619 mos
419 4571 500 4616 cum
518 4545 620 4615 valde
642 4536 730 4611 milri
751 4542 939 4632 probetur,
966 4539 1099 4630 sumpsi
1115 4553 1148 4610 et
1166 4539 1240 4630 ipse
1291 4553 1326 4609 et
1340 4541 1595 4626 crocodiliuas,
1622 4557 1656 4611 et
1670 4542 1813 4611 similes.
1866 4539 1931 4611 Illa
1949 4542 2050 4612 vobis
2063 4544 2222 4613 cavenda
2234 4552 2280 4613 etl

245 4664 494 4739 argumentum
512 4672 553 4715 ex
575 4647 696 4713 eodem
715 4668 853 4733 genere.
905 4639 952 4711 Et
969 4643 1240 4734 quoniarucou·
1291 4637 1510 4733 Soplristica,
1537 4668 1626 4736 quae
1641 4644 1824 4713 mirificam
1835 4644 2189 4735 sapientiaespeciem
2204 4664 2281 4739 prae

245 4765 314 4823 stat
328 4748 495 4821 honestas
509 4746 733 4839 disciplinas,
758 4746 851 4835 leges
874 4757 907 4813 et
923 4745 1131 4834 religiones,
1159 4742 1238 4811 viu·
1291 4769 1327 4813 se
1346 4746 1433 4830 sert,
1459 4758 1494 4815 et
1512 4745 1550 4812 iu
1568 4746 1685 4828 33313,
1712 4746 1750 4813 13
1765 4746 1962 4830 subselllis,
1987 4748 2027 4815 in
2044 4742 2207 4819 Ecclesia
2222 4748 2281 4819 du·

245 4854 323 4925 3313
340 4878 412 4923 esse
429 4847 605 4922 humanae
619 4848 813 4924 societatis,
834 4846 935 4915 facile
951 4846 1100 4916 iudicari
1117 4859 1241 4935 potest,
1290 4847 1459 4918 minatur.
1513 4844 1583 4917 Ubi
1600 4847 1689 4916 alios
1704 4847 1799 4938 piget
1813 4848 1992 4943 inquirere
2001 4850 2208 4935 veritatem,
2226 4844 2281 4919 alii

246 4954 397 5025 ntetxime
421 4952 651 5021 neeessariam
676 4972 749 5018 esse
774 4952 817 5017 ael
842 4948 969 5032 vitam,
995 4949 1157 5018 omnium
1174 4947 1240 5015 bo·
1291 4949 1465 5039 explicare
1481 4951 1666 5018 commode
1684 4972 1758 5018 non
1776 4964 1929 5031 norunt,
1955 4950 2018 5019 alii
2041 4975 2106 5042 per
2120 4950 2282 5023 ambitio·

246 5080 372 5127 uarum
406 5052 535 5123 actium
568 5051 778 5123 doctrinam.
838 5047 960 5141 ltaque
983 5051 1027 5119 de
1051 5045 1116 5119 hac
1142 5063 1241 5139 parte
1263 5088 1267 5117 t
1291 5074 1372 5119 nem
1398 5052 1442 5119 de
1458 5050 1634 5120 industria
1656 5052 1805 5124 nebulas
1822 5054 2027 5123 offundunt·
2077 5050 2127 5125 Et
2144 5054 2280 5125 interim

246 5184 320 5230 uon
341 5154 529 5247 disputabo
547 5154 737 5248 prolixius3
766 5176 846 5218 uam
871 5152 908 5219 id
932 5152 1076 5245 quidem
1095 5176 1240 5243 persua·
1290 5175 1417 5241 magna
1442 5155 1632 5223 autoritate
1656 5152 1818 5226 inserunt
1834 5154 1964 5225 animis
1977 5152 2082 5224 falsas
2096 5170 2133 5229 ct
2147 5154 2281 5227 nocitu-

245 5260 423 5334 tissimum
457 5278 529 5325 esse
561 5256 728 5325 omnibus
756 5252 880 5342 debet,
915 5266 949 5321 et
971 5269 1120 5325 monent
1144 5254 1240 5321 idem
1290 5277 1347 5324 ras
1362 5253 1559 5345 opiniones.
2108 5282 2116 5293 ·

246 5362 407 5459 quotidie
426 5361 611 5429 doctorum
629 5378 731 5427 voces
747 5368 783 5425 et
798 5354 929 5427 literae.
989 5353 1114 5425 Dicam
1131 5355 1241 5444 igitur
1393 5354 1527 5425 Medici
1560 5368 1709 5426 narrant
1741 5351 2083 5429 melancholicorum
2119 5358 2275 5451 exempla,

246 5468 290 5537 de
313 5487 384 5535 333
408 5461 563 5557 quadam
586 5459 716 5557 virtute
739 5456 999 5551 pernecessaria
1029 5452 1086 5529 his
1114 5457 1177 5553 qui
1200 5456 1240 5526 in
1261 5538 1266 5547 .
1290 5480 1444 5550 quorum
1465 5458 1555 5529 alius
1578 5481 1698 5529 errore
1712 5459 1841 5529 mentis
1861 5459 2001 5552 putavit
2013 5483 2051 5531 se
2066 5460 2274 5534 factumue
