4664 6022
148 120 221 195 551

151 298 210 367 De
235 294 430 389 aequitate
465 300 504 363 et
537 295 623 365 isere
648 296 804 380 stricto,
846 314 897 365 ea·
926 297 968 369 L.
998 296 1152 367 Placuit

422 396 460 467 0.
488 392 535 466 ιιι
559 391 726 467 iudiciis.
763 392 876 470 lstt.

155 535 259 623 Nota
274 558 326 615 est
343 544 445 615 vobis
456 538 703 613 honestissima
719 547 939 615 consuetudo
956 560 990 617 et
1009 560 1155 638 propter

158 670 283 743 graves
313 668 434 717 causas
459 646 497 713 in
522 644 760 715 Academiis
750 648 930 733 instituta,
965 674 1034 741 qua
1061 649 1155 717 sole·

160 773 241 823 mus
265 749 303 817 in
327 742 384 816 bis
410 747 655 865 congressibus
678 750 723 817 de
749 749 910 819 doctrina
935 751 1077 820 virtutis
1098 750 1156 820 di·
1209 801 1219 819 .

161 876 249 925 cere.
311 848 407 937 Quid
431 850 526 917 enirn
549 863 601 920 est
630 850 774 939 dignius
795 846 1019 937 hominibus,
1052 877 1156 943 prae·

162 953 283 1027 sertim
308 952 430 1035 nobis,
467 976 620 1045 quorum
652 952 794 1022 iudiciis
819 966 855 1023 et
886 906 1055 1042 exemplis
1084 955 1156 1024 vita

165 1283 262 1343 rere,
292 1271 324 1327 et
348 1281 428 1327 cum
452 1258 646 1375 nosipsos,
672 1272 747 1329 tum
771 1258 862 1327 alios
883 1260 1160 1331 addecnsexcr·

166 1378 251 1434 tare.
314 1354 421 1429 Nunc
450 1370 534 1428 ver'o
563 1359 668 1428 etiam
699 1372 857 1452 tempora
885 1364 1085 1453 postulant,
1121 1375 1160 1433 ut

168 1460 254 1535 baec
285 1476 406 1531 nostra
436 1460 600 1531 exercitia
636 1461 771 1532 maiore
802 1487 886 1533 cura
914 1480 949 1535 et
976 1466 1161 1554 diligentia

166 1580 330 1637 tueamur
354 1577 389 1634 et
410 1586 686 1655 propugnemus.
746 1564 920 1637 Videmus
942 1568 1038 1635 enim
1064 1569 1162 1637 laxa-

167 1668 213 1739 tis
228 1664 338 1735 irenis
358 1666 565 1757 disciplinae
588 1688 705 1735 mores
729 1668 854 1757 populi
880 1670 1034 1739 subinde
1050 1692 1162 1756 magis

168 1768 329 1853 efferari,
361 1768 542 1839 contemni
560 1766 669 1856 leges,
701 1770 898 1840 doctrinam
920 1771 1014 1843 vitae
1036 1772 1162 1841 utilem

169 1872 392 1961 religionem.
452 1866 536 1939 ldeo
559 1870 675 1939 acrius
692 1885 728 1941 et
746 1866 989 1943 vehementius
1005 1895 1162 1964 pugnare

169 1985 328 2066 oportet,
361 1995 407 2040 ne
427 1971 565 2041 arnissis
585 1971 716 2053 literis,
754 1973 892 2063 legibus
918 1990 952 2046 et
975 1974 1162 2065 religioni·

168 2076 253 2159 bus,
279 2073 418 2145 infinita
440 2073 534 2143 vitae
555 2074 738 2159 conlusio,
762 2073 829 2146 Dei
856 2078 1014 2157 oblivio,
1040 2077 1163 2147 libidi-

170 2200 257 2247 num
279 2174 492 2267 impunitos,
522 2189 556 2246 et
579 2188 721 2245 aeterna
747 2178 932 2248 latrocinia
958 2192 1163 2272 sequantur.

168 2276 226 2349 Ad
250 2274 337 2349 haec
359 2278 449 2347 mala
467 2272 691 2368 prohibenda
707 2293 800 2349 certe
817 2304 907 2372 opus
923 2295 974 2350 est
991 2282 1163 2351 eruditio-

168 2406 234 2461 ne,
260 2380 419 2465 cultura,
443 2393 478 2449 et
494 2373 865 2475 hisqualibnscunqne
874 2383 1048 2454 exercitiis
1057 2377 1164 2453 scho-

169 2482 320 2561 lasticis,
348 2506 438 2577 quae
453 2494 613 2570 potentes
629 2482 750 2553 minus
763 2486 953 2564 adiuvant,
980 2508 1085 2577 quam
1100 2487 1163 2553 de-

167 2586 267 2658 bent.
319 2582 440 2673 Quare
453 2597 492 2655 ut
516 2607 578 2652 vos
599 2608 639 2653 ea
655 2598 827 2675 quantum
847 2609 1049 2674 possumus,
1076 2610 1161 2655 con-

167 2686 297 2757 iunctis
325 2700 360 2755 et
381 2686 492 2775 copiis
512 2700 548 2755 et
568 2686 714 2768 studiis,
748 2687 999 2765 defendamus,
1035 2699 1162 2777 optan-

168 2790 254 2857 dum
273 2800 334 2858 est.
387 2786 499 2879 Saepe
521 2801 640 2858 autem
666 2781 734 2855 lroc
756 2788 834 2855 loco
851 2789 895 2855 de
912 2788 1028 2877 legum
1046 2788 1162 2877 digni·

168 2904 239 2962 tate
250 2888 453 2977 gravissime
465 2890 599 2959 dictum
615 2902 678 2960 est.
730 2885 783 2959 Ac
795 2911 1009 2980 magnopere
1022 2893 1163 2980 prodest

168 2992 332 3071 excitari,
366 2990 414 3061 ali
441 3006 475 3063 et
504 2991 705 3059 confirmari
741 2991 779 3060 in
809 2992 939 3060 animis
976 2988 1162 3062 hominum

167 3118 324 3166 amorem
354 3092 491 3185 politici
520 3091 677 3177 ordinis,
716 3106 750 3163 et
784 3115 903 3162 veram
930 3095 1162 3165 reverentiam

168 3222 249 3287 erga
267 3197 375 3284 leges:
411 3197 558 3264 eandem
582 3195 629 3264 ob
646 3219 784 3265 causam
803 3208 946 3265 teneant
961 3196 1116 3265 animis'
1106 3220 1164 3265 m·

168 3300 271 3369 fixam
294 3293 385 3368 banc
408 3296 634 3365 sententiam:
669 3294 784 3369 Deum
807 3322 889 3367 vere
914 3320 987 3367 esse
1003 3310 1163 3368 sertorem

167 3414 201 3470 et
216 3401 397 3471 custodem
417 3398 553 3488 politici
571 3399 727 3482 ordinis,
750 3424 790 3470 ac
807 3400 924 3468 lucere
940 3399 1005 3470 Dei
1023 3401 1164 3517 sapien-

168 3502 254 3571 tiam
270 3515 306 3571 et
320 3501 514 3571 bonitatem
539 3524 619 3587 erga
641 3522 752 3589 genus
767 3496 980 3585 humanum,
1007 3526 1080 3573 non
1096 3502 1164 3569 mi-

168 3625 237 3672 nus
263 3602 300 3671 in
324 3602 452 3673 ordine
475 3602 638 3693 politico,
673 3626 780 3695 quam
796 3602 834 3671 in
851 3614 964 3670 terrae
980 3602 1165 3671 sarciendi·

167 3716 238 3775 tate
259 3719 294 3776 et
317 3704 495 3774 similibus
509 3703 706 3789 beneficiis,
730 3704 861 3799 quibus
877 3726 1025 3795 corpora
1045 3718 1164 3775 nostra

168 3805 344 3877 divinitus
357 3806 517 3881 aluntur.

268 3954 390 4046 Quare
419 3954 515 4028 bunc
547 3959 710 4029 ordinem
733 3958 826 4029 vitae
850 3972 1088 4035 ιοιιιιιιιιιιιι
1104 3972 1166 4031 aut

170 4060 323 4143 violare,
345 4060 432 4153 quid
447 4073 498 4130 est
513 4061 581 4130 nisi
598 4059 675 4130 Deo
694 4063 827 4131 bellum
846 4061 1000 4131 inferre?
1030 4062 1092 4157 qni
1110 4086 1167 4131 as·

170 4162 284 4232 sideris
301 4162 469 4251 exenrplis
490 4163 658 4233 omnibns
679 4163 851 4235 aetatibus
873 4178 1017 4235 testatus
1031 4180 1102 4245 est,
1129 4188 1166 4233 se

170 4265 313 4335 irenum
347 4264 490 4333 iniicere
525 4265 641 4353 legam
670 4266 983 4357 contemptoribus.
1065 4268 1164 4355 Quid

170 4367 343 4459 supplicia
365 4366 504 4436 assidua
527 4367 726 4449 latronum,
756 4392 857 4436 saeva
882 4368 974 4437 bella
1005 4371 1165 4439 omnium

171 4468 397 4560 temporum?
428 4466 525 4555 Quid
542 4483 624 4538 sunt
639 4470 709 4539 nisi
725 4466 924 4553 vocesllei,
950 4470 1079 4563 quibus
1094 4472 1168 4541 cla-

172 4571 294 4653 mitat,
320 4594 357 4640 se
374 4569 427 4638 sui
445 4583 480 4640 et
494 4592 639 4639 sticarum
663 4571 778 4660 legum
802 4585 1043 4664 contemptum
1060 4572 1167 4665 puni-

534 112 696 193 ouer
742 114 818 192 ιιι
849 114 1207 212 secuturae
1240 112 1317 191 ua
1353 112 1498 191 tutte
1530 112 1809 192 srnrcro

2118 86 2193 193 'sse

1204 314 1265 385 qur
1256 284 1376 359 nihil
1390 300 1596 375 moventur,
1623 286 1661 359 bi
1678 314 1753 360 non
1768 286 1931 361 oratione
1946 256 2113 381 regendi,
2138 290 2196 359 sed

1204 406 1372 485 tanquam
1389 392 1544 463 lucentes
1569 392 1800 482 compedibus
1815 404 1850 465 ιι
1870 392 2007 465 ιιιιιιίι
2020 388 2210 463 constrin

1205 493 1310 581 gendi
1333 506 1459 567 essent.
1511 488 1558 565 Et
1582 494 1725 611 quidem
1742 495 1960 587 constringet
1976 516 2037 565 eos
2057 494 2212 571 tandem

1204 594 1302 667 Deus
1331 608 1514 681 aeternus,
1548 597 1610 689 qui
1635 604 1686 667 'est
1709 611 1813 667 autor
1835 598 1971 689 politici
2000 594 2140 668 ordinis
2168 616 2206 673 et

1207 700 1469 788 legumcustos.
1522 694 1636 767 Porro
1654 722 1734 767 cnm
1751 693 1814 767 has
1831 700 2021 771 conciones
2043 696 2202 792 qnotidie
2251 692 2253 697 ’

1208 824 1247 869 ιιι
1277 793 1408 868 scholis
1441 812 1474 867 et
1510 798 1550 867 in
1575 798 1716 890 templis
1739 802 1911 887 audiatis,
1949 824 2049 871 nunc
2075 800 2194 885 omissa

1209 902 1381 991 longiore,
1402 900 1580 987 oratione,
1612 926 1722 993 paucs
1753 906 1926 995 quaedam
1949 900 2141 995 disputabo
2160 902 2193 973 de

101 1064 108 1071 “
164 1056 316 1129 ιιιίοιιιιιι
334 1076 476 1146 quoque
498 1053 573 1143 regi
596 1054 719 1138 debet,
746 1078 852 1147 (quam
869 1055 905 1123 in
924 1056 1161 1126 conventibus
1208 1006 1284 1125 iege
1307 1000 1467 1089 placust’
1507 1004 1628 1074 ⁶⁰&oe
1650 1006 1695 1073 de
1719 1004 1873 1079 indicii&
1932 1002 2026 1076 Nam
2057 1014 2092 1073 et
2121 997 2192 1075 hm

166 1158 323 1239 Μεθ’
349 1157 393 1223 de
415 1156 564 1239 Vinuoe’
590 1150 808 1227 deh⁰n⁰⁸¹i⁵
828 1156 1028 1249 diminuis
1048 1158 1159 1277 dim?
1211 1209 1477 1299 iurispertinet.
1531 1206 1647 1278 Verba
1670 1209 1756 1297 legis
1780 1204 1865 1280 haec
1883 1222 1985 1281 sunt:
2009 1206 2153 1277 Placuit
2164 1206 2194 1275 itt

1211 1130 1285 1199 rpsa
1315 1106 1509 1198 disputatio
1539 1108 1581 1175 ad
1611 1106 1854 1177 defensionem
1877 1120 1912 1178 et
1937 1108 2064 1177 laudes
2086 1104 2193 1197 scripti

1212 1310 1379 1381 omnibus
1394 1310 1500 1381 rebus
1515 1311 1738 1401 praecipuam
1757 1334 1829 1380 esse
1848 1311 2024 1396 institiae,
2049 1308 2196 1403 aequita-

1214 1414 1259 1483 tis
1279 1436 1383 1505 quam
1413 1412 1580 1503 scriptae,
1624 1436 1729 1505 quam
1760 1413 1871 1482 stricti
1907 1412 1996 1484 iuris
2022 1412 2199 1483 rationem.

1213 1512 1331 1585 Huius
1351 1513 1439 1603 legis
1462 1516 1569 1583 verba
1592 1515 1772 1633 quidam
1762 1530 1854 1585 mter
1876 1534 1951 1585 'sese
1972 1536 2157 1633 pugnares
2153 1510 2199 1579 di·

1134 1668 1142 1686 .
1213 1630 1310 1687 cunt.
1363 1614 1569 1707 Scriptum'
1559 1640 1614 1685 rus
1627 1614 1664 1685 ιιι
1680 1616 1781 1688 aiunt
1796 1641 1887 1702 esse,
1912 1618 2037 1737 quod'
2026 1640 2066 1687 ιιι
2082 1614 2202 1705 scripto

1215 1731 1248 1788 et
1265 1716 1352 1807 legis
1368 1717 1486 1787 verbis
1500 1717 1724 1803 continetur,
1749 1730 1786 1791 ιιι
1803 1719 1965 1791 strictum
1977 1718 2036 1789 ius
2049 1712 2203 1789 eratlio-

1214 1844 1339 1889 manae
1363 1818 1470 1909 legis,
1501 1842 1581 1889 eum
1613 1819 1675 1915 qni
1699 1836 1821 1891 contra
1844 1818 2040 1893 Dictatoris
2061 1816 2203 1891 interdi-

1215 1936 1309 1993 ctum
1332 1920 1559 2011 pugnaverit,
1594 1922 1878 1993 interficiendum
1896 1945 1981 1993 esse.
2033 1902 2204 2013 Pugnavit

1214 2026 1359 2094 absente
1399 2020 1581 2093 Dictatore
1619 2022 1793 2119 Papyrio,
1844 2023 2019 2119 Magister
2053 2024 2203 2119 equitum

1216 2124 1373 2213 Quintus
1386 2122 1519 2194 Fabius
1534 2138 1656 2209 contra
1671 2124 1848 2211 edictum,¹
1866 2122 2042 2199 iniit'atus
2059 2120 2202 2209 οιιιιῑθ-

1216 2252 1261 2296 ne
1285 2226 1338 2295 rei
1368 2226 1459 2297 bene
1489 2228 1663 2317 gerendae
1686 2241 1720 2300 et
1741 2227 1837 2300 vicit'.
1900 2225 2002 2319 Q'uid
2025 2217 2102 2299 trie*
2116 2224 2199 2299 istitl

1215 2326 1410 2421 Papyrius,
1436 2328 1465 2396 si
1480 2328 1646 2419 scriptam
1661 2331 1875 2425 aequitatem
1897 2342 2134 2425 sequeretur,
2152 2338 2202 2415 ιιι

1216 2430 1301 2524 quid
1317 2432 1465 2501 interest
1489 2430 1582 2500 inter
1605 2432 1765 2502 strictum
1785 2430 1840 2502 ius
1858 2446 1892 2505 et
1905 2432 2081 2527 scriptam
2097 2426 2203 2527 sequi-

1215 2532 1347 2603 tatem?
1397 2529 1542 2601 Nullam
1564 2532 1681 2625 inquit
1699 2530 1871 2627 Papyrius
1888 2534 2084 2607 victoriam
2107 2528 2203 2627 pteris

1214 2634 1410 2702 faciendam
1434 2654 1526 2713 esse,
1562 2658 1667 2726 qnam
1697 2634 1862 2707 militaris
1892 2636 1981 2707 disci
2011 2637 2203 2709 linaecon'-

1215 2732 1460 2804 servationem.
1512 2732 1593 2805 Ut
1584 2734 1692 2825 igitur
1709 2738 1843 2806 sanciat
1863 2660 2101 2829 discipiinam
2119 2736 2202 2811 etle-

1215 2837 1267 2925 gis
1292 2836 1409 2907 verbis
1433 2836 1670 2929 obtemperet,
1696 2836 1795 2909 iubet
1814 2837 2033 2931 Magistrum
2056 2829 2195 2948 equitari

1216 2937 1351 3029 rapiad
1369 2935 1594 3029 supplicium.
1646 2936 1712 3009 Si'
1701 2940 1830 3031 igitur,
1854 2942 1946 3013 utin
1966 2928 2196 3031 hocexenpb
2243 2968 2247 3017 t

1216 3052 1359 3133 apparet
1389 3040 1484 3110 inter
1519 3040 1687 3131 scriptam
1727 3042 1939 3137 aequitatem
1976 3058 2013 3115 et
2055 3040 2202 3117 strictus

1216 3143 1292 3228 ius,
1324 3136 1418 3209 nibil
1444 3154 1497 3215 est
1517 3141 1749 3227 discriminis,
1782 3144 1926 3215 videtur
1953 3140 2118 3243 absurde
2143 3148 2204 3217 ιιιι

1216 3256 1277 3314 aut
1292 3242 1408 3313 ociosa
1429 3236 1537 3313 buius
1560 3243 1647 3334 legis
1661 3246 1776 3316 oratio
1797 3246 1835 3323 in
1850 3246 1983 3321 codice.
2038 3244 2206 3329 Aristote-

1216 3346 1266 3414 les
1292 3344 1398 3438 paulo
1421 3344 1525 3416 aliter
1545 3346 1589 3415 de
1612 3346 1788 3439 aequitate
1808 3348 1969 3435 disserit,
1995 3362 2106 3423 vocet
2122 3344 2206 3421 enin

1216 3447 1426 3540 aequitatem
1445 3446 1725 3519 moderationem
1741 3473 1817 3525 non
1833 3451 2022 3543 scriptam,
2049 3474 2199 3560 quse
2162 3453 2207 3521 ιι·-

1216 3572 1297 3617 men
1322 3543 1429 3618 babet
1451 3542 1635 3618 honestam
1657 3562 1692 3619 et
1717 3550 1936 3641 probabilem
1952 3554 2155 3639 rationem,
2173 3518 2209 3623 n't

1217 3652 1254 3719 in
1274 3647 1338 3718 illo
1353 3672 1436 3720 casu
1452 3647 1615 3745 Papyrii,
1642 3646 1860 3723 Dictatorem
1876 3654 2028 3747 aliquid'
2036 3657 2209 3755 remittat
2242 3684 2245 3693 ·

1216 3754 1261 3821 de
1275 3750 1444 3821 servitute
1459 3750 1704 3826 conveniebat.
1754 3752 1849 3843 Quia
1864 3754 2040 3869 Magister
2055 3748 2210 3853 equite!
2242 3794 2244 3805 ·

1218 3878 1290 3924 non
1311 3852 1539 3925 ambitione
1527 3854 1713 3937 incitatus,
1750 3880 1816 3927 nec
1830 3858 1960 3933 temere
1983 3856 2211 3970 pugnaverat,
2242 3864 2244 3893 ²

1217 3959 1277 4027 sed
1301 3957 1416 4027 iacere
1438 3980 1474 4026 se
1497 3970 1619 4027 contra
1641 3956 1829 4029 utilitatem
1849 3956 2006 4053 Reipub.
2033 3974 2071 4033 et
2095 3947 2210 4033 tontt't

1218 4059 1435 4131 voluntatem
1458 4056 1649 4129 Dictatoris
1674 4058 1905 4131 iudicaverat:
1937 4062 1968 4131 si
1990 4062 2210 4135 occasionn

1217 4184 1236 4230 e
1257 4161 1421 4231 manibus
1436 4161 1651 4245 dimitteret,
1677 4186 1783 4255 quam
1803 4158 1965 4241 Dictator
1984 4187 2015 4234 sr
2004 4160 2211 4247 sdtntoet',

1217 4286 1441 4356 nequaquam
1476 4262 1699 4351 neglecturus
1733 4275 1819 4336 erat.
1890 4260 2075 4339 Attribuit
2110 4264 2211 4357 igitur

1219 4360 1428 4435 Aristoteles
1452 4362 1601 4453 sapienti
1625 4363 1734 4433 iudici
1764 4377 1972 4457 potestatem
2000 4362 2211 4441 moderandi

1218 4466 1359 4558 scripti,
1382 4482 1417 4539 et
1435 4489 1523 4557 pene
1539 4465 1691 4535 nimium
1708 4466 1889 4538 inflectens
1906 4467 2027 4559 legum
2043 4468 2212 4543 autorita-

1218 4583 1309 4654 tem,
1334 4568 1382 4638 ait
1398 4592 1457 4637 ess
1473 4567 1570 4639 velut
1585 4568 1769 4660 plumbeas
1784 4571 1922 4659 regulas
1934 4570 1982 4641 ad
1996 4572 2146 4663 negotis
2158 4590 2211 4641 sc·

173 4672 238 4740 re?
271 4668 318 4742 Et
339 4686 456 4741 tamen
474 4672 578 4742 terrei
594 4687 677 4741 sunt
692 4667 878 4743 hominum
896 4674 1028 4756 animi,
1053 4670 1167 4745 uthis
1218 4670 1495 4741 commodandas
1512 4693 1597 4739 esse.
1634 4667 1694 4740 Fit
1708 4665 1775 4740 boc
1787 4672 1936 4743 tortasse
1952 4674 2097 4765 saepius
2110 4682 2211 4769 quatit

176 4786 246 4843 tam
262 4773 480 4843 terribilibus
495 4774 662 4863 exemplis
680 4798 802 4864 parum
824 4790 1044 4847 moveantur.
1094 4776 1166 4848 Sed
1218 4775 1383 4865 prodest,
1410 4786 1449 4841 nt
1472 4786 1505 4843 et
1526 4769 1650 4842 Celsus
1674 4786 1817 4865 questus
1846 4786 1917 4859 est,
1946 4786 1990 4845 ut
2019 4774 2157 4847 dieitur
2177 4772 2210 4843 ιι

175 4896 238 4943 vos
252 4876 313 4969 qai
331 4875 448 4944 colitis
461 4876 660 4944 doctrinam
677 4875 835 4958 virtutis,
859 4890 951 4945 certe
967 4880 1064 4947 decet
1075 4878 1167 4949 sitici
1218 4876 1312 4965 lege,
1346 4873 1376 4943 si
1401 4872 1552 4945 Servum
1572 4874 1612 4942 ii.
1636 4872 1680 4942 de
1708 4873 1898 4943 verborum
1921 4874 2211 4971 obligationibuq

173 5000 258 5047 voce
276 4974 342 5046 Dei
360 4989 394 5046 et
411 4977 580 5066 exemplis
600 4978 673 5047 irae
692 4977 850 5047 divinae.
900 4976 976 5050 Hac
998 4979 1052 5050 uti
1069 5004 1167 5049 corn·
1218 4990 1399 5067 praetextu
1426 4975 1529 5067 aequi
1565 4987 1597 5043 et
1625 4973 1714 5044 boni
1744 4998 1846 5065 saepe
1868 4976 2071 5067 periculose
2094 4974 2212 5053 errati·

172 5078 428 5150 memoratione
451 5079 489 5147 in
511 5080 706 5169 praesentia
732 5080 849 5165 volui,
881 5095 920 5150 ιιι
937 5081 1166 5171 praecipuum
1218 5076 1360 5167 Quanta
1377 5078 1520 5147 licentia
1537 5074 1743 5169 potentibus
1760 5078 1986 5165 conceditur,
2005 5080 2046 5151 'si
2067 5080 2211 5177 permit·

175 5181 277 5252 vobis
289 5194 537 5271 argumentum
552 5205 807 5275 proponerem,
831 5184 927 5276 quod
941 5182 1093 5253 maxime
1104 5208 1167 5255 vos
1216 5180 1364 5250 tendum
1380 5192 1449 5263 est,
1475 5191 1516 5250 ut
1537 5180 1706 5271 ascripto
1723 5179 1801 5248 inre
1816 5182 1984 5254 recedant
1997 5184 2144 5275 privato
2157 5206 2211 5253 sr-

173 5306 296 5353 omnes
317 5284 362 5353 sd
385 5284 503 5374 legum
534 5307 690 5355 amorem
714 5282 864 5356 incitare
886 5284 1010 5370 debet,
1042 5309 1114 5378 quo
1136 5284 1166 5355 si
1216 5281 1348 5365 bitrio,
1373 5281 1476 5353 iacile
1491 5294 1544 5355 est
1564 5280 1662 5352 enim
1682 5278 1876 5370 ingeniosis
1890 5284 2093 5375 excogitare
2107 5286 2209 5359 ratio·
