4664 6022
254 291 335 416 ors.
724 324 895 417 nncn
939 328 1015 412 nn
1046 324 1330 454 narrum
1357 339 1523 428 nnec
1551 342 1814 435 nouere
2221 353 2293 434 us

249 515 357 588 etiam
373 496 511 583 borum¹
521 522 721 600 temporum
743 502 1023 598 calamitatibus,
1049 535 1137 607 quas
1151 511 1249 584 velut
1296 517 1365 594 No,
1387 519 1471 597 124,
2127 559 2179 602 u·
2203 536 2291 604 ¹551⁸

249 616 474 712 praesagiens
495 609 718 696 Eridericus,
750 609 937 702 postremis
955 613 1059 685 annis
1075 639 1150 685 non
1165 639 1248 687 raro
1303 619 1478 653 *Ν
2117 627 2287 661 *om

251 720 485 794 delabebatur
512 712 552 785 in
574 735 756 832 semones
784 713 831 833 de
863 717 1055 804 regnorum
1080 716 1251 810 periodis,
1441 726 1518 812 De
1543 724 1749 815 Matthia
1776 726 1910 843 Rege
1932 728 2151 845 magar,

252 824 286 894 'et
309 841 454 915 gemens
474 817 682 909 deplorabat
699 815 943 886 infirmitatem
958 832 1106 890 naturae
1120 816 1252 893 hnma-
1369 887 1403 942 h
1422 888 1470 942 κιο
1484 887 1609 945 ΜΝ.
1632 891 1668 944 Τ.
1680 888 1729 946 m·
1746 906 1773 962 p.
1790 891 1840 946 trs
1854 911 1916 977 qq·
1933 892 2058 976 servas
2076 893 2113 953 Τ.
2125 891 2176 952 ΠΙ.
2197 911 2225 968 Ρ.
2242 896 2295 951 m

250 950 338 1010 nae,
363 946 452 1017 quae
468 933 503 991 et
518 919 687 990 fatalibus
704 917 818 988 causis
834 918 990 992 obnoxia
1009 936 1061 995 est
1080 924 1251 994 mutatio·
1400 955 1530 1012 mama,
1547 957 1583 1014 ῃ,
1601 976 1628 1032 P,
1642 958 1704 1015 ⁶59,
1719 989 1754 1004 ,,
1788 960 1893 1016 pfogg„
1913 972 1997 1019 „m
2019 961 2187 1035 marasim
2204 962 2296 1021 omi,

250 1029 378 1111 nibus,
403 1036 438 1095 et
452 1021 576 1094 multis
592 1020 729 1111 magnis
743 1019 926 1091 furoribus
947 1024 1093 1095 accersit
1107 1048 1252 1118 poenas.
1404 1026 1438 1081 ἆ*
1453 1026 1683 1100 segerannoniae
1693 1029 1817 1098 blacchia,
1834 1031 1947 1090 radun
1958 1032 2048 1091 ⁸⁸25·
2061 1031 2217 1090 ΜΝ·
2227 1033 2297 1090 W»-

250 1127 449 1222 Repetebat
462 1148 505 1195 ex
520 1118 682 1195 historiis
697 1123 823 1194 seriem
842 1137 1064 1216 temporum,
1089 1151 1252 1212 narrans,
1404 1095 1460 1150 '‘¹''
1476 1097 1552 1155 ¹⁵⁵¹·
1571 1097 1597 1156 ⁴·
1613 1097 1682 1172 apt.

252 1254 361 1327 suem
374 1227 493 1301 brevis
515 1239 577 1298 eut
598 1227 705 1315 ¹⁰¹¹s³
725 1237 820 1295 oetas
838 1225 1008 1347 winsige
1027 1231 1129 1320 teani
1143 1230 1252 1353 scie-
1302 1257 1429 1329 oram
1453 1253 1501 1328 ce
1521 1254 1691 1331 massera
1704 1263 1801 1358 cepe
1824 1265 2036 1360 unquam
2068 1268 2244 1339 recreata
2259 1271 2295 1340 su

251 1333 373 1403 miliae
388 1331 531 1414 fuisset,
554 1351 619 1398 nec
634 1351 784 1421 usquam
802 1328 896 1398 ultra
914 1347 1125 1422 qurngentos
1140 1356 1252 1403 annos
1304 1355 1368 1430 ἀί,
1384 1357 1578 1433 Matthiae
1592 1363 1795 1456 Apostoli(

698 1430 707 1447 .
1795 1375 1817 1434 t.
1834 1373 2071 1459 attide),
2096 1372 2296 1442 issresrcsu·

253 1437 405 1506 eandem
421 1429 928 1522 11ιὲἱῦδῑθθθΡθῗῐῑῑθθῖὒῑῐῃθῐῃ·
1303 1466 1468 1535 citatione
1493 1463 1641 1560 gradus
1662 1469 1878 1563 Magisterii
1906 1490 1931 1540 u
1958 1471 2117 1544 Decuno
2150 1471 2294 1548 Seleuci.

355 1532 455 1608 Anni
471 1546 554 1604 sunt
567 1535 640 1603 fere
658 1533 844 1651 quingenti
859 1533 904 1602 ab
922 1534 1018 1606 exitu
1033 1559 1075 1605 ex
1090 1530 1251 1656 Aegypto
1360 1568 1436 1638 Ma
1447 1563 1521 1638 m,
1530 1588 1554 1638 a
1564 1589 1612 1640 eo
1640 1571 1697 1657 (cf.
1713 1572 1834 1659 Scripta
1847 1580 1933 1661 publ·
1950 1577 1988 1647 T·
2005 1574 2035 1644 L
2057 1602 2089 1664 p·
2104 1579 2173 1645 292
2184 1566 2236 1663 E).

253 1642 300 1710 ad
324 1636 574 1722 Salomonem,
605 1638 756 1706 totsdcm
778 1635 850 1704 fere
865 1658 884 1703 a
902 1633 1095 1708 Salomone
1114 1640 1158 1707 ad
1179 1663 1253 1708 exr-

253 1743 345 1812 lium
368 1738 639 1833 Babylonicum.
699 1734 788 1807 lude
821 1737 968 1808 totidem
990 1752 1026 1809 et
1048 1740 1155 1832 paulo
1176 1763 1253 1811 am·
1303 1717 1416 1804 Initio
1426 1733 1554 1825 gratias
1563 1746 1628 1825 ago
1639 1749 1714 1807 toto
1726 1733 1954 1829 pectoreDeo
1963 1752 2112 1812 aeterno
2123 1743 2287 1834 patrillo-

147 1860 152 1870 ·
253 1845 350 1937 plius
367 1844 412 1912 ad
431 1841 597 1913 ultimum
615 1837 854 1934 lerosolymae
866 1841 1054 1910 excidium.
1304 1837 1395 1907 mini
1412 1836 1526 1906 nostri
1543 1833 1623 1909 lesu
1638 1834 1792 1925 Christi,
1817 1841 1995 1912 conditori
2012 1843 2105 1914 coeli
2125 1857 2162 1916 et
2176 1859 2292 1937 terrae,

359 1943 417 2014 Ad
440 1939 527 2014 haec
545 1941 702 2033 exempla
725 1941 928 2012 conferebat
948 1944 1162 2015 mutationes
1176 1943 1254 2017 Ro-
1305 1953 1341 2009 ei
1355 1936 1533 2010 Ecclesiae
1554 1953 1589 2009 ei
1608 1934 1817 2028 hominum,
1842 1966 2017 2014 unacum
2040 1945 2120 2019 filio
2144 1971 2209 2019 suo
2225 1950 2291 2023 Ilo·

254 2069 402 2130 manas,
428 2060 463 2116 et
485 2038 573 2113 haec
596 2041 790 2133 praesentia
814 2065 932 2133 regna.
983 2039 1142 2116 Othonis
1157 2048 1254 2118 tertii
1305 2040 1406 2110 mino
1431 2053 1555 2111 nostro
1570 2039 1649 2112 lesu
1666 2037 1830 2130 Christo,
1862 2045 2030 2118 crucifixo
2047 2071 2118 2140 pru
2138 2052 2243 2122 uobis
2262 2071 2291 2128 et

255 2164 418 2240 tempore
432 2141 500 2217 hoc
514 2140 704 2238 pulchrum
715 2139 862 2236 ἀξίωμα
878 2160 911 2216 et
927 2147 1106 2238 fastigium
1123 2150 1256 2221 electo·
1304 2143 1530 2229 reauscitato,
1555 2156 1590 2212 et
1604 2143 1742 2235 Spiritu
1761 2170 1826 2216 suo
1846 2160 1987 2234 sancto,
2011 2151 2111 2243 quod
2130 2147 2290 2229 hactenns

255 2275 340 2322 rum
360 2249 591 2337 constitutum
614 2269 707 2331 esse,
733 2271 773 2315 ac
796 2248 869 2316 fere
885 2249 1009 2317 eodem
1025 2264 1181 2343 tempore
1196 2252 1255 2321 in·
1304 2267 1372 2314 nos
1394 2246 1586 2316 clementer
1607 2246 1778 2336 protegit,
1803 2272 1955 2343 eumque
1978 2253 2196 2326 ardentibus
2209 2263 2288 2334 votis

256 2349 420 2423 choatam
443 2339 517 2420 ess‘e
552 2350 704 2418 formam
735 2348 835 2438 regni
861 2345 1059 2421 Pannonici
1087 2367 1121 2423 et
1146 2352 1254 2424 Polo-
1306 2371 1393 2432 oro,
1417 2359 1458 2417 ut
1481 2370 1618 2438 semper
1631 2345 1826 2419 Ecclesiam
1846 2350 1916 2420 sibi
1937 2350 2035 2422 inter
2055 2376 2126 2425 nos
2149 2359 2287 2453 colligat

254 2455 347 2540 nici,
369 2476 459 2546 quac
476 2447 646 2522 hactenus
661 2473 774 2520 annos
789 2450 1002 2544 quingentos
1023 2455 1176 2527 duravit.
1306 2449 1550 2519 doctrinarum
1564 2449 1681 2520 studia
1696 2451 1888 2540 gubernet,
1922 2466 1956 2524 et
1977 2448 2081 2528 hunc
2101 2473 2285 2539 coctumst

361 2553 416 2625 Ad
433 2550 525 2625 banc
539 2567 668 2624 metam
683 2552 821 2644 periodi
836 2576 918 2622 cum
935 2554 1005 2623 iarn
1022 2558 1154 2648 pariter
1168 2553 1256 2628 haec
1305 2545 1392 2622 haec
1405 2549 1547 2641 tuguria
1562 2566 1734 2643 protegat.
2216 2574 2221 2591 ¹

256 2683 365 2750 regna
383 2659 607 2735 accederent,
634 2677 780 2745 magnas
795 2654 919 2725 ruinas
935 2678 972 2726 se
987 2671 1145 2731 metuere
1159 2661 1256 2730 dice·
1406 2649 1499 2725 Cum
1514 2666 1632 2725 autem
1648 2648 1839 2727 honestum
1855 2669 1891 2728 et
1914 2655 2092 2732 usitatum
2115 2663 2164 2737 sit
2180 2666 2216 2740 in
2237 2667 2281 2744 bis

183 2758 188 2772 “
256 2764 330 2834 bat.
386 2759 569 2830 Interdum
587 2752 644 2836 his
654 2757 879 2828 sermonibus
889 2753 1030 2830 ethunc
1043 2760 1160 2854 ipsum
1176 2786 1257 2832 ver·
1304 2755 1569 2844 congressibus,
1592 2756 1707 2827 velde
1722 2770 1821 2850 parte
1835 2758 1955 2855 aliqua
1971 2761 2227 2853 doctrinarum,
2249 2790 2278 2846 ut

258 2868 347 2934 sum'
357 2861 541 2931 miscebat:
1303 2856 1488 2927 iuniorum
1511 2858 1711 2928 formentur
1734 2859 1885 2947 iudicia,
1910 2862 2051 2951 dicere,
2078 2869 2136 2938 vel
2149 2875 2273 2946 matare

414 2967 504 3030 Eheu
519 2987 608 3050 quam
624 2968 741 3029 levibus
752 2979 879 3048 pereunt
892 2969 1025 3050 ingentia
1037 2973 1144 3036 causis,
1304 2952 1482 3043 historiae,
1506 2979 1657 3051 quarum
1671 2961 1908 3034 consideratio
1922 2966 2057 3038 multas
2072 2971 2178 3043 adfert
2187 2976 2268 3045 utili-

362 3064 433 3137 Sed
460 3058 553 3133 hanc
585 3085 621 3132 se
645 3062 926 3132 consolationem
952 3077 1073 3134 tenere
1104 3065 1256 3152 dicebat,
1304 3072 1411 3145 tates,
1431 3054 1490 3129 hic
1506 3082 1563 3128 me
1577 3059 1653 3130 dics
1662 3058 1836 3136 Matthiae
1846 3060 2034 3157 Apostoli,
2065 3095 2149 3143 cum
2164 3075 2277 3150 deam

259 3170 357 3262 quod
373 3168 449 3237 sine
462 3165 536 3236 ulla
550 3163 776 3235 dubitatione
790 3177 975 3248 statueret,
1001 3181 1036 3238 et
1045 3190 1118 3237 esse
1127 3163 1256 3253 Deum,
1277 3136 1281 3295 l
1303 3161 1426 3232 multis
1440 3155 1601 3232 historiis
1613 3164 1812 3250 admonuit,
1832 3179 1909 3238 tum
1922 3192 2010 3241 vero
2024 3173 2139 3245 amm
2153 3176 2279 3272 delisge

257 3286 294 3341 et
327 3267 443 3340 Deum
475 3289 560 3336 vere
586 3266 753 3356 colligere
784 3265 854 3335 sibi
881 3266 920 3335 in
945 3290 1072 3357 genere
1094 3263 1253 3340 hnmano
1301 3259 1510 3334 Pannoniae
1519 3258 1695 3351 Matthia,
1720 3267 1785 3361 qui
1799 3290 1840 3339 eo
1856 3267 1915 3339 dic
1928 3284 2012 3342 ante
2025 3295 2149 3348 annos
2160 3297 2281 3356 centum

258 3387 437 3444 aeternam
454 3365 668 3452 Ecclesiam,
693 3382 728 3438 ct
744 3392 788 3438 ne
806 3368 838 3437 ei
853 3368 968 3440 desint
981 3365 1155 3461 hospitia,
1179 3394 1255 3442 ser·
1303 3379 1338 3438 et
1351 3379 1431 3437 octo
1445 3379 1550 3435 natus
1565 3380 1629 3452 est,
1655 3368 1700 3438 de
1714 3370 1815 3441 cuins
1829 3370 1961 3444 virtute
1975 3386 2012 3447 ct
2025 3376 2230 3471 faelicitate,
2250 3402 2282 3459 ut

257 3499 341 3545 vare
364 3496 445 3543 eum
465 3471 603 3564 aliquas
625 3470 782 3561 politiae,
815 3484 850 3540 ct
882 3471 1027 3564 quidem
1057 3470 1254 3544 Ecclesiam
1302 3467 1442 3561 saepius
1465 3467 1538 3538 iam
1563 3468 1774 3558 cogitemus,
1808 3495 1995 3546 movemur
2018 3479 2135 3551 etism
2157 3482 2283 3559 Panno·

256 3562 325 3648 Dei
341 3572 625 3646 constantissime
640 3573 848 3642 adfirmabat
865 3566 963 3643 hunc
984 3572 1100 3665 ipsum
1114 3583 1253 3647 coetum
1301 3569 1382 3640 niae
1396 3569 1675 3657 calamitatibus,
1700 3595 1790 3666 qnae
1805 3597 1902 3644 nunc
1917 3577 2057 3651 suntin
2072 3605 2264 3681 conspectu.

257 3702 351 3763 esse,
376 3678 414 3745 in
431 3699 503 3770 quo
517 3697 585 3743 vox
598 3669 786 3762 Evangelii
801 3689 903 3746 sonat
918 3675 1138 3767 incorrupta.
1402 3666 1577 3765 Existimo
1598 3696 1674 3742 non
1694 3673 1783 3745 falso
1806 3675 1977 3771 scriptum
1999 3703 2078 3754 esse
2099 3708 2124 3757 a
2141 3686 2284 3780 Platone,

360 3776 720 3848 Hiccnmsliamulta
735 3775 937 3847 testimonia
951 3778 1139 3864 recitabat,
1163 3803 1254 3873 quae
1274 3836 1279 3907 t
1300 3774 1424 3846 fatales
1440 3796 1515 3843 esse
1533 3773 1764 3866 imperiorum
1787 3778 1971 3872 periodos,
1995 3796 2032 3855 et
2051 3789 2226 3887 tantisper
2237 3797 2285 3867 di.

256 3883 447 3955 adfirmant
470 3873 664 3950 Ecclesiam
685 3891 720 3947 et
739 3877 779 3947 in
801 3870 869 3947 hac
887 3879 1030 3951 mortali
1050 3881 1123 3950 vita
1139 3883 1254 3952 dura·
1302 3876 1436 3946 sinitur
1452 3875 1593 3967 praefici
1612 3878 1729 3968 regnis
1744 3880 1914 3953 salutares
1928 3885 2207 3985 gubernatores,
2230 3901 2286 3970 do-

253 4001 374 4056 turam
396 4005 469 4052 esse
492 4003 605 4075 usqne
628 3981 674 4050 ad
694 3978 996 4051 resuscitationem
1018 3996 1254 4070 mortuorum,
1302 4003 1367 4048 nec
1388 3977 1527 4070 periodi
1544 3978 1775 4052 circumactae
1795 3996 1897 4069 sunt,
1928 3987 1991 4057 sed
2015 4002 2142 4063 tamen
2167 4000 2206 4069 in
2228 3995 2286 4071 ho.

256 4101 335 4156 tnm
355 4108 438 4153 vero
461 4082 648 4177 praecipue
669 4081 912 4154 delectabatur
934 4076 1003 4153 lroc
1035 4083 1137 4155 brevi
1157 4086 1251 4157 dicto
1301 4081 1439 4150 mittum
1464 4078 1566 4150 viciis
1591 4083 1782 4176 praecipua
1815 4107 1918 4157 cansa
1951 4101 2004 4161 cst
2039 4091 2211 4173 interitus
2239 4129 2286 4175 rc-

259 4188 355 4282 quod
374 4198 466 4256 extat
478 4185 571 4274 apud
585 4180 744 4253 Esaiam:
768 4179 847 4274 Ego
861 4206 923 4254 vos
937 4186 1044 4255 etiam
1060 4187 1100 4255 in
1114 4201 1253 4258 senecta
1300 4205 1464 4274 guorum.

257 4305 293 4360 et
318 4286 452 4359 canicie
475 4286 629 4375 gestabo.
686 4283 740 4359 Ac
765 4284 960 4376 suspiciens
983 4286 1021 4356 in
1035 4288 1176 4359 coelum
1193 4314 1253 4358 ar·
1402 4281 1487 4354 ldeo
1511 4308 1715 4380 quanquam
1741 4301 1874 4363 veteres
1895 4291 2022 4378 duces,
2055 4322 2216 4393 quorum
2235 4331 2285 4379 ιχ.

256 4392 424 4465 dentibus
449 4386 539 4458 votis
558 4383 674 4462 Deum
698 4388 925 4479 precabatur,
950 4401 989 4459 ut
1009 4402 1045 4460 ct
1056 4384 1252 4461 Ecclesiam
1299 4387 1429 4458 cellens
1451 4386 1519 4459 fuit
1544 4388 1676 4477 virtus,
1702 4413 1776 4460 non
1801 4415 1985 4484 possumus
2006 4398 2048 4469 in
2067 4394 2165 4476 hanc
2186 4411 2284 4481 viram

255 4496 295 4568 in
315 4490 379 4563 hac
394 4513 455 4562 sua
471 4489 603 4581 patria,
628 4499 663 4557 et
677 4489 826 4581 patriam
842 4503 1016 4576 servaret,
1041 4514 1107 4561 nec
1121 4493 1253 4565 sineret
1299 4513 1483 4575 revocare,
1508 4503 1629 4561 tamen
1650 4516 1731 4563 cum
1753 4493 1948 4569 discordias
1969 4522 2162 4591 procerum
2187 4506 2284 4586 buius

133 4672 136 4676 ,
255 4599 296 4665 in
311 4592 505 4665 Germania
527 4613 592 4663 seu
607 4587 796 4660 Turcicam
818 4614 881 4662 seu
896 4588 1127 4664 Barbaricam
1141 4595 1253 4666 vasti·
1299 4591 1440 4677 aetatis,
1474 4604 1509 4676 et
1531 4593 1719 4665 orbitatem
1744 4593 1952 4669 Pannoniae
1982 4601 2190 4699 intuemur,
2218 4639 2284 4687 non

253 4712 364 4774 tatem
378 4694 465 4765 fieri·
1299 4715 1485 4786 possumus
1503 4717 1577 4763 non
1593 4696 1771 4788 requirere
1786 4700 1914 4770 animis
1922 4699 2133 4793 Huniaden,
2154 4731 2281 4807 patrem

357 4794 453 4864 llaec
482 4793 593 4888 ipsius
615 4793 782 4864 vaticinia
811 4806 847 4864 et
868 4809 951 4866 sota
976 4796 1251 4885 consideremus,
1299 4810 1360 4866 aut
1382 4788 1574 4866 Matthiam
1597 4796 1731 4884 filium,
1762 4824 1915 4895 quorum
1939 4808 2116 4881 autoritas
2144 4816 2281 4892 discidi,

257 4913 393 4968 etcum
417 4897 485 4965 iam
508 4908 560 4965 tot
582 4896 732 4965 vulnera
754 4896 965 4983 sentiamus,
990 4911 1025 4970 et
1044 4899 1251 4992 impendere
1298 4920 1484 4989 procerum
1510 4897 1697 4984 dirimere,
1729 4912 1764 4971 et
1786 4896 1960 4978 fortitudo
1985 4923 2152 4989 externos
2175 4915 2280 4995 hostes

256 5021 404 5087 magnae
420 5020 539 5066 rernm
556 4997 782 5067 confusiones
796 4995 1002 5086 videantur,
1027 5022 1094 5071 nos
1107 5026 1250 5097 quoque
1298 5022 1434 5078 arcere,
1459 4997 1536 5070 Deo
1554 5000 1698 5070 iuvante
1712 5003 1894 5094 potuisset.

256 5127 279 5170 a
294 5097 371 5169 Deo
389 5098 643 5187 mitigationem
665 5097 905 5169 calamitatum
930 5115 1111 5192 petamus,
1136 5118 1172 5176 et
1183 5129 1249 5175 nos
1399 5096 1477 5178 Etsi
1493 5116 1612 5172 autem
1634 5103 1705 5173 iam
1722 5099 1788 5176 hos
1801 5107 1932 5201 frustra
1949 5112 2215 5210 desideramus,
2238 5142 2279 5197 ta-

254 5204 294 5270 in
318 5197 383 5269 hac
405 5199 592 5282 imbecilli,
622 5213 658 5270 et
679 5200 792 5269 delira
813 5215 951 5271 senema
972 5205 1100 5273 mundi
1120 5208 1248 5296 gestari
1297 5227 1382 5272 men
1394 5203 1484 5273 bene
1502 5203 1707 5276 meritorum
1734 5208 1864 5280 ducum
1880 5217 2084 5304 recordari,
2110 5229 2276 5313 gratitudo

256 5303 366 5371 afilio
375 5298 441 5370 Dei
450 5295 607 5370 Domino
623 5317 743 5374 nostro
759 5298 839 5374 lesu
852 5296 995 5377 Christo
1013 5306 1153 5380 assidue
1166 5332 1249 5401 pre„
1290 5319 1360 5377 est.
1410 5301 1460 5376 Et
1480 5305 1659 5397 principes
1675 5306 1771 5379 viros
1784 5332 1908 5385 corum
1922 5321 2128 5395 recordatio
2148 5331 2195 5402 ad
2216 5333 2277 5400 vir·

256 5426 386 5475 camur.
436 5397 533 5470 Diri.
1290 5407 1382 5478 tutis
1396 5406 1630 5478 imitationem
1644 5413 1833 5482 accendere
1846 5428 1972 5507 potest·
2002 5414 2193 5502 Omnibus
2206 5457 2275 5503 vcro

1295 5508 1438 5601 prodest
1461 5508 1501 5575 in
1523 5503 1589 5579 hac
1613 5511 1780 5599 varietate
1801 5518 2047 5610 exemplorum
2064 5533 2274 5608 considerare
