4664 6022
59 238 68 261 ⁴
129 286 207 366 sss
665 282 829 365 nucu
874 282 952 361 ou
983 284 1184 364 vanno
1210 286 1641 371 ’oeconomum
2110 294 2184 374 ses

132 465 184 535 vit
208 460 378 534 acerrime
401 458 592 532 sententias
613 462 658 530 de
680 460 755 531 filio
777 457 845 532 Dei
867 460 969 533 etde
993 460 1133 555 Spiritu
1185 481 1219 540 et
1243 490 1408 540 normam
1430 491 1621 564 sequamur
1644 469 1684 539 in
1707 468 1911 541 iudicandis
1925 468 2072 563 scriptis
2086 463 2186 558 bane,

133 581 275 647 sancto,
299 587 387 658 quas
396 562 494 636 Deus
509 563 671 655 patefecit
686 560 864 635 Ecclesiae
878 588 980 652 suae,
1008 567 1133 659 etipse
1185 592 1231 639 ne
1255 571 1343 665 quid
1364 572 1577 664 probemus,
1602 575 1700 668 quod
1724 573 1903 666 ascriptis
1917 569 2140 667 propheticis
2153 590 2185 649 et

133 669 338 761 aGregorii
355 665 658 736 Neocaesariensis
677 667 921 751 auditoribus,
946 667 1010 762 qui
1031 666 1133 762 Apo·
1184 674 1387 765 apostolicis
1417 675 1601 762 dissentit,
1636 691 1670 748 et
1694 675 1899 748 testimonia
1921 700 1999 746 non
2023 698 2184 770 asperus·

133 777 310 847 stolorum
334 769 528 862 discipulos
551 770 730 856 audierat,
751 770 898 866 accepit.
947 768 1133 844 Resutavit
1184 800 1286 864 mur,
1319 801 1410 871 quae
1439 792 1533 849 certa
1563 780 1753 851 autoritate
1774 781 1821 851 ab
1843 777 2031 874 Apostolis
2057 779 2182 855 tradiit

131 873 306 952 Catbaros
322 872 462 945 erudito
477 872 603 943 libello
619 875 664 945 de
681 873 910 967 poenitentia.
1185 903 1279 966 esse,
1305 894 1459 955 vetustas
1475 882 1699 954 consentiens
1712 884 1887 960 adfirmat.
1941 880 2041 956 Dixi.

236 976 335 1069 Quid
354 1000 438 1045 vero
456 977 500 1045 de
516 976 654 1046 iusticia
672 977 756 1048 fidei
770 978 938 1059 senserit,
963 978 1133 1070 exipsius

133 1103 264 1181 quaeso
281 1078 400 1150 verbis
415 1079 636 1169 cognoscite,
662 1106 753 1174 quae
770 1094 891 1152 extant
906 1081 942 1150 in
961 1083 1133 1154 concione

132 1180 216 1283 saepi
242 1174 599 1279 ταπεινοφροσύνης.
653 1181 750 1255 Dicit
778 1197 895 1255 autem
926 1181 1132 1277 Apostolus,

133 1288 205 1381 Qui
224 1285 417 1379 gloriatur,
443 1285 482 1354 iu
499 1282 657 1356 Domino
674 1286 867 1377 glorietur,
893 1283 1132 1359 dicensChri-
1196 1259 1365 1387 Q

133 1406 227 1465 stum
250 1388 354 1459 nobis
375 1390 506 1458 iactum
531 1412 605 1459 esse
628 1390 837 1481 sapientiam
862 1414 883 1461 a
908 1389 1002 1478 Deo,
1028 1391 1132 1462 iusti-

132 1497 243 1580 ciam,
267 1491 583 1563 sanctibcationem
606 1506 641 1564 et
663 1493 961 1585 redemptionem,
986 1509 1027 1566 ut
1041 1494 1132 1565 sicut

132 1598 390 1691 scriptumest:
416 1592 490 1685 Qui
508 1596 700 1686 gloriatur,
728 1596 765 1665 iu
776 1594 933 1667 Domino
948 1597 1131 1686 glorietur.

131 1699 229 1772 Haec
262 1712 313 1769 cst
342 1697 439 1768 enim
471 1722 552 1768 vera
573 1713 607 1770 et
629 1699 768 1790 integra
789 1701 953 1789 gloriatio
979 1701 1018 1771 in
1041 1699 1145 1792 Deo,

131 1804 276 1901 quando
306 1824 422 1895 neque
450 1815 595 1894 propter
624 1802 801 1873 iusticiam
830 1827 929 1873 suam
955 1803 1130 1897 quispiam

131 1907 299 1989 effertur,
332 1905 393 1975 sed
417 1905 539 1975 statuit
563 1928 598 1974 sc
623 1930 742 1975 carere
765 1928 846 1978 vera
869 1906 1030 1995 iusticia,
1063 1908 1130 1978 fide
1183 1919 1494 1991 oratiorecttota
1508 1938 1534 1990 a
1550 1919 1660 1991 Dect.
1684 1921 1884 2017 Georgia
1903 1922 2113 2012 Maiore,
2135 1918 2177 1995 tle

132 2024 251 2081 autem
268 2008 341 2075 sola
358 2007 396 2075 in
409 2000 593 2077 Christum
613 2008 808 2080 iustificari.
1265 2019 1372 2094 verbo
1390 2017 1630 2118 ὀρθοτομεῖν.
1668 2025 1807 2107 (Erford.
1824 2029 1907 2092 addit
1921 2049 1972 2092 aa.
1989 2030 2109 2113 taes.)
2211 2010 2214 2029 ¹

236 2108 304 2179 His
327 2110 444 2179 verbis
458 2106 612 2180 Basilius
633 2113 710 2181 sine
732 2112 806 2182 ulla
821 2110 1052 2202 ambiguitate
1067 2113 1130 2182 ad·

132 2217 269 2300 lirmat,
306 2207 469 2283 homines
499 2236 575 2281 non
603 2228 749 2308 propter
777 2215 940 2308 proprias
968 2216 1131 2301 virtutes,
1182 2187 1349 2281 Sciamus
1363 2203 1430 2279 bos
1443 2223 1586 2280 nostros
1602 2231 1810 2300 congressus
1824 2234 1898 2280 non
1909 2232 1988 2281 esse
1999 2207 2177 2305 propltut

130 2320 192 2391 sed
216 2331 361 2411 prepter
381 2315 496 2385 filium
513 2313 581 2386 Dei
597 2319 828 2389 mediatorem
847 2318 958 2388 iustos
974 2343 1063 2389 esse:
1090 2332 1130 2389 ut
1183 2313 1396 2406 spectacula,
1420 2315 1479 2383 sed
1503 2311 1696 2383 convenire
1719 2336 1803 2400 nos,
1824 2328 1865 2385 ut
1887 2312 2037 2409 aliquid
2053 2319 2176 2389 decoe-

130 2444 228 2493 nunc
250 2442 392 2514 quoque
405 2414 584 2489 Ecclesiae
608 2435 749 2491 nostrae
768 2423 812 2492 de
830 2421 1003 2492 beneficio
1022 2422 1080 2515 pie
1097 2435 1129 2492 et
1183 2415 1261 2486 lesti
1284 2415 1447 2486 doctrina
1468 2415 1626 2498 dicatur,
1653 2428 1687 2486 et
1707 2430 1748 2488 ut
1767 2416 1806 2485 in
1828 2412 1897 2487 boc
1920 2434 2035 2491 coetu
2059 2418 2171 2493 fiatis·

130 2523 284 2595 fideliter
308 2525 449 2595 docent.
501 2520 575 2592 Nec
592 2523 717 2594 dubito
735 2524 802 2616 piis
820 2538 952 2596 attente
967 2526 1129 2595 conside·
1184 2518 1409 2599 vocatioDci,
1437 2519 1795 2611 acptiamutstmrl
1809 2519 2175 2595 mlnl⁸leritlmllmt=
2211 2588 2214 2601 .

130 2627 294 2700 rantibus
317 2620 410 2695 banc
425 2622 553 2697 Basilii
574 2651 695 2696 vocem
713 2640 848 2718 gratam
867 2629 956 2697 fore.
1008 2625 1130 2699 Mores
1182 2622 1285 2712 gelii,
1310 2635 1344 2692 et
1364 2616 1451 2692 haec
1470 2637 1592 2694 nostra
1612 2623 1727 2693 studia
1744 2622 1943 2693 necessaria
1962 2627 2009 2696 sd
2030 2627 2173 2698 omnim

130 2745 249 2803 autem
272 2728 420 2798 suerunt
440 2730 526 2799 casti
551 2742 585 2800 et
609 2729 794 2822 inculpati.
856 2729 904 2802 Et
924 2755 1129 2825 quanquam
1182 2727 1333 2796 salutem
1348 2724 1434 2814 regi.
1467 2722 1563 2796 llaec
1576 2749 1657 2796 eum
1672 2727 1775 2811 litant,
1797 2720 1836 2795 hi
1851 2749 2075 2818 congressus
2088 2730 2171 2802 etin
2204 2798 2207 2803 .

129 2833 244 2904 oratio
261 2831 417 2902 ostendit
431 2854 577 2901 suavem
592 2846 626 2903 et
638 2833 816 2925 placidam
831 2847 994 2904 naturam
1009 2834 1130 2921 fuisse,
1182 2829 1227 2899 ael
1250 2823 1319 2899 hoc
1337 2829 1472 2899 dictum
1491 2828 1686 2921 pertinent:
1715 2826 1931 2924 Ubicunque
1949 2833 2031 2902 duo
2048 2846 2172 2905 satus

130 2951 250 3008 temen
266 2935 303 3003 in
319 2932 576 3024 gubernatione
592 2959 670 3004 acer
684 2936 763 3007 luit.
805 2931 946 3008 Artifex
960 2938 1027 3009 luit
1042 2962 1129 3008 con·
1182 2931 1220 3001 in
1243 2931 1391 3003 nomine
1412 2955 1493 3001 meo
1516 2931 1719 3023 congregati
1738 2931 1893 3019 fuerint,
1926 2933 1985 3004 ihi
2010 2936 2054 3006 in
2078 2934 2171 3007 medis

130 3038 369 3110 eiliandorum
401 3035 621 3124 animorum,
660 3054 692 3110 ct
722 3042 876 3110 tuendae
907 3041 1130 3127 concordiae,
1182 3058 1305 3109 eorum
1323 3058 1412 3105 sum.
1466 3032 1570 3105 Hane
1587 3032 1860 3127 promissionem
1877 3036 2164 3111 auditoresiritt't

1903 1342 1906 1347 .
2027 1267 2179 1345 anasse

2016 1358 2175 1391 ...a

1421 1502 1497 1591 Dc
1522 1501 1656 1591 verbo
1680 1474 1952 1624 ὀῷοτομεῖν.

1252 1682 1285 1739 lu
1298 1680 1424 1740 Declsm.
1441 1683 1474 1741 T.
1489 1684 1539 1741 lll.
1559 1703 1587 1757 p.
1597 1685 1650 1741 tta
1661 1702 1737 1759 sqq,
1760 1686 1789 1741 in
1803 1686 1879 1743 Serv.
1896 1686 1932 1747 T.
1945 1686 1998 1743 lll.
2036 1686 2122 1745 ΛΜ.
2142 1686 2176 1753 ,h

1287 1751 1399 1812 Eriord.
1417 1753 1450 1815 T.
1465 1754 1512 1812 ΙΙΙ.
1529 1755 1572 1814 lit.
1588 1756 1621 1821 ll,
1639 1758 1665 1813 5.
1684 1766 1711 1811 et
1728 1756 1800 1829 apud
1817 1754 1947 1815 Ricbsrd.
1965 1758 2003 1815 T.
2014 1706 2067 1815 ln.
2084 1724 2172 1833 miii.

130 3166 200 3238 qua
217 3142 261 3210 dc
277 3164 315 3213 re
332 3137 466 3211 alicubi
483 3139 617 3214 scribit.
672 3139 754 3212 Non
772 3156 844 3213 tam
863 3142 1046 3230 sinistrae,
1072 3145 1130 3214 in-

130 3244 275 3339 quiens,
301 3265 391 3335 opus
412 3256 464 3313 est
485 3245 626 3330 dextra,
654 3270 760 3339 quam
776 3241 957 3317 Ecclesiae
974 3271 1064 3342 opus
1078 3262 1129 3319 est

130 3345 334 3419 docentium
354 3346 557 3420 concordia.

232 3445 396 3520 Etbnicis
410 3449 516 3521 etiam
531 3449 782 3542 sugillantibus
796 3452 926 3544 ipsum,
953 3476 1032 3522 cum
1047 3452 1128 3547 qui-

128 3557 195 3625 bus
211 3552 456 3622 dimicandum
472 3577 544 3622 non
560 3578 633 3625 esse
650 3555 832 3638 censebat,
858 3579 994 3625 summa
1011 3555 1125 3646 gravi·

129 3670 200 3728 tate
223 3671 256 3726 et
280 3668 466 3726 venustate
490 3657 696 3747 respoudit,
722 3681 766 3727 ne
783 3658 980 3728 maledictis
996 3671 1129 3729 certare

131 3758 325 3827 videretur.
377 3755 468 3826 Nam
482 3755 637 3828 Libanio
659 3760 835 3846 scribens,
862 3762 962 3833 cuius
979 3785 1020 3831 eo
1038 3774 1129 3831 tem-

129 3883 217 3955 pore
230 3859 434 3954 eloquentia
450 3858 602 3929 maxime
617 3863 791 3934 celebrata
807 3877 870 3950 est,
895 3865 1025 3958 inquit,
1047 3887 1127 3934 ora-

131 3964 263 4035 tionem
288 3962 401 4054 ipsius
423 3985 523 4031 rosae
545 3963 695 4034 similem
715 3989 810 4051 esse,
838 3967 990 4037 nitidam
1006 3979 1039 4037 et
1055 3967 1128 4036 lra-

129 4079 308 4159 grantem,
334 4068 393 4135 sed
413 4080 530 4137 tamen
547 4066 659 4158 spinis
674 4082 709 4139 et
724 4067 855 4139 aculeis
873 4069 1128 4173 circundatum.

129 4171 184 4241 Ac
200 4168 374 4240 virtutum
390 4169 534 4262 quidem
553 4184 769 4242 caeterarum
785 4168 911 4243 Basilii
926 4172 1052 4263 ingens
1068 4196 1127 4242 or-

1183 3139 1344 3229 cogitate,
1368 3151 1402 3208 et
1417 3152 1552 3209 mentes
1568 3141 1613 3208 ad
1630 3138 1891 3211 invocationem
1901 3135 1975 3211 Dei
1986 3142 2166 3215 exuscihh·

1182 3237 1235 3312 Ac
1255 3241 1426 3334 quoniam
1447 3236 1516 3313 hoc
1538 3241 1619 3312 loco
1633 3264 1730 3311 meae
1748 3256 1865 3333 partes
1882 3242 1958 3315 iam
1976 3245 2024 3316 in
2040 3242 2168 3317 dicerit

1183 3344 1319 3435 primae
1339 3357 1440 3430 sum,
1466 3368 1594 3439 meque
1617 3345 1716 3416 velut
1735 3341 1894 3442 ἔξαρχον
1916 3368 1999 3418 esse
2016 3346 2170 3443 precatio·

1181 3472 1268 3518 num
1299 3462 1456 3539 oportet,
1493 3471 1570 3518 mea
1599 3449 1708 3518 verba
1733 3471 1863 3540 quaeso
1887 3448 1963 3543 piis
1983 3453 2169 3523 animatur

1181 3548 1338 3622 motibus
1370 3546 1648 3645 subsequimini.¹
1715 3548 1879 3621 Primum
1911 3552 2008 3648 tibi,
2049 3562 2171 3627 actm

1182 3654 1296 3740 Deus,
1321 3667 1423 3746 pater
1437 3651 1587 3725 Domini
1602 3653 1716 3724 nostri
1736 3652 1814 3724 lesu
1829 3649 1993 3739 Christi,
2023 3655 2171 3731 conditor

1180 3755 1342 3829 omnium
1359 3781 1492 3848 renisu,
1520 3771 1555 3828 et
1570 3769 1799 3827 conservator
1811 3770 1847 3827 et
1861 3759 2172 3850 opitulatorptn·

1181 3861 1277 3930 ditor
1296 3857 1471 3932 Ecclesiae
1491 3874 1590 3946 tuae,
1615 3882 1688 3930 una
1711 3885 1793 3931 cum
1815 3860 1890 3930 lilio
1911 3874 1979 3933 tuo
2000 3878 2172 3937 coemunt

1180 3962 1338 4035 Domino
1355 3976 1478 4034 nostro
1493 3960 1574 4033 lesu
1587 3957 1746 4047 Christo,
1771 3977 1805 4035 et
1814 3961 1954 4055 Spiritu
1969 3982 2100 4039 saneto
2112 3980 2172 4047 tut,

1179 4067 1308 4157 gratias
1331 4067 1490 4157 agimus,
1520 4067 1617 4159 quod
1637 4076 1672 4136 et
1694 4066 1808 4137 lilium
1831 4067 1941 4139 nobis
1962 4070 2120 4156 misisti,
2144 4078 2173 4139 et

1180 4166 1368 4260 Evangelii
1385 4170 1499 4240 lucem
1516 4169 1622 4240 nobis
1637 4169 1846 4255 accendisti,
1868 4183 1903 4241 et
1918 4166 2100 4245 hactenus
2111 4191 2173 4243 ser·

129 4285 336 4342 nomentum
361 4270 429 4342 tait
452 4271 673 4369 eloquentia,
698 4273 847 4368 quaein
871 4275 1128 4361 eotantafuit,
1180 4295 1252 4342 vas.
1305 4271 1445 4343 Deinde
1475 4272 1580 4343 etiam
1613 4285 1648 4342 te
1677 4272 1886 4345 ardentibus
1907 4274 2007 4348 votis
2030 4293 2173 4357 orarunt,

129 4389 169 4446 ut
189 4399 286 4446 nunc
308 4373 454 4469 quidem
478 4375 613 4446 nullius
628 4377 853 4449 ecclesiastici
870 4377 1052 4469 scriptoris
1068 4402 1126 4447 ex·
1178 4390 1317 4448 utnon
1342 4377 1437 4446 sinas
1453 4369 1554 4445 ¹haue
1570 4370 1758 4466 Evangelii
1781 4376 1896 4448 lucem
1914 4378 2100 4470 atingani,
2121 4374 2173 4449 sttl

129 4491 205 4548 tent
222 4491 473 4563 monumenta,
499 4478 562 4571 qui
580 4479 709 4550 rectius
724 4495 757 4552 et
772 4481 897 4552 melius
912 4483 1052 4553 locutus
1069 4481 1125 4553 sit.
1179 4479 1347 4549 noticiam
1379 4477 1444 4549 filii
1472 4478 1527 4548 tui
1555 4500 1672 4548 serves
1702 4478 1796 4550 inter
1822 4504 1909 4562 nos,
1928 4483 2052 4573 'regas
2075 4478 2174 4553 mini·

17 4607 26 4625 ·
129 4581 183 4651 Ac
213 4580 398 4670 diligentia
424 4581 463 4648 in
487 4579 668 4674 loquendo
689 4597 724 4654 et
745 4583 936 4673 figurarum
962 4596 998 4654 et
1018 4608 1127 4655 orna·
1179 4582 1326 4654 sterium
1350 4578 1540 4671 Evangelii
1563 4594 1599 4651 et
1629 4582 1812 4652 doctrinae
1843 4582 1985 4671 studia,
2020 4596 2060 4656 et
2082 4579 2173 4655 colli·

128 4695 332 4753 mentorum
363 4683 517 4753 delectus
549 4683 710 4756 indicant
730 4685 855 4756 iudicii
880 4686 1066 4758 sanitatem
1091 4700 1128 4758 et
1179 4708 1238 4775 gas
1266 4685 1332 4755 tibi
1362 4696 1541 4754 aeternam
1562 4680 1776 4756 Ecclesiam:
1807 4680 1870 4754 has
1891 4685 2005 4756 etiarn
2029 4684 2173 4781 politist,

130 4785 371 4880 prudentiam.
441 4782 563 4874 Quare
593 4781 689 4858 hunc
715 4789 923 4880 scriptorem
954 4790 1042 4863 utile
1074 4802 1128 4861 est
1179 4811 1269 4882 quae
1291 4799 1376 4856 sunt
1399 4781 1553 4879 bospitio
1568 4782 1748 4857 Ecclesiae
1766 4801 1867 4873 tuae,
1892 4802 1928 4861 et
1948 4789 2172 4885 disciplinam

128 4909 355 4976 cognoscere:
390 4910 455 4957 nec
482 4889 609 4961 dubito
639 4890 838 4980 legentibus
866 4917 906 4963 ea
931 4905 1126 4988 quaesunt
1178 4889 1322 4963 tuearis.

128 4989 242 5082 ipsius
264 4988 406 5080 propria
428 5003 462 5059 et
484 4982 639 5089 γνήσια,
667 4994 881 5087 placiturum
898 5018 982 5070 esse.
1035 4994 1126 5064 Nam
1279 4988 1376 5061 Haec
1397 5004 1480 5061 vota
1502 5014 1606 5084 saepe
1627 4994 1721 5086 apud
1738 4991 1878 5064 animos
1892 5008 2055 5085 vestros,
2080 5014 2172 5091 pnt-

128 5087 388 5161 monachorum
410 5094 549 5183 regulas
571 5118 697 5185 magna
721 5122 762 5167 ex
785 5112 882 5188 parte
907 5097 996 5168 ialso
1014 5098 1045 5166 ei
1061 5099 1126 5168 ad·
1177 5095 1281 5187 cipue
1301 5094 1343 5166 iu
1365 5087 1434 5165 hoc
1456 5117 1667 5186 congressu,
1693 5096 1750 5168 cui
1771 5101 1943 5168 interesse
1965 5096 2091 5173 Deum
2105 5116 2171 5169 nou

128 5192 235 5266 scribi
261 5206 395 5264 certum
420 5210 481 5265 est.
545 5194 594 5268 Et
615 5199 643 5269 si
667 5223 736 5294 qua
760 5223 841 5291 pars
862 5199 907 5267 ab
931 5223 972 5268 eo
994 5199 1125 5292 scripta
1177 5198 1328 5269 dubium
1351 5211 1421 5283 est,
1447 5197 1680 5289 ingeminate:
1707 5201 1805 5294 quod
1827 5212 1869 5272 ut
1891 5200 2036 5277 iacietis
2046 5200 2171 5274 maiam

128 5310 198 5380 est,
224 5309 264 5367 ut
278 5295 410 5369 Paulus
430 5298 567 5389 inquit,
592 5302 696 5372 etiam
712 5302 828 5371 bonos
843 5303 1005 5374 doctores
1018 5325 1124 5394 supra
1176 5300 1380 5371 animorum
1400 5313 1519 5385 motu,
1545 5301 1694 5391 cogitate
1715 5316 1749 5373 et
1774 5317 1979 5396 praesentes
1997 5302 2170 5378 calamite-

128 5400 401 5471 fundamentum
434 5402 583 5493 stipulas
612 5418 791 5484 extruere,
830 5425 1061 5494 agnoscamus
1091 5417 1125 5474 et
1176 5417 1228 5474 tes
1249 5403 1348 5474 orbis
1374 5406 1567 5490 terrarum,
1600 5416 1634 5473 et
1657 5404 1815 5496 pericula
1838 5430 1934 5501 quae
1955 5408 2167 5503 impendent.

126 5502 352 5595 deploremus
377 5528 602 5576 communem
624 5499 813 5574 bominum
831 5504 1125 5592 imbecillitatem,
1176 5503 1306 5580 Multis
1337 5504 1425 5578 locis
1449 5505 1557 5578 simul
1578 5523 1783 5598 grassantur
1802 5508 1934 5599 fames,
1965 5506 2167 5607 pestilentis
