4672 6016
141 298 216 371 tat
623 283 785 365 nltct.
814 282 892 363 DE
925 287 1167 365 sTtJuus
1200 280 1698 367 ADOLESCENTUM.
2119 286 2194 361 tat

142 468 286 541 monuit
301 464 438 537 Fabius
450 462 580 555 scripta
594 461 790 533 evolvenda
802 484 877 532 esse
893 486 974 535 cnm
989 462 1055 535 tali
1067 463 1141 534 sol-
1191 460 1321 553 ceptis,
1345 459 1568 554 concipimus
1584 484 1625 532 ac
1645 459 1843 553 gignimus,
1863 471 2029 531 mortuae
2050 468 2138 529 sunt
2156 469 2193 531 et

140 570 347 655 licitudine,
372 566 474 663 quasi
494 589 561 637 nos
584 565 653 657 ipsi
676 564 724 635 ita
748 565 915 657 scripturi
932 565 990 635 vel
1006 564 1141 637 dicturi
1191 564 1384 646 informes,
1408 586 1499 658 quae
1520 564 1651 636 deinde
1674 566 1761 635 dum
1780 564 1905 634 crebro
1927 564 1973 633 de
1996 560 2086 654 ipsis
2107 582 2191 631 cuns

143 676 274 755 simus,
314 672 410 765 quod
445 669 494 740 ita
524 668 602 753 bat,
638 680 679 739 nt
710 666 1001 755 vigilantioribus
1026 669 1140 739 oculis
1192 666 1272 737 aliia
1292 666 1534 759 colloquimur
1551 689 1592 737 ac
1612 680 1913 761 commentamur,
1946 664 2092 757 abipsa
2112 662 2192 733 sira

145 776 267 849 omnia
278 776 481 854 lustremus,
499 765 593 841 nihil
608 769 714 839 nobis
728 770 822 841 elabi
837 771 1025 862 patiamur,
1042 773 1140 865 quod
1192 791 1279 838 voce
1294 783 1328 839 et
1349 770 1559 841 tractatione
1575 792 1640 840 ceu
1656 770 1764 840 vitam
1782 783 1816 842 et
1830 769 2021 862 perfectam
2037 767 2191 837 forman

146 880 337 951 observatu
353 875 501 966 dignum
524 873 590 955 sit,
616 884 651 942 et
674 874 717 941 ad
743 896 868 943 omnes
882 874 1032 944 virtutes
1053 875 1142 944 scri-
1192 870 1384 962 recipiunt.
1435 867 1484 943 Et
1505 894 1588 941 vere
1611 872 1746 942 dictum
1771 885 1823 943 est
1846 872 1894 942 ab
1915 864 2130 953 Aristotele,
2152 866 2190 939 id

147 995 291 1077 ptorum
306 978 553 1071 expendendas
568 976 775 1046 attentiores
790 977 992 1046 reddamur.
1041 973 1141 1046 idem
1193 973 1350 1065 primum
1370 987 1506 1044 certum
1531 974 1672 1065 signum
1697 997 1787 1060 esse,
1811 975 1909 1068 quod
1931 971 2066 1066 aliquis
2081 969 2190 1064 quid·

148 1085 189 1155 in
222 1081 372 1153 consilio
400 1079 469 1150 fuit
501 1074 576 1164 his,
615 1079 678 1172 qui
704 1078 866 1148 examina
898 1078 1143 1165 instituerunt,
1194 1076 1289 1170 piam
1312 1090 1405 1146 recte
1429 1077 1533 1162 sciat,
1559 1076 1589 1147 si
1605 1079 1651 1148 de
1667 1100 1708 1148 eo
1730 1077 1807 1170 ipso
1824 1075 1925 1170 loqui
1946 1073 2112 1146 etalium
2126 1074 2192 1143 do-

148 1209 298 1277 nempc,
324 1196 364 1253 ut
376 1183 638 1253 circumdarent
652 1203 772 1250 curam
787 1181 1005 1252 discentibus
1021 1181 1143 1251 omnia
1195 1202 1272 1248 cere
1293 1178 1415 1271 possit.
1474 1175 1565 1248 Eam
1589 1180 1738 1270 gratim
1760 1179 1930 1249 debemus
1956 1175 2191 1261 examinibus,

149 1287 290 1383 plenius
305 1300 339 1358 et
354 1284 509 1355 exactius
522 1283 779 1374 cognoscendi,
803 1296 846 1353 ut
862 1284 999 1379 aliquid
1014 1283 1143 1374 integri
1196 1304 1287 1376 quae
1303 1283 1402 1351 velut
1416 1281 1488 1352 vita
1505 1296 1588 1352 sunt
1608 1282 1827 1368 studiorum,
1849 1280 1928 1349 sine
1939 1279 2075 1375 quibus
2086 1278 2190 1347 lectio

149 1415 190 1462 ac
216 1389 322 1460 solidi
349 1388 588 1479 perciperent,
631 1408 696 1454 nec
722 1387 924 1475 vagabundi
951 1388 990 1456 in
1017 1387 1145 1457 studiis
1196 1383 1314 1454 omnis
1331 1398 1366 1455 et
1380 1384 1563 1456 meditatio
1578 1398 1720 1457 mortua
1736 1397 1798 1455 est.
1848 1378 2189 1475 Hueacceditquod

150 1494 375 1575 oberrantes,
401 1490 566 1559 extremis
583 1500 723 1559 tantum
741 1488 850 1557 labris
868 1489 963 1558 varia
980 1490 1145 1580 degusta·
1197 1486 1241 1555 iis
1262 1487 1367 1556 multi
1390 1509 1527 1557 errores
1551 1500 1683 1558 temere
1709 1485 1869 1579 concepti
1893 1499 1929 1557 ct
1948 1480 2141 1554 haerentes
2155 1482 2190 1553 in

149 1609 248 1679 rent,
282 1589 368 1663 hinc
391 1591 475 1661 iude
495 1593 652 1661 concisas
672 1593 899 1661 sententiolas
925 1606 960 1662 et
981 1591 1145 1662 mutilata
1198 1588 1327 1658 animis
1347 1590 1595 1679 corriguntur,
1628 1589 1835 1660 eximuntur
1861 1588 2053 1680 opiniones
2078 1586 2192 1671 falsae,

150 1697 310 1767 membra
326 1707 512 1779 venantes,
538 1696 634 1787 quod
655 1718 753 1763 nunc
776 1694 935 1764 amuitis
948 1695 1024 1765 lieri
1044 1694 1146 1764 vide-
1198 1714 1288 1785 quae
1303 1693 1361 1760 vel
1385 1716 1447 1785 per
1469 1705 1636 1777 aetatem,
1660 1693 1717 1761 vel
1740 1716 1781 1761 ex
1797 1691 1916 1785 aliqua
1930 1688 2053 1759 fallaci
2068 1686 2193 1781 specie,

152 1822 241 1884 mus,
257 1798 321 1893 qui
336 1822 417 1867 cum
432 1796 671 1881 excutiuntur,
687 1796 736 1865 ita
753 1797 886 1888 stupidi
901 1809 1005 1891 atque
1018 1796 1145 1887 ignari,
1198 1794 1255 1863 vel
1282 1794 1506 1865 institutione
1535 1808 1720 1886 corrupta,
1755 1795 1810 1863 vel
1838 1793 1967 1863 artium
1999 1788 2194 1885 praeceptis

151 1916 193 1974 ut
209 1913 314 1992 turpe
328 1900 392 1983 sit,
419 1894 747 1990 deprehenduntur.
801 1900 899 1970 Dum
914 1901 1008 1968 enim
1024 1899 1064 1968 in
1077 1895 1146 1969 hoc
1198 1896 1291 1966 male
1315 1897 1504 1967 intellectis
1523 1897 1843 1967 accommodatisve
1860 1896 1898 1965 in
1921 1893 2056 1967 animis
2075 1888 2195 1965 haess-

152 2028 227 2076 uno
239 2002 397 2073 studium
411 2024 517 2071 omne
529 2024 632 2070 sunm
649 2015 876 2082 consumunt,
892 2015 933 2072 ιιι
948 2004 1146 2092 fragmenta
1198 2012 1294 2072 runt.
1327 1996 1376 2072 Et
1392 2001 1438 2069 ob
1454 1994 1547 2069 hanc
1562 2002 1750 2093 praecipue
1764 2021 1904 2070 causam
1923 2021 1963 2068 ea
1979 2021 2002 2067 a
2018 1997 2195 2069 veteribus

153 2106 327 2202 quaedam
345 2128 385 2174 ex
403 2102 635 2193 scriptoribus
650 2104 837 2194 colligant,
862 2103 920 2189 su,
943 2117 984 2175 ut
1008 2105 1145 2174 nullius
1199 2100 1362 2171 instituta
1378 2103 1562 2189 videntur;
1589 2102 1776 2172 nonenim
1795 2102 2065 2172 adolescentum
2082 2099 2194 2171 stndis

153 2208 206 2279 rei
222 2208 394 2296 integram
409 2228 449 2275 ac
464 2206 651 2297 perfectam
673 2206 1146 2300 cognitionemconsequan-
1199 2218 1331 2273 temere
1353 2228 1393 2274 ae
1420 2206 1497 2274 aine
1530 2206 1606 2295 lege
1635 2206 1765 2290 fluere,
1794 2205 1855 2274 sed
1880 2202 1965 2274 huie
1992 2203 2194 2274 examinum

151 2324 227 2383 tur:
246 2332 266 2378 a
282 2332 353 2403 quo
371 2330 459 2397 vago
473 2320 506 2377 et
521 2308 642 2378 inutili
656 2308 780 2379 labore
794 2309 956 2377 examina
972 2310 1147 2378 discentes
1199 2328 1365 2377 censurae
1379 2309 1534 2378 subiecta
1550 2331 1624 2379 esse
1638 2309 1840 2377 voluerunt.
1880 2303 2011 2400 Neque
2024 2304 2194 2375 enimeos

151 2410 308 2483 velutin
333 2422 464 2480 certam
486 2409 579 2478 viam
605 2423 782 2482 revocant.
832 2408 907 2480 Nec
926 2412 970 2479 ad
991 2435 1065 2480 non
1083 2434 1147 2479 ns-
1198 2410 1356 2499 fugiebat
1372 2433 1497 2479 omnes
1512 2425 1602 2481 artes
1618 2412 1797 2503 peccando
1813 2408 1920 2493 disci,
1945 2422 1983 2479 et
2003 2421 2047 2479 ut
2065 2406 2190 2479 fertiles

151 2514 302 2586 cessaria
324 2525 358 2581 et
383 2510 525 2581 inutilia
549 2524 746 2604 respectare
775 2512 920 2603 sinunt,
945 2515 1006 2582 sed
1030 2514 1069 2582 in
1093 2514 1148 2599 iis,
1199 2511 1275 2602 agri
1298 2513 1451 2583 multum
1477 2514 1628 2602 gignunt
1659 2512 1842 2603 spinarum
1872 2526 1980 2605 atque
2014 2510 2193 2581 inutilium

152 2639 243 2711 quae
277 2613 472 2683 necessaria
498 2627 600 2699 aunt,
631 2614 758 2683 ordine
784 2619 941 2708 quodam
968 2615 1147 2685 discendis
1200 2609 1403 2698 herbarum,
1427 2616 1555 2708 quibus
1570 2616 1723 2684 subinde
1738 2627 1822 2685 sunt
1838 2613 2059 2706 repurgandi
2075 2634 2196 2685 assas·

152 2717 350 2789 continent.
402 2714 501 2785 Parit
522 2739 607 2785 vero
631 2716 733 2786 istam
752 2717 791 2785 in
809 2718 978 2788 discendo
995 2718 1148 2808 diligen·
1200 2715 1337 2801 riendi,
1366 2716 1460 2785 idem
1488 2718 1593 2787 etiam
1617 2718 1770 2807 ingeniis
1791 2730 1824 2786 et
1845 2716 1993 2809 quidem
2015 2714 2193 2787 foccsxndit

150 2820 239 2893 tiam
257 2817 441 2910 praecipue
455 2817 543 2887 hacc
557 2818 780 2897 sollicitudo,
806 2842 886 2887 cum
900 2818 1030 2890 scimus
1044 2820 1148 2890 nobis
1200 2819 1291 2888 solet
1306 2818 1474 2902 accidere,
1497 2843 1600 2911 saepe
1617 2821 1713 2889 enim
1727 2820 1775 2903 fir,
1794 2834 1834 2888 ut
1846 2819 1951 2888 falsas
1967 2842 2099 2889 rerum
2115 2818 2187 2889 in·

152 2922 193 2991 iu
208 2920 369 2990 examine
384 2919 484 2989 velut
500 2919 673 2989 rationem
692 2922 909 2990 reddendam
932 2944 1006 2991 esse
1024 2947 1146 2992 eorum
1200 2921 1300 3010 giues
1315 2945 1379 3013 pro
1395 2921 1480 3011 ipsis
1495 2922 1601 2991 rebus
1617 2916 1899 3014 adprehendant.
1960 2916 2013 2992 Et
2028 2920 2184 3015 qund-

153 3046 246 3119 quae
262 3021 391 3092 tradita
408 3034 511 3107 suut,
537 3035 573 3092 et
587 3022 699 3112 magis
711 3045 748 3091 se
765 3024 957 3094 intendunt
978 3025 1090 3094 animi
1108 3024 1147 3092 in
1200 3025 1347 3092 modum
1368 3022 1470 3092 ixion
1492 3049 1571 3093 cum
1589 3027 1685 3095 nube
1706 3024 1962 3107 concumbens,
1989 3048 2078 3093 curu
2101 3036 2189 3116 puts·

153 3150 213 3211 ea,
238 3147 327 3220 quae
344 3124 411 3216 ipsi
426 3137 595 3217 tanquam
619 3138 739 3195 nostra
758 3125 838 3195 aliis
854 3150 1028 3218 exponere
1042 3142 1148 3221 atque
1200 3139 1255 3195 ret
1269 3149 1306 3194 se
1324 3122 1498 3195 lunonem
1515 3126 1697 3218 amplecti,
1721 3123 1920 3197 Centauros
1933 3126 2187 3215 giguit,.sicex
2228 3138 2231 3197 l

152 3228 328 3319 explicare
355 3226 533 3316 cogimur,
564 3238 597 3295 et
617 3227 699 3297 illae
721 3229 817 3320 ipsae
842 3229 1013 3320 imagines
1035 3229 1149 3318 magis
1199 3229 1297 3298 falsis
1319 3229 1474 3314 umbris,
1498 3252 1587 3322 quas
1607 3254 1673 3321 pro
1696 3229 1772 3319 ipsa
1791 3228 1937 3299 veritate
1950 3242 2188 3300 consectamur

152 3331 336 3401 evidenter
355 3328 691 3415 inanimisfucent,
718 3354 759 3400 ae
778 3331 914 3401 firmius
935 3332 1159 3421 defiguntur,
1200 3345 1234 3401 et
1267 3331 1476 3421 arripimus,
1510 3332 1734 3422 prodigiosae
1767 3331 1955 3422 opiniones
1991 3346 2185 3409 tranuntur,

55 3456 59 3465 ·
152 3457 239 3527 quas
257 3432 325 3524 ipsi
341 3433 384 3501 de
402 3433 507 3501 rebus
523 3432 686 3501 doctrina
700 3434 874 3525 perceptis
888 3436 1096 3505 tractatione
1114 3447 1147 3504 et
1200 3458 1290 3529 quae
1308 3433 1379 3503 nisi
1402 3446 1539 3505 mature
1566 3449 1600 3506 et
1627 3448 1816 3528 autequam
1834 3433 1941 3505 altius
1962 3435 2107 3505 radices
2118 3455 2184 3525 ega·
2223 3434 2231 3501 ἓ

151 3534 314 3605 oratione
333 3534 533 3623 effingimus
548 3547 653 3629 atque
667 3536 908 3625 exprimimus.
947 3535 1039 3607 Nam
1057 3561 1147 3631 quae
1201 3538 1291 3621 rint,
1316 3537 1446 3605 animis
1460 3537 1600 3606 evulsae
1616 3538 1701 3623 sint,
1724 3538 1762 3605 in
1781 3535 2000 3628 perniciosos
2018 3532 2182 3607 Ecclesiae
2226 3560 2231 3603 ι

152 3637 300 3708 auribus
318 3647 457 3704 tantum
480 3630 681 3715 hausimus,
708 3652 770 3706 aut
787 3661 828 3706 ex
852 3638 1006 3708 lectione
1026 3663 1148 3728 perce-
1200 3664 1239 3708 ac
1256 3635 1361 3729 Reip.
1380 3662 1516 3708 errores
1531 3641 1661 3709 deiude
1676 3653 1898 3730 errumpunt.
1933 3637 2026 3708 Nam
2044 3638 2181 3721 utlolis,
2227 3626 2231 3709 i

153 3737 290 3831 pimus,
314 3760 353 3805 ea
376 3748 546 3828 tanquam
564 3738 713 3808 umbrae
731 3761 795 3827 per
817 3740 996 3808 somnium
1023 3743 1147 3809 obser·
1200 3741 1343 3811 tribulis
1369 3741 1555 3834 lappisque
1593 3756 1628 3812 et
1655 3743 1735 3812 aliis
1766 3742 1804 3812 id
1833 3764 1943 3832 genus
1970 3740 2184 3811 infoelicibtts
2225 3712 2231 3829 i

150 3853 274 3911 ventes
294 3839 429 3907 incerta
453 3834 599 3908 haerent
623 3853 659 3910 ct
679 3839 781 3909 facile
798 3840 882 3910 inde
905 3841 1025 3932 fugere
1042 3857 1148 3937 atque
1201 3838 1321 3911 herbis
1361 3845 1662 3915 succrescentibus
1702 3858 1833 3933 segetes
1862 3844 2121 3935 opprimuntur
2152 3864 2186 3913 ss

151 3943 311 4013 excidere
324 3941 450 4011 solent.
503 3939 667 4030 Quorum
683 3966 767 4010 vero
783 3966 847 4013 ceu
864 3943 963 4013 vivas
977 3945 1147 4036 imagines
1200 3946 1468 4037 praefocantur,
1493 3960 1528 4015 et
1544 3948 1765 4017 sterilescunt
1784 3948 1877 4037 agri,
1903 3947 1951 4017 ita
1970 3945 2188 4041 afalsisopi·
2227 3984 2231 4035 ι

151 4044 425 4115 commentando
440 4056 544 4137 atque
563 4045 730 4134 agitando
747 4044 1005 4136 impressimus,
1030 4072 1070 4119 ea
1085 4073 1147 4118 ve-
1198 4047 1389 4133 niunibus,
1415 4049 1444 4116 si
1457 4048 1724 4135 confirmentur,
1749 4074 1813 4119 nec
1830 4061 1968 4119 mature
1981 4048 2187 4133 eximantur,
2227 4048 2231 4113 ι

150 4147 206 4216 lut
223 4145 330 4216 altius
348 4145 435 4217 actis
450 4146 630 4216 radicibus
651 4143 799 4218 haerent
815 4148 1054 4230 tenacissime,
1080 4175 1146 4221 nec
1200 4162 1304 4244 atque
1320 4151 1364 4219 iis
1380 4152 1477 4221 velut
1491 4167 1727 4243 repurgentur
1741 4167 1898 4236 mentes,
1922 4151 2058 4221 veritas
2076 4150 2187 4245 oppri-
2226 4116 2231 4213 1.

151 4248 257 4318 evelli
283 4271 320 4316 se
347 4261 408 4317 aut
433 4249 548 4318 excuti
571 4249 674 4318 facile
700 4252 896 4340 patiuntur.
957 4246 1025 4321 Est
1049 4253 1144 4322 enim
1198 4254 1310 4322 mitur
1331 4266 1363 4322 et
1385 4269 1616 4344 expugnatur.
1669 4254 1726 4324 Ad
1750 4255 1785 4324 id
1808 4278 1893 4324 vero
1925 4276 2001 4324 uon
2024 4269 2079 4326 est
2098 4254 2187 4325 aliod
2227 4290 2231 4299 ·

60 4370 70 4391 .
149 4348 461 4422 commentationis
484 4363 589 4443 atque
618 4353 819 4441 agitationis
847 4354 901 4423 vis
930 4354 1080 4424 maxima
1106 4356 1145 4424 in
1198 4356 1313 4447 aptius
1336 4358 1551 4442 remedium,
1578 4382 1684 4451 quam
1703 4358 1876 4431 examina.
1927 4354 1998 4425 His
2016 4358 2116 4427 enim
2134 4380 2188 4427 es·

149 4453 320 4538 omnim,
354 4451 457 4543 plene
472 4454 691 4547 perfecteque
706 4455 932 4546 percipienda
947 4481 987 4526 ac
1005 4457 1146 4527 discen·
1198 4458 1385 4549 plorantur
1402 4458 1562 4548 ingenia,
1587 4461 1617 4528 si
1634 4462 1720 4555 quid
1738 4455 1855 4531 adbuc
1871 4461 1987 4544 deest,
2013 4459 2061 4529 iis
2076 4473 2188 4531 ostea-

149 4556 213 4641 da,
239 4556 316 4625 siue
329 4578 398 4647 qua
414 4555 608 4625 auditionis
625 4572 657 4626 et
681 4557 841 4627 lectionis
855 4558 990 4631 fructus
1015 4561 1144 4630 sterilis
1198 4564 1315 4646 ditur,
1348 4562 1485 4655 siquid
1511 4563 1590 4632 vitii
1614 4577 1675 4633 aut
1697 4588 1859 4633 errorum
1884 4558 2015 4647 haesit,
2047 4560 2187 4654 corrigi-

149 4679 191 4727 ac
215 4681 325 4749 prope
351 4657 473 4727 nullus
500 4670 568 4742 est;
604 4651 801 4752 συζήτησις
826 4674 964 4747 autem,
996 4677 1037 4734 ut
1061 4687 1144 4733 vere
1197 4676 1256 4733 tur
1281 4676 1388 4757 atque
1415 4664 1592 4738 evellitur.
1651 4662 1786 4760 Estque
1811 4659 1899 4734 haec
1925 4664 2026 4736 velut
2053 4666 2186 4737 sarcitis

149 4759 374 4842 dictumest,
400 4759 676 4850 omniapotest,
711 4776 745 4832 et
768 4764 934 4853 agitando
957 4779 1063 4858 atque
1085 4766 1144 4834 in·
1196 4767 1419 4849 studiorum,
1454 4769 1502 4837 ita
1526 4769 1739 4849 necessaria,
1772 4781 1810 4838 ut
1828 4768 1858 4835 si
1878 4767 2088 4855 omittatur,
2122 4788 2187 4839 nou
2229 4816 2231 4857 ÷

149 4860 325 4952 quirendo
346 4884 470 4931 omnes
496 4876 588 4932 artes
616 4862 782 4934 inventae
804 4889 844 4935 ac
872 4868 1028 4937 excultae
1049 4883 1144 4953 sunt,
1197 4870 1306 4937 modo
1334 4893 1415 4938 vera
1446 4893 1484 4938 ac
1512 4870 1626 4939 solida
1651 4871 1814 4941 doctrina
1841 4869 1942 4939 nulla
1972 4872 2089 4962 possit
2110 4892 2187 4943 cun-

148 4973 270 5053 estque
309 4985 347 5030 ea
388 4964 445 5031 vel
485 4965 559 5034 sola
601 4966 717 5033 omnis
750 4968 934 5037 doctrinae
973 4970 1141 5041 effectrix.
1196 4984 1307 5055 stare,
1333 4974 1394 5040 sed
1415 4971 1525 5063 ipsius
1549 4973 1626 5042 loco
1649 4973 1781 5042 infiniti
1805 4995 1942 5042 errores
1961 4986 2188 5045 succrescant.

147 5060 458 5151 Quemadmodum
482 5067 578 5135 enim
603 5067 751 5137 leonum
772 5070 887 5141 foetus
909 5070 1080 5142 informes
1102 5098 1142 5141 ac
1196 5071 1245 5143 Ut
1272 5086 1404 5142 taceam
1430 5077 1526 5166 quod
1554 5076 1637 5144 illae
1661 5074 2003 5146 communicationes
2025 5088 2063 5146 et
2086 5076 2186 5149 mbo-

146 5180 308 5235 mortuos
327 5166 406 5234 aedi
428 5184 646 5254 memorant,
671 5184 705 5240 et
727 5173 857 5241 deinde
875 5173 990 5263 longis
1011 5199 1142 5268 paren·
1195 5175 1278 5268 quia
1295 5177 1401 5245 etiam
1424 5176 1628 5247 facundiam
1650 5179 1752 5249 alunt
1778 5189 1814 5248 et
1840 5178 1999 5248 afferunt
2015 5180 2185 5272 quandam

145 5278 223 5337 tum
246 5267 559 5341 vociferationibus
581 5273 774 5358 vivificari,
799 5299 839 5345 ac
862 5277 1027 5366 spiritum
1050 5278 1142 5346 reci·
1193 5277 1323 5347 animis
1345 5281 1601 5361 constantiam,
1634 5295 1674 5351 ut
1694 5294 1729 5352 et
1753 5281 1911 5372 accipere
1931 5304 1973 5350 ac
1996 5280 2184 5373 intelligere

144 5390 246 5459 pere,
271 5370 319 5440 ita
333 5370 439 5460 primi
454 5372 568 5444 foetus
581 5375 828 5465 ingeniorum,
854 5373 922 5447 hoc
936 5393 987 5449 est
1004 5381 1141 5470 primae
1193 5404 1233 5450 ea
1256 5404 1347 5473 quae
1367 5396 1620 5474 proponuntur
1643 5384 1781 5477 possint
1807 5397 1843 5455 et
1863 5396 1946 5474 apte
1971 5386 2018 5454 ad
2036 5382 2181 5479 quaesiit

144 5469 314 5562 imagines
329 5496 418 5566 quas
432 5474 477 5544 de
491 5476 597 5547 rebus
607 5479 663 5547 vel
677 5479 810 5551 auditis
819 5481 875 5550 vel
889 5480 1041 5552 lectione
1057 5506 1140 5575 per·
1191 5485 1419 5575 respondere.
1471 5482 1646 5555 Videmus
1676 5486 1773 5557 enim
1804 5485 2005 5597 nonnullos
2031 5486 2124 5559 serio
2141 5484 2179 5554 ds
