4664 6022
113 282 173 366 ur
629 275 790 356 nucu
826 277 902 354 nn
936 273 1274 354 uurunaro
1304 274 1599 357 caranus.
1642 318 1646 323 -
2061 230 2137 361 aaa

113 457 195 529 ssssrs
215 453 433 540 obtinuerit,
459 453 556 524 unde
579 466 613 526 et
634 448 702 523 hoc
727 477 860 524 nomen
886 453 1003 525 sortiti
1026 478 1093 547 pu·
1142 454 1330 544 ambagum
1352 478 1392 524 ac
1412 454 1639 528 tenebrarum
1663 457 1798 529 amanti
1822 481 1896 529 esse
1922 457 2134 544 videremus,

113 573 221 632 antur
241 556 432 644 Germani,
463 559 560 652 qnod
584 569 712 626 natura
740 557 935 649 simplices,
966 558 1092 649 aperti,
1141 580 1224 627 eum
1246 570 1287 627 ut
1309 559 1519 648 degenerem
1546 583 1587 629 ac
1614 555 1768 631 nothum
1796 560 1914 632 odisse
1940 577 2046 656 atque
2072 564 2136 633 de-

113 662 281 742 endoris‚
307 683 347 729 ac
363 659 536 731 libertatis
552 671 711 729 amantes
736 675 868 745 esseut,
894 683 991 730 nunc
1007 683 1091 729 vero
1142 656 1273 732 testari.

113 788 235 836 eneno
250 762 516 856 peregrinarum
531 784 572 831 ac
586 760 823 852 pessimarum·
832 762 1003 851 gentium,
1025 785 1092 832 no-
1245 761 1298 832 lta
1326 761 1364 830 in
1398 757 1467 832 hoc
1497 763 1658 853 exemplo
1691 766 1787 859 quod
1810 765 1990 847 recensui,
2025 765 2134 837 trium

113 880 252 941 trorum
275 859 464 936 hominnm
488 863 629 954 ingenia
655 862 882 949 inficiuntur,
917 879 951 935 et
974 862 1089 935 Deum
1140 863 1501 956 praeclarissimorum
1525 865 1698 937 virtutum
1722 868 1912 958 imaginem
1935 889 2134 960 expressam

113 969 352 1052 inmortalem,
378 968 614 1060 qnam'longe
637 967 849 1055 degenerant
871 990 891 1036 a
915 967 1090 1037 maiorum
1140 965 1319 1052 videmus,
1353 990 1498 1058 nenrpe,
1532 968 1689 1060 pietatis,
1720 970 1927 1040 clementiae
1947 983 1982 1040 et
2001 973 2134 1041 cando-

113 1069 251 1143 irtnte?
302 1066 404 1158 Quos
430 1068 461 1138 si
487 1083 622 1138 veteres
651 1067 705 1136 illi
729 1066 935 1138 Germanici
957 1063 1091 1153 heroes,
1139 1068 1200 1145 ris.
1252 1065 1489 1158 Quibuscum
1509 1065 1567 1140 hic
1588 1067 1851 1143 muudusnihil
1868 1066 2052 1165 pulchrius
2073 1086 2136 1143 aut

113 1170 236 1257 laroli,
266 1169 437 1256 Henrici,
463 1165 647 1255 Othones,
678 1167 872 1255 Friderici,
904 1184 1010 1264 atque
1033 1165 1091 1240 hic
1139 1170 1375 1263 praestantius
1412 1166 1558 1256 haheat,
1595 1197 1659 1243 nec
1687 1168 1835 1245 homine
1868 1175 2029 1264 dignius,
2068 1198 2134 1245 nos

113 1296 181 1373 pse,
206 1277 340 1369 dequo
356 1272 461 1344 nobis
476 1272 514 1341 in
534 1270 729 1361 praesentia
747 1295 863 1343 serum
878 1287 941 1358 est,
964 1269 1085 1344 Chun·
1140 1281 1281 1367 quoque
1307 1295 1364 1342 eas
1388 1275 1553 1366 amplecti
1581 1288 1616 1345 et
1640 1277 1757 1346 colere
1779 1279 1896 1363 decet,
1926 1276 2134 1369 praesertim

113 1378 221 1463 adua,
247 1376 296 1449 ita
313 1375 474 1446 moribus
494 1388 529 1445 et
541 1373 693 1464 ingeniis
714 1388 869 1446 mutatos
887 1387 1091 1467 corruptos·
1139 1399 1220 1446 curn
1245 1399 1265 1444 a
1283 1375 1477 1445 maioribus
1501 1379 1634 1447 nostris
1661 1379 1839 1450 veteribus
1855 1375 2044 1451 Germanis
2060 1392 2134 1449 tam

113 1502 162 1578 pe
175 1479 342 1562 videant,
367 1501 473 1571 quam
491 1500 551 1547 eos
572 1476 801 1547 miseraturus
816 1492 980 1570 putemus
997 1473 1091 1547 Ger·
1138 1490 1258 1548 sancte
1274 1477 1386 1548 cultas
1404 1477 1597 1552 videamus.
1647 1476 1744 1556 Diri.

113 1580 233 1657 miae
250 1603 334 1651 suae
348 1592 498 1664 statum,
523 1601 630 1671 quam
646 1577 700 1647 illi
717 1579 817 1649 omni
838 1602 967 1671 genere
981 1603 1091 1650 orna-

113 1696 299 1757 sumtum
322 1681 408 1752 belli
432 1704 473 1750 ac
503 1679 599 1771 pacis
621 1681 819 1771 decpratam
845 1683 1091 1776 munitamque

113 1782 343 1880 &vernuli
391 1780 475 1853 Nou
509 1783 578 1852 tuti
609 1781 756 1853 luerunt
789 1783 876 1854 olim
905 1782 1019 1854 anci
1045 1783 1090 1853 ab

113 1910 221 1963 unm
243 1884 352 1956 armis
373 1885 412 1955 in
441 1883 578 1955 intimis
599 1883 705 1954 Asiae
728 1909 769 1955 ac
794 1882 918 1980 Syriae
941 1885 1091 1976 angulis,
1137 1855 1206 1928 ΝΟ·
1228 1853 1292 1970 61)
1610 1913 1613 1919 ·
1927 1887 1977 1932 ⁸¹¹·
2009 1865 2106 1933 ¹⁵⁴⁰·

1139 1953 1269 1981 Μ
1912 1953 2126 1994 Μ

113 2010 185 2087 μ
205 2010 305 2059 nnnc
327 1987 368 2056 in
391 1986 568 2057 vestibulo
594 1983 808 2057 Germaniae
836 1986 936 2057 omni
963 2010 1090 2078 genere

113 2088 327 2165 mitaris
348 2090 495 2181 impune
518 2088 666 2178 grassari
684 2088 861 2160 videmus:
888 2091 947 2159 sed
965 2090 1089 2159 desino
1176 2170 1182 2183 Ι
1351 2056 1427 2143 De
1455 2058 1698 2144 emendato
1725 2061 1921 2146 latrone·

113 2214 372 2266 memorate
386 2192 528 2282 publicat
545 2191 637 2259 mdltt
652 2185 781 2261 horum
798 2204 1009 2283 temporum.
1034 2188 1089 2261 De
1207 2219 1289 2292 Apud
1303 2219 1380 2273 Crat.
1395 2219 1468 2291 Myl.
1490 2239 1517 2290 p.
1532 2220 1567 2273 46
1580 2239 1658 2293 sqq.,
1684 2222 1714 2276 in
1734 2220 1886 2281 Declamat.
1903 2222 1938 2280 T.
1950 2221 1972 2281 Ι.
1991 2242 2019 2296 p.
2030 2223 2087 2290 87„
2103 2224 2132 2279 ln

113 2292 262 2367 Μίδα
275 2288 460 2364 Chuuradi
476 2290 587 2363 Suevi
601 2305 636 2363 et
651 2306 809 2363 veterum
826 2291 1088 2365 Germanorum
1237 2288 1315 2345 Serv.
1334 2307 1360 2359 p.
1373 2289 1418 2343 76.
1437 2299 1463 2344 et
1483 2291 1510 2343 ἰι
1529 2288 1709 2346 bichardum
1726 2291 1758 2346 Τ.
1773 2290 1822 2351 ttt.
1839 2311 1867 2362 p.
1881 2291 1943 2348 aas.
1956 2320 1992 2334 -
2020 2293 2081 2349 vid.
2100 2296 2134 2350 aa

1240 2357 1292 2415 tie
1308 2360 1434 2414 oratione
1476 2360 1536 2433 pist.
1558 2358 1621 2417 Vol.
1636 2363 1691 2415 lll.
1710 2361 1789 2434 epist.
1808 2380 1837 2433 p.
1848 2360 1910 2420 958.

113 2390 186 2467 nihi
199 2394 360 2467 instituta
378 2407 429 2464 est
448 2394 584 2480 oratio,
609 2418 764 2488 quorum
778 2395 808 2465 si
823 2419 889 2465 nos
904 2394 1103 2485 integrita-.

113 2508 165 2579 fi
180 2521 224 2568 ac
237 2497 404 2568 virtutem
429 2495 669 2580 imitaremur,
695 2519 769 2581 nec,
783 2520 860 2566 eam
882 2497 1088 2590 peregrino-

113 2610 172 2675 h
188 2622 331 2671 morum
348 2599 550 2669 colluvione
566 2597 705 2667 misceri
725 2600 976 2693 corrumpique
993 2614 1088 2690 pate-

113 2710 235 2789 ω,
254 2696 474 2772 hauddubie
494 2722 691 2770 successum
707 2725 850 2795 quoque
870 2701 1088 2772 foeliciorem

113 2796 262 2879 hians
279 2804 318 2872 in
335 2804 441 2872 rebus
454 2824 607 2871 essemus
624 2795 793 2886 habituri,
819 2817 855 2874 et
867 2801 997 2895 Remp.
1015 2828 1088 2874 non

113 2890 214 3009 :flas
236 2905 423 2975 florentem
440 2903 588 2995 posteris
612 2905 744 2974 nostris
767 2905 956 2990 tradituri,
981 2929 1087 2999 quam
1137 2889 1276 2973 Multis
1296 2904 1341 2973 de
1361 2902 1475 2974 causis
1499 2925 1637 2995 semper
1659 2903 1698 2973 in
1720 2918 1909 2998 conspectu
1931 2906 2134 2979 nobiscrux

1137 2529 1198 2600 De
1231 2532 1399 2623 eaeeuplo
1432 2530 1627 2604 emendati
1659 2533 1822 2605 latronis
1856 2541 2134 2632 propugnaretis

1134 2633 1296 2728 pluriam
1318 2631 1459 2705 Christi
1485 2639 1525 2706 in
1551 2657 1685 2724 cresce,
1710 2638 1947 2710 Declamatio
1965 2642 2133 2711 recitato

1213 2757 1238 2807 n
1263 2734 1506 2809 loocbimo
1532 2740 1727 2830 Mulier,
1763 2738 2055 2838 [lemburgensi.

113 3000 327 3083 iiunioribus
342 3009 548 3097 accepimus.
586 3004 699 3102 Psylli
715 3030 800 3097 gens
814 3007 948 3102 Libyca
963 3009 1030 3077 soli
1047 3031 1088 3078 ex
1138 3000 1276 3076 Christi
1297 3027 1372 3074 esse
1393 3006 1509 3079 debet.
1550 3003 1766 3101 Quanquam
1782 3008 1878 3077 enim
1893 3003 1952 3080 hic
1968 3005 2135 3101 pulcher-

113 3096 263 3185 finitus
283 3110 491 3180 mortalibus
514 3108 700 3194 dicuntur,
726 3131 748 3177 a
767 3121 895 3179 natura
910 3112 982 3179 vim
999 3111 1088 3180 insi·
1138 3106 1252 3177 risuus
1268 3106 1385 3192 orbis,
1410 3107 1550 3176 dierum
1565 3131 1606 3176 ac
1622 3109 1781 3178 noctium
1799 3111 2016 3200 gratissimae
2030 3112 2136 3200 vices,

113 3200 164 3287 fin
187 3224 313 3284 contra
339 3234 473 3280 venena
495 3205 643 3294 habere,
669 3211 716 3281 ita
732 3227 772 3283 ut
788 3211 935 3303 impune
956 3211 993 3280 in
1012 3235 1087 3282 me·
1139 3207 1226 3277 anui
1254 3207 1439 3294 circuitus,
1472 3206 1567 3279 Solis
1588 3221 1621 3277 et
1638 3223 1857 3279 caeterorum
1878 3215 2046 3307 syderum
2064 3214 2135 3282 rui-

113 3310 163 3387 iia
187 3314 411 3409 serpentibus
438 3326 472 3383 et
501 3311 731 3408 atrocissimis
754 3312 901 3382 venenis
929 3308 1088 3383 habitare
1137 3309 1242 3379 randi
1270 3332 1413 3395 cursus,
1451 3323 1565 3381 terrae
1594 3311 1832 3395 foecunditas,
1879 3315 2033 3407 denique
2059 3326 2135 3385 tota

113 3415 253 3505 munt,
274 3439 351 3486 earu
375 3415 448 3484 vim
474 3413 704 3504 insanguine
726 3415 899 3499 retinent,
930 3438 971 3484 ac
994 3415 1089 3486 inter
1137 3435 1256 3481 rerum
1275 3425 1402 3480 nactura
1421 3411 1524 3480 nobis
1541 3412 1586 3481 ad
1602 3414 1859 3501 agnoscendam
1877 3410 1945 3484 Dei
1967 3418 2133 3488 volunta-

113 3531 350 3610 eprepqrnu
375 3541 439 3586 nec
452 3539 531 3586 cum
548 3516 628 3585 aliis
642 3511 848 3586 hominibus
864 3516 1011 3586 miscent
1027 3530 1090 3588 aut
1137 3528 1209 3585 tem
1224 3537 1264 3583 ac
1277 3514 1511 3604 praesentiam
1529 3513 1706 3604 proposita
1724 3527 1792 3600 est,
1818 3528 1938 3586 tamen
1952 3517 2065 3588 multo
2081 3533 2133 3591 est

113 3619 374 3704 macutant,
403 3619 527 3689 sedulo
543 3633 662 3689 tamen
679 3620 866 3689 conferunt
880 3620 1086 3691 adsalutem
1138 3615 1312 3705 illustrius
1331 3615 1574 3685 testimonium
1599 3616 1751 3705 ingentis
1779 3632 1813 3688 et
1837 3640 1940 3690 verae
1966 3643 2046 3711 erga
2067 3645 2133 3692 uos

113 3721 299 3806 minum,
325 3734 366 3792 ut
385 3721 548 3791 Lucanus
564 3721 630 3791 ait:
1137 3717 1407 3788 benevolentiae
1429 3716 1516 3799 Dei,
1547 3719 1762 3811 supplicium
1792 3720 1876 3801 filii,
1908 3724 2003 3818 quod
2029 3723 2132 3796 illum

165 3828 233 3894 Nes
249 3842 367 3890 ιιιιιιιιιι
383 3851 455 3910 gens
471 3832 524 3890 ills
539 3850 591 3890 sne
606 3843 746 3891 contenta
759 3832 866 3906 salute,
1138 3820 1292 3912 perferre
1301 3835 1420 3891 nostra
1437 3845 1539 3890 causa
1554 3822 1678 3893 voluit.
1714 3819 1835 3918 ltaque
1850 3823 1895 3892 ab
1910 3819 1977 3893 hoc
1985 3825 2135 3918 pignore

163 3930 306 3996 Excubat
321 3933 509 4014 hospitibus,
536 3937 1001 4016 coutreqnenocentiamoustra
1138 3922 1253 3993 divini
1282 3923 1413 3993 amoris
1443 3947 1629 4015 nttrtquam
1667 3924 1762 3991 oculi
1800 3924 1992 3995 deiiciendi
2020 3942 2132 4001 erani-

163 4032 289 4120 l'rytlns
307 4035 389 4097 adest
404 4037 537 4117 populis.
1136 4022 1207 4094 Hic
1230 4024 1438 4094 discendum
1458 4049 1565 4119 quam
1582 4018 1766 4093 horribilis
1792 4026 1837 4095 sit
1851 4026 1903 4094 ira
1919 4024 1987 4097 Dei
2004 4031 2133 4100 adver·

113 4132 256 4227 -nque
271 4155 360 4223 puer
372 4132 466 4222 apud
481 4130 563 4198 illos
585 4127 622 4197 in
647 4128 761 4197 lucem
784 4129 901 4198 editus
921 4140 990 4212 est,
1015 4139 1088 4197 sta·
1139 4148 1198 4196 sus
1215 4120 1566 4203 hominumscelera,
1594 4150 1674 4195 cum
1691 4126 1790 4196 nulla
1807 4151 1885 4196 eam
1903 4130 2045 4201 victima
2063 4131 2134 4201 nisi

113 4234 254 4307 herrm
275 4235 624 4323 abreptumamatre
639 4231 676 4299 in
692 4231 811 4301 medio
833 4230 996 4321 aspidum
1014 4230 1088 4297 col·
1138 4227 1201 4296 filii
1220 4252 1315 4296 mors
1332 4229 1467 4319 placare
1484 4227 1650 4319 potuerit.
1693 4226 1762 4298 Hic
1777 4242 1813 4299 et
1826 4231 2033 4320 magnitudo
2047 4257 2134 4302 con-

113 4350 221 4411 nans
264 4333 314 4407 lta
331 4329 374 4406 τὸ
390 4327 546 4434 γνήσιον
562 4333 703 4423 generis
717 4344 750 4402 et
766 4331 950 4422 sanguinis
966 4330 1088 4424 explo-
1139 4330 1326 4400 sideranda
1350 4341 1402 4399 est
1422 4331 1703 4414 misericordiae,
1730 4333 1823 4425 quod
1846 4332 1959 4401 filium
1986 4359 2050 4425 pro
2065 4358 2133 4403 no-

113 4452 232 4520 mes,
262 4461 376 4534 aquo
399 4459 533 4505 venena
557 4436 679 4525 lugere
700 4436 841 4518 vident,
875 4458 955 4504 eum
977 4456 1087 4523 agno-
1139 4431 1194 4502 bis
1210 4431 1387 4521 piaculum
1405 4430 1479 4499 lieri
1496 4432 1625 4517 voluit,
1658 4455 1698 4502 ac
1721 4446 1867 4525 propter
1886 4428 1978 4503 hanc
1998 4449 2131 4505 tantam

113 4554 197 4619 unt
210 4552 248 4611 et
262 4540 524 4632 amplectuntur
535 4561 600 4628 pro
615 4559 693 4607 suo.
724 4534 1037 4626 Quemadmodum
1054 4547 1088 4604 et
1138 4528 1290 4604 hostiam
1317 4546 1447 4603 certam
1473 4534 1624 4604 salutem
1650 4535 1826 4626 promisit.
1889 4533 1987 4607 Haec
2018 4538 2132 4627 capita

113 4644 233 4751 qnilae
255 4642 414 4712 marinae
433 4663 516 4711 suos
534 4641 650 4709 foetus
670 4653 794 4709 contra
814 4642 979 4709 adversos
1002 4636 1088 4706 solis
1138 4648 1222 4706 sunt
1244 4636 1403 4706 coelestis
1428 4635 1638 4727 sapientiae,
1670 4660 1762 4730 quae
1790 4637 1843 4707 ibi
1875 4637 1980 4709 nobis
2001 4662 2135 4728 propo·

113 4746 214 4821 adina
226 4743 349 4815 sistere
364 4743 551 4823 dicuutur,
576 4741 709 4836 quique
726 4763 789 4831 per
802 4740 897 4811 diem
912 4763 973 4810 eos
989 4751 1086 4810 recto
1137 4751 1290 4825 nuutur3
1331 4737 1461 4809 deinde
1491 4738 1662 4808 accedunt
1693 4739 1762 4810 alia
1790 4740 1914 4808 multa.
1971 4734 2134 4833 Cumque

113 4848 220 4922 msa
240 4846 379 4929 ierunt,
403 4869 470 4938 pro
494 4844 566 4915 anis
586 4845 708 4914 fovent
725 4866 765 4912 ac
787 4844 972 4926 nutriunt,
997 4863 1088 4934 quos
1137 4864 1261 4911 ournes
1270 4835 1406 4911 Christi
1421 4851 1537 4928 gestus
1553 4839 1688 4932 aliquid
1703 4840 1918 4930 significent,
1944 4841 2132 4932 praecipue

113 4972 177 5025 ero
198 4950 245 5020 ad
266 4950 388 5018 lumen
402 4945 489 5018 solis
511 4945 703 5016 connivere
722 4945 863 5026 vident,
891 4958 932 5015 ut
947 4944 1086 5012 adulte·
1136 4940 1197 5010 illa
1214 4941 1357 5034 epitasis
1372 4942 1605 5011 certaminum
1621 4940 1750 5031 ipsius,
1774 4938 1969 5011 Ecclesiam
1984 4943 2134 5014 demul-

113 5052 192 5125 taos
217 5064 252 5124 et
271 5042 403 5121 nothos
425 5049 464 5118 in
488 5071 584 5118 mare
606 5046 791 5118 abiiciunt.
846 5045 897 5117 lta
912 5042 1086 5115 Germani
1136 5043 1184 5113 tis
1207 5044 1369 5114 maximis
1393 5043 1499 5112 rebus
1520 5043 1701 5115 admonet.
1758 5040 1842 5112 Non
1854 5058 1985 5115 temere
2003 5047 2134 5137 pendet

113 5168 254 5228 nstrum
288 5152 450 5223 nativum
482 5152 692 5235 eandorem,
730 5160 895 5219 naturam
927 5158 1086 5239 apertam
1136 5144 1232 5215 inter
1252 5149 1344 5218 duos
1366 5145 1543 5230 latrones,
1574 5168 1727 5238 quornm
1754 5144 1908 5216 altercat
1928 5147 2135 5231 maledicus,

113 5256 338 5351 urimctique
351 5276 390 5324 ac
406 5252 497 5322 lucis
511 5265 701 5335 amantem,
723 5252 822 5320 velut
836 5249 1002 5339 sanguini
1016 5271 1085 5316 no-
1135 5247 1226 5318 alter
1249 5271 1290 5317 er
1312 5247 1450 5318 latrone
1472 5247 1513 5318 bt
1541 5258 1785 5339 propugnator
1810 5240 1957 5320 Christi.
2015 5245 2132 5319 Multa

113 5358 369 5453 trogeuesique
383 5353 987 5437 tueriaccouservaredebebamus,
1010 5348 1085 5422 etsi
1134 5349 1238 5420 docet
1259 5372 1327 5420 nos
1348 5374 1430 5421 cnm
1454 5349 1571 5438 ipsum
1594 5348 1852 5440 spectaculum,
1886 5362 1961 5420 tum
1981 5348 2136 5418 maxime

113 5478 195 5552 prem
217 5465 313 5536 inter
326 5480 393 5529 nos
409 5456 555 5549 ingenio
572 5469 683 5543 tecto,
709 5456 878 5541 obscuro,
904 5454 1085 5547 perplexo,
1133 5451 1290 5523 duorum
1322 5451 1526 5538 altercatio,
1559 5462 1595 5521 et
1613 5444 1748 5523 Christi
1779 5450 1877 5523 velut
1899 5444 2134 5540 agonothetae
