4664 6022
66 317 109 393 ld
581 304 743 388 unct..
775 304 850 385 DE
878 305 1140 433 ARTIBES
1172 301 1590 384 LIBERALIBUS.
1808 396 1809 401 Ἰ
2062 306 2110 381 14

64 485 248 579 spirantes.
290 478 344 557 De
357 482 495 555 artibus
508 476 690 570 haetenus,
712 489 802 578 quae
817 507 950 575 organa
964 497 1059 571 sunt,
1112 483 1205 558 estis.
1256 477 1449 573 Eleganter
1471 483 1640 555 admonet
1659 483 1801 574 dialogo
1819 482 2019 565 Lucienus,
2044 483 2109 579 qui

63 602 92 660 et
110 587 214 682 quasi
232 587 408 681 quaedam
423 586 610 678 praeludia
626 610 775 678 magnae
788 587 886 658 illius
902 584 981 659 Diis
997 611 1058 678 ge-
1108 587 1238 658 fluctus
1258 586 1318 661 ‚illi
1339 581 1571 658 abhorrentes
1595 609 1615 656 a
1637 587 1770 659 virtute
1797 586 2000 682 Musisque:
2027 610 2110 657 eum

63 693 151 763 ritae
173 689 389 782 sapientiae,
415 689 547 784 quibus
566 690 760 761 instructae
782 705 918 761 mentes
939 685 1059 761 bomi-
1109 681 1559 787 quandoCaspsrCurrsr,
1581 689 1760 761 bonorum
1774 691 1975 762 studiorum
1984 713 2110 760 aman·

62 818 155 879 num,
181 790 253 863 Dei
270 816 404 863 numen
421 792 530 862 coelis
540 793 734 863 demissum
745 794 1057 888 exciperequeant.
1109 793 1267 863 tissimus
1296 791 1453 878 iuvenis,
1487 789 1657 864 Latinum
1679 792 1781 878 fecit,
1814 788 1911 863 haud
1935 792 2110 883 gravatim

62 895 127 968 Nec
150 895 206 965 las
230 909 318 987 puto
341 896 386 965 de
407 895 469 966 illa
492 895 597 987 plura
618 896 873 980 commentari,
906 897 1057 991 quisque
1108 895 1271 971 reseram.
1334 893 1492 967 Iucunda
1520 909 1573 966 est
1591 895 1724 966 fabula.
1784 896 1846 968 Sic
1866 895 1961 964 enim
1985 893 2120 965 Venus‘

61 1023 173 1071 secum
205 999 325 1069 bonus
348 997 404 1067 vir
425 998 528 1068 anxie
550 998 698 1089 cogitet,
731 1023 821 1092 quae
845 999 900 1067 illi
922 993 1058 1098 yvqm'q
1109 1011 1234 1070 natum
1261 999 1466 1091 compellat:
1498 996 1598 1088 Quid
1620 1022 1642 1069 o
1667 994 1808 1093 Cupido
1835 1013 1989 1069 caeteros
2013 995 2110 1070 Deos

63 1093 286 1194 odtdpnoto,
313 1115 354 1173 ut
376 1096 617 1173 Callimachus
639 1101 705 1172 ait:
732 1099 886 1195 lpsaest
907 1101 1056 1196 quaein
1109 1100 1279 1190 subegisti
1302 1125 1444 1187 omnes,
1472 1098 1614 1187 lovem,
1634 1098 1861 1194 Neptunum,
1888 1096 2109 1193 Apollinem,

64 1204 174 1277 medio
203 1205 341 1275 artium
366 1197 476 1277 choro
503 1204 702 1275 communis
726 1204 895 1275 omnibus
916 1204 1058 1290 desidit,
1110 1201 1305 1290 lunonem,
1331 1217 1552 1298 matremque
1575 1203 1688 1297 ipsam
1707 1228 1782 1291 me,
1804 1204 1877 1273 sola
1896 1228 1980 1274 vero
1996 1203 2109 1284 absti-

68 1308 221 1379 omnium
238 1319 465 1377 rerumrerta
480 1307 639 1380 scientia.
682 1303 957 1400 SicApollinem
973 1331 1058 1399 pru-
1109 1329 1172 1376 nes
1194 1305 1359 1388 Pallade,
1390 1331 1430 1378 ac
1459 1310 1647 1378 adversum
1667 1306 1771 1378 istam
1794 1307 1888 1377 nulli
1911 1307 2109 1377 facularum

65 1414 140 1481 dens
161 1410 363 1503 antiquitas
377 1410 418 1478 in
433 1409 562 1479 mediis
578 1408 694 1479 Musis
711 1410 829 1503 pinxit
844 1409 1059 1481 universita·
1109 1409 1227 1499 ignes,
1257 1434 1367 1481 vacua
1397 1410 1476 1481 telis
1501 1405 1687 1502 pharetra,
1720 1423 1760 1480 tu
1779 1409 1938 1504 denique
1960 1407 2109 1479 inermis

62 1529 123 1585 tem
153 1536 306 1583 ornnem
330 1506 468 1584 cithara
500 1525 776 1604 temperantem,
808 1527 849 1584 ut
875 1525 929 1584 est
962 1514 1058 1606 apud
1109 1537 1194 1583 arcu
1215 1513 1368 1608 pilisque
1382 1512 1504 1583 cares?
1551 1503 1647 1608 Cup.
1671 1510 1887 1584 Pertimesco
1903 1511 2016 1604 ipsam
2032 1534 2107 1580 ma-

60 1609 269 1709 Orpheum:
718 1666 721 1671 .
1109 1629 1181 1700 ter,
1207 1610 1387 1685 horrenda
1411 1631 1462 1688 cst
1483 1614 1598 1701 enim,
1624 1639 1664 1684 ac
1679 1628 1783 1686 torva
1799 1627 1960 1707 aspectu,
1982 1616 2109 1684 admo-

134 1705 249 1778 πάντα
271 1713 368 1801 ’¹⁶²2‘
389 1716 510 1799 κίθᾱθῇ
531 1711 730 1800 πολυκρέκῐῳ
795 1708 950 1799 ‘Aualitu
1108 1719 1268 1812 dumque
1292 1718 1419 1791 virilis.
1472 1716 1595 1813 ltaque
1616 1719 1756 1811 quoties
1771 1717 1910 1789 intento
1927 1740 2005 1786 eam
2022 1738 2109 1787 arcu

59 1819 179 1914 Capita
204 1820 358 1901 artium,
384 1844 590 1914 nomenque
613 1824 679 1915 τῆς
702 1815 855 1918 σοφίας,
881 1836 922 1893 ut
945 1819 1058 1903 licuit,
1108 1820 1296 1915 iaculoque
1318 1834 1423 1914 peto,
1449 1844 1616 1891 concussa
1632 1844 1688 1890 me
1703 1821 1802 1912 galea
1819 1819 1968 1906 excutit,
1993 1833 2109 1890 exter-

61 1923 267 1995 brevissime
280 1923 400 2016 attigi,
427 1948 503 1993 non
518 1925 557 1993 in
577 1917 644 1993 hoc
659 1937 837 2009 versatus,
863 1938 904 1994 ut
919 1923 1058 2012 magni·
1108 1935 1180 2009 ret,
1205 1924 1408 2018 caduntque
1430 1925 1597 1994 manibus
1611 1926 1784 1995 continuo
1799 1923 1956 2013 sagittae.
2012 1917 2056 1993 V
2051 1942 2106 1993 en.

59 2028 115 2097 tice
138 2027 338 2100 laudarem.
386 2021 538 2117 Egregie
560 2024 694 2096 nobilis
714 2026 830 2118 pictor
847 2020 1058 2096 Timanthes
1108 2024 1168 2095 An
1198 2049 1273 2095 non
1304 2040 1379 2096 erat
1409 2021 1475 2095 hac
1500 2025 1600 2097 Mars
1628 2025 1916 2097 formidabilior?
1949 2038 1986 2097 et
2008 2020 2108 2095 bunc

58 2127 247 2225 Cyclopem
278 2129 318 2198 in
350 2128 490 2211 tabula,
524 2128 577 2200 uti
598 2128 737 2213 ferunt,
769 2128 951 2199 breviculo
973 2128 1059 2198 dor-
1109 2142 1228 2197 tamen
1259 2129 1366 2197 armis
1397 2129 1588 2220 spoliatum
1617 2130 1836 2221 expugnasti.
1902 2115 1996 2224 Cup.
2029 2125 2106 2196 lmo

59 2235 227 2302 mientem
242 2230 456 2316 delineavit,
483 2230 560 2301 eius
575 2255 653 2301 cum
670 2243 760 2302 esset
774 2231 1057 2320 magnitudinem
1107 2231 1171 2299 ille
1209 2231 1337 2301 lubens
1369 2254 1426 2300 me
1455 2231 1603 2323 recipit,
1648 2232 1861 2327 invitatque.
1938 2228 2107 2301 Minerva

59 2356 304 2427 expressurus,
329 2332 427 2405 iuxta
452 2332 598 2428 Satyros
620 2327 743 2428 thyrso
764 2334 930 2425 pollicem
953 2357 1058 2403 mon·
1108 2357 1193 2403 vero
1222 2333 1388 2404 obductis
1417 2333 1617 2426 superciliis
1645 2335 1811 2407 observat
1838 2357 1988 2427 semper.
2045 2328 2107 2403 Ad

60 2437 116 2506 stri
138 2436 369 2508 dimetientes
386 2436 481 2505 lecit.
533 2433 726 2525 Quomodo
745 2459 809 2505 nos
825 2436 984 2525 angustis
999 2435 1057 2505 in·
1108 2459 1184 2505 eam
1202 2437 1394 2530 siquando
1412 2436 1577 2507 advolavi
1592 2450 1742 2522 temere,
1764 2435 1901 2507 lacibus
1916 2434 2107 2520 advolutis,

61 2539 167 2629 geniis
199 2534 368 2609 homines
396 2537 555 2629 ingentia
581 2538 770 2619 molimur,
803 2534 1057 2632 Philosophiae
1107 2539 1158 2610 ait
1172 2537 1253 2609 ista:
1280 2537 1350 2609 Per
1367 2537 1506 2625 lovem,
1529 2539 1559 2608 si
1575 2564 1630 2610 me
1648 2563 1738 2632 puer
1753 2540 1900 2610 adortus
1915 2539 2044 2619 fueris,
2070 2552 2106 2609 te

59 2643 194 2727 laudes,
228 2664 296 2711 nec
324 2641 400 2711 fere
426 2640 497 2711 nisi
527 2641 739 2712 dormientis
762 2641 962 2733 sapientiae,
977 2664 1057 2713 oras
1100 2641 1356 2729 transfodiam,
1382 2655 1444 2712 aut
1464 2656 1644 2732 arreptum
1664 2643 1755 2732 pede
1778 2643 1818 2712 in
1839 2654 1970 2712 tartara
1989 2640 2105 2712 conii-

60 2745 308 2835 contingimus.
357 2738 539 2836 Equidem
565 2767 645 2813 cum
667 2757 900 2836 temperarem
924 2740 1056 2815 mibia
1107 2745 1209 2830 eiam,
1236 2744 1291 2813 vel
1307 2745 1383 2836 ipsa
1397 2757 1432 2815 te
1446 2744 1625 2816 dilanians
1638 2745 1849 2837 discerpam.
1901 2743 1997 2815 Tum
2013 2743 2106 2814 acri·

61 2847 244 2928 laudibus,
276 2868 364 2941 quas
392 2846 498 2917 multi
526 2846 657 2917 multas
677 2846 895 2938 ineptissime
916 2847 1056 2919 effutire
1105 2848 1174 2918 bus
1196 2847 1358 2937 intuetur
1379 2847 1512 2928 oculis,
1534 2863 1570 2919 et
1589 2847 1723 2918 circum
1743 2862 1866 2940 pectus
1890 2861 1999 2938 gestat
2014 2846 2105 2916 ima·

60 2949 181 3036 solent,
203 2944 273 3019 hoc
283 2948 338 3039 egi
348 2962 500 3036 tantum,
520 2962 561 3019 ut
574 2972 681 3042 qnam
695 2944 864 3020 honestae
874 2974 930 3020 res
941 2961 1056 3020 essent
1105 2950 1310 3041 giunculam
1340 2952 1521 3043 quandam
1550 2950 1682 3041 viperis
1705 2951 1917 3043 capillorum
1943 2950 2019 3020 vice
2043 2973 2105 3020 co·

62 3066 163 3134 artes,
190 3052 328 3147 quippe
341 3075 480 3133 sacrae,
507 3051 767 3141 intelligeretis.
818 3050 916 3123 Tum
934 3067 975 3126 nt
990 3054 1056 3123 ad·
1105 3067 1248 3126 matam.
1294 3050 1399 3123 Hanc
1413 3046 1642 3123 vehementer
1655 3054 1820 3149 equidem
1835 3052 2002 3135 formido,
2022 3075 2105 3145 per·

59 3178 240 3241 monerem
259 3153 504 3239 inventutem,
535 3154 675 3224 easdem
697 3153 821 3225 Musas
843 3179 936 3243 csse,
969 3179 1056 3251 quas
1104 3170 1214 3228 terret
1227 3155 1322 3225 enim
1337 3178 1412 3240 me,
1437 3155 1607 3249 fugioque
1620 3156 1760 3249 quoties
1775 3157 1953 3248 adspectu.
2006 3147 2051 3228 V
2048 3175 2104 3227 en.

56 3252 165 3326 bodie
186 3269 319 3326 vocant
339 3273 444 3330 artes.
502 3253 622 3326 Proba
644 3257 736 3327 ratio
758 3271 828 3343 est,
861 3283 925 3329 cur
945 3259 1055 3328 velim
1105 3255 1154 3330 At
1169 3259 1232 3353 qui
1246 3255 1451 3331 Minervam
1464 3259 1610 3352 quidem
1626 3260 1773 3345 metuis,
1799 3272 1905 3353 atque
1918 3253 2026 3328 buius
2041 3281 2103 3348 ge·

57 3359 298 3430 adulescentes
321 3353 390 3430 boc
412 3382 537 3431 omnes
560 3359 753 3428 rectissime
775 3360 909 3434 norint.
969 3359 1056 3431 Pas-
1105 3374 1241 3430 stamen
1266 3384 1446 3452 gorgona,
1482 3362 1546 3454 qui
1569 3358 1663 3431 lovis
1688 3362 1825 3433 fulmen
1849 3384 1924 3430 non
1947 3382 2100 3452 expave-

58 3463 118 3531 sim
150 3473 318 3553 prostant
338 3458 465 3533 Musae
489 3463 529 3531 in
551 3461 743 3553 po'e‘matis,
776 3462 866 3532 vitio
890 3462 1056 3533 indocto-
1105 3463 1205 3532 scas?
1255 3461 1349 3534 Dein
1372 3476 1490 3533 autem
1508 3461 1635 3533 Musae
1658 3487 1723 3534 cur
1744 3463 1855 3533 nullis
1878 3475 2015 3556 queunt
2039 3461 2102 3532 abs

56 3588 133 3634 cnm
155 3563 414 3656 interpretum,
445 3566 508 3661 qui
531 3588 607 3633 rem
629 3564 744 3635 multo
766 3565 911 3655 dignam
935 3564 1054 3636 studio
1104 3580 1139 3636 te
1158 3564 1369 3636 vulneribus
1391 3566 1535 3650 confici,
1560 3579 1714 3659 suntque
1736 3567 1834 3662 quod
1858 3565 1980 3651 aiunt,
2004 3579 2102 3636 extra

56 3666 258 3756 negligunt,
292 3678 327 3737 et
349 3671 525 3763 qnantum
549 3667 722 3753 coniicio,
747 3667 914 3740 iuventae
932 3691 1056 3762 operas
1104 3668 1195 3754 tela,
1220 3693 1307 3738 num
1330 3668 1447 3759 galeas
1470 3682 1506 3739 et
1528 3662 1594 3739 hae
1619 3669 1819 3755 incutiunt,
1843 3682 1905 3740 aut
1928 3690 2102 3760 gorgonas

54 3767 144 3836 vani
167 3768 352 3840 distinent.
407 3766 509 3841 Idem
532 3765 732 3841 Mercurius
759 3785 811 3842 est
839 3771 959 3864 pueri,
992 3771 1054 3865 qui
1102 3768 1304 3842 obiiciunt
1356 3758 1450 3866 Cup.
1468 3769 1565 3863 lpsas
1580 3795 1644 3861 ego
1659 3795 1824 3841 revereor
1837 3784 1962 3856 mater,
1988 3785 2102 3843 castae

52 3870 197 3940 animus
209 3872 333 3958 nobis,
357 3867 423 3944 καὶ
438 3862 546 3954 οὗτος
563 3868 664 3945 ἐστὶν
680 3867 700 3944 ὃ
716 3875 931 3971 στροφαῖος.
980 3869 1055 3944 Ea·
1104 3887 1205 3960 sunt,
1231 3888 1266 3946 et
1281 3897 1421 3965 semper
1434 3873 1570 3968 aliquid
1587 3898 1692 3944 curae
1704 3873 1907 3959 molientes,
1929 3873 2102 3945 continno

53 3975 137 4043 dem
154 3970 294 4057 Musae,
320 3974 450 4045 deinde
466 3991 501 4047 et
513 3979 637 4047 eadem
653 3970 821 4063 chordae,
846 4001 936 4071 qnae
950 3990 1055 4062 artes,
1103 3989 1210 4047 cantu
1232 3990 1432 4067 occupatae.
1485 3975 1597 4067 Saepe
1619 3977 1729 4065 igitur
1752 3978 1875 4046 adsum
1893 3976 1965 4046 illis
1981 3976 2102 4046 suavi·

59 4076 167 4145 animi
187 4100 270 4147 enm
285 4071 412 4150 babitu
427 4101 492 4150 sno
507 4079 758 4166 consonantia,
782 4078 897 4173 Lyrae
908 4073 1054 4150 barmo-
1103 4091 1174 4149 tate
1188 4079 1356 4148 carminis
1369 4078 1549 4150 delinitus.
1604 4075 1645 4153 V
1643 4101 1698 4149 en.
1715 4076 1832 4150 Sinito
1845 4094 1880 4150 et
1889 4078 1980 4159 illas,
2002 4079 2101 4173 quod

56 4179 126 4252 nia.
179 4176 258 4249 lam
278 4178 360 4274 quis
374 4180 596 4267 estevobis,
620 4181 771 4275 quinon
789 4176 1052 4252 harumrerum
1102 4182 1326 4252 venerandae
1354 4181 1429 4252 sint
1457 4181 1607 4252 scilicets
1640 4177 1795 4252 Dianam
1828 4205 1892 4251 cur
1918 4204 1992 4251 non
2018 4180 2101 4250 vul·

53 4275 242 4354 honestate
261 4283 445 4376 capiatur?
491 4279 738 4355 Conveniebat
763 4286 911 4356 fortasse
932 4297 973 4356 ut
995 4283 1054 4354 in-
1103 4284 1231 4355 neras?
1281 4275 1375 4381 Cup.
1399 4282 1441 4353 ln
1465 4307 1602 4354 summa
1624 4307 1849 4378 nequaquam
1864 4283 2034 4375 possibile
2047 4295 2101 4353 est

56 4377 218 4455 hortarer
241 4407 305 4456 vos
327 4386 374 4456 ad
395 4387 584 4468 virtutem,
608 4388 669 4456 sed
693 4400 807 4458 vestra
829 4388 902 4457 iam
925 4400 1052 4479 sponte
1103 4387 1249 4481 adsequi
1266 4411 1365 4470 eam,
1390 4410 1528 4479 semper
1543 4411 1607 4479 per
1622 4400 1760 4455 montes
1775 4386 1989 4476 fugientem,
2009 4384 2099 4478 quin

50 4501 249 4560 currentes.
305 4486 412 4580 Agite
441 4488 601 4580 exempla
628 4489 729 4560 vobis
750 4513 962 4582 magnorum
986 4486 1053 4561 ho-
1103 4490 1164 4559 illa
1180 4513 1244 4560 suo
1259 4491 1414 4584 quodam
1430 4489 1556 4579 llagrat
1570 4487 1749 4582 cupidine.
1804 4485 1845 4563 V
1843 4509 1898 4563 en.
1912 4487 1996 4577 Quo
2011 4508 2100 4577 gna·

51 4590 215 4675 minum,
240 4588 306 4686 qni
317 4614 375 4662 me
386 4590 644 4663 circumsidunt
656 4593 790 4685 capite,
814 4592 905 4684 agite
922 4593 1053 4664 intenti
1102 4592 1164 4662 te?
1214 4580 1310 4688 Cup.
1335 4590 1475 4662 Venatu
1498 4593 1644 4686 quidem
1666 4613 1852 4661 cervorum
1868 4613 1908 4660 ac
1923 4586 2099 4660 hinnulo·
2226 4656 2232 4665 ,

51 4714 151 4786 sps·
184 4692 321 4786 patriae
346 4694 453 4786 longe
481 4688 779 4786 pulcherrimam,
811 4708 894 4766 ante
918 4695 1052 4782 oculos,
1102 4717 1203 4777 rum,
1229 4717 1319 4789 quos
1332 4693 1525 4765 insectatur
1539 4708 1579 4765 ut
1595 4693 1729 4787 capiat,
1751 4717 1791 4765 ac
1804 4693 1920 4763 iaculo
1934 4691 2036 4782 ligat,
2058 4715 2098 4762 ac

52 4795 244 4889 ipsumque
274 4795 390 4867 animi
418 4818 561 4868 mosum
586 4796 728 4889 ponite,
763 4823 836 4892 quo
860 4792 956 4867 nihil
979 4821 1052 4868 esse
1101 4820 1265 4888 prorsum
1281 4811 1355 4868 tota
1370 4820 1489 4866 rerum
1504 4796 1678 4867 eiusmodi
1693 4796 1811 4866 studio
1828 4809 1982 4879 tenetur,
2005 4807 2100 4866 tam-

52 4899 252 4990 optandum
283 4899 406 4981 vobis,
443 4893 538 4969 nihil
567 4902 876 4987 contendendum,
914 4916 1052 4995 praeter
1101 4901 1166 4970 etsi
1190 4900 1336 4970 fratrem
1362 4898 1440 4969 eius
1464 4897 1581 4970 iaculo
1604 4912 1805 4992 potentem,
1824 4921 1865 4968 sc
1887 4897 2027 4968 eminus
2044 4895 2098 4966 fe-

55 4991 221 5075 bonasus
253 5000 394 5088 literas,
442 5014 582 5094 praeter
616 5003 786 5075 virtutem
822 5003 1051 5096 cognoscatis.
1100 5003 1173 5073 rire
1189 5002 1347 5076 solitum.
1403 4993 1449 5074 V
1442 5022 1498 5075 cn.
1518 5000 1601 5072 Scio
1619 5014 1744 5092 gnate,
1768 5021 2021 5092 saepenumero
2038 5021 2097 5068 ar-

54 5094 173 5174 anlir
193 5102 352 5194 deliciis,
373 5104 478 5177 nullo
498 5129 620 5179 errore
641 5099 851 5192 hominum,
876 5106 971 5198 regia
993 5107 1050 5178 via
1099 5131 1155 5175 ma
1175 5119 1358 5198 expertum
1373 5116 1446 5176 tua.
1497 5101 1594 5174 Haec
1609 5103 1732 5173 fabula
1747 5115 1799 5173 est
1814 5102 2000 5194 profutura
2017 5124 2098 5170 mo·

48 5204 223 5279 excedite:
249 5207 351 5280 nulla
373 5230 440 5279 vos
460 5208 593 5302 cupido
615 5208 746 5281 avellat
769 5208 914 5279 infamis
935 5234 956 5281 a
975 5208 1050 5280 vir-
1099 5207 1199 5279 ribus
1229 5209 1375 5290 vestris,
1409 5207 1439 5277 si
1467 5207 1690 5301 frequentem
1720 5205 1841 5276 animo
1860 5203 2097 5297 agiuveritis:

10 5346 12 5355 ·
47 5319 141 5383 tote.
191 5306 369 5383 hiemem
389 5311 555 5404 adpello,
576 5336 669 5405 quae
692 5311 807 5383 aliena
822 5311 870 5383 sit
885 5337 906 5382 a
921 5312 1050 5385 studiis
1100 5308 1161 5382 Sic
1175 5309 1270 5381 euim
1286 5325 1322 5384 et
1338 5333 1454 5401 nugae
1470 5310 1559 5381 seria
1576 5311 1717 5383 ducent.
1768 5304 1865 5380 Dixi.

41 5408 248 5501 literam
267 5414 495 5525 atqneabiis,
518 5412 650 5511 quibus
660 5414 794 5489 addicti
806 5414 915 5488 saeris
924 5438 1049 5486 omnes
