4620 6008
526 405 605 485 Old
1205 395 1365 475 DECL.
1396 396 1474 474 Dll
1509 393 1912 475 nfflsuotuntt

528 598 636 674 quam
666 578 778 651 atu
807 578 849 649 in
880 600 937 647 me
966 576 1045 646 iure
1066 573 1333 660 desiderentur,
1365 597 1457 669 quae
1479 574 1524 644 ad
1577 571 1789 658 suetudine,
1823 572 1960 663 optima
1990 588 2028 647 et
2048 574 2182 669 potissi

530 681 757 775 eloquentiae
778 682 919 753 laudem
942 677 1141 772 pertinent,
1168 690 1289 748 umen
1310 701 1393 747 cum
1419 690 1457 747 et
1469 698 1526 745 me
1577 676 1692 745 ctrina
1706 676 1865 746 imbutus
1879 691 1943 761 est,
1963 702 2071 771 quam
2087 681 2178 773 quid

531 798 568 857 et
590 798 750 857 caeteros
769 779 865 855 bunc
886 804 1021 852 morem
1033 801 1243 850 conservare
1258 780 1398 865 deceat,
1423 778 1525 849 nolui
1578 777 1626 847 tis
1649 779 1687 847 in
1710 778 1798 848 locis
1818 779 1993 853 redolent.
2047 780 2181 853 interd«

530 910 647 957 meam
670 911 814 979 operam
836 887 953 956 deesse
973 880 1217 975 Reipublicae
1268 880 1436 952 Vicissim
1461 881 1527 950 ecit
1578 882 1790 965 sententias,
1814 884 1877 951 sed
1900 885 2009 953 verba
2029 910 2176 980 quoque

533 1003 669 1061 vestrae
690 986 936 1067 humanitatis,
968 985 1165 1056 orationem
1190 1008 1304 1055 meam
1330 985 1418 1056 boni
1440 1007 1527 1054 con·
1579 996 1712 1053 tuatur.
1764 980 1913 1078 Egoque
1933 986 1982 1055 ita
1997 1000 2133 1073 statuo,
2159 1014 2181 1061 u

532 1093 665 1164 sulere:
697 1092 794 1186 quod
822 1104 861 1161 ut
890 1087 1047 1170 faciatis,
1080 1110 1145 1158 voa
1164 1088 1269 1161 etiam
1292 1101 1398 1182 atque
1420 1086 1526 1156 etiam
1579 1086 1781 1155 doctrinam
1802 1110 1845 1156 eo
1861 1110 1936 1159 esse
1951 1089 2181 1180 simplicioret

533 1218 613 1266 oro.
659 1191 821 1288 Cumque
842 1193 881 1262 in
901 1186 971 1262 hoe
992 1191 1070 1263 loco
1088 1192 1134 1261 de
1149 1190 1280 1281 artium
1296 1215 1337 1261 ac
1352 1206 1526 1263 certarum
1579 1211 1678 1272 cam,
1704 1187 1789 1281 qnia
1815 1214 1903 1280 puer
1924 1193 1970 1261 ad
1988 1189 2181 1285 Hippocrat

533 1297 705 1369 rirtmum
718 1296 892 1387 dignitate
906 1318 1009 1388 saepe
1023 1295 1159 1366 dictum
1173 1294 1238 1379 sit,
1259 1317 1324 1386 ego
1343 1290 1525 1364 historiam
1579 1290 1756 1360 suefactns
1770 1305 1834 1362 est.
1886 1289 2001 1365 Erant
2015 1298 2170 1369 enimeo

531 1401 877 1471 commemorandam
901 1422 975 1469 esse
998 1397 1141 1490 putavi,
1169 1397 1262 1466 vitae
1285 1397 1419 1468 scilicet
1442 1392 1526 1465 Ari·
1580 1392 1664 1477 sici,
1689 1389 1934 1466 Democritum
1947 1411 2107 1470 autorem
2122 1424 2181 1495 seq

531 1501 680 1577 stotclis.
739 1501 824 1572 Non
843 1501 961 1572 solum
984 1500 1067 1595 quia
1089 1500 1170 1593 plus
1189 1499 1384 1592 voluptatis
1405 1523 1446 1569 er
1470 1493 1528 1567 hi·
1580 1496 1693 1566 ctrina
1712 1496 1817 1588 plena
1835 1498 1903 1569 luit
1919 1502 2181 1592 prodigiosam:

532 1606 643 1677 storia
670 1604 885 1698 percipitur,
924 1604 1074 1675 delectat
1099 1602 1192 1672 enim
1215 1602 1355 1673 animos
1377 1602 1529 1671 varietas
1581 1599 1765 1691 plenarum
1781 1600 2079 1692 disputationum.
2129 1600 2181 1678 Ηι

532 1708 764 1799 negociorum
789 1721 826 1778 et
845 1719 1054 1791 eventuum,
1085 1706 1146 1775 sed
1169 1705 1274 1776 etiam
1297 1706 1380 1799 quia
1405 1703 1528 1775 multis
1581 1714 1675 1772 tatus
1695 1716 1804 1782 esset,
1839 1728 2062 1801 nequaquam
2086 1702 2181 1778 hoc¹

531 1811 579 1879 de
600 1811 715 1881 causis
737 1811 882 1903 prodest
904 1832 1007 1880 nosse
1027 1831 1238 1900 magnorum
1259 1808 1420 1878 virorum
1440 1831 1528 1878 con-
1581 1798 1683 1876 thodi
1694 1803 1940 1877 blumethsnc
1952 1811 2181 1901 proprietates

534 1912 633 1995 silia,
658 1913 770 1998 dicta,
792 1913 894 1986 sacta.
1581 1921 1700 1977 autern
1733 1933 1818 1977 cura
1843 1933 1885 1978 ac
1908 1911 2050 1983 solertia
2069 1913 2111 1985 in
2136 1915 2181 1983 itt

637 2010 857 2087 Accenditur
883 2014 980 2085 enim
1009 2013 1151 2086 animus
1173 2016 1219 2085 ad
1244 2014 1433 2099 virtutem,
1471 2013 1528 2083 in-
1581 2011 1678 2081 tione
1696 2010 1752 2080 usi
1770 2012 1843 2082 sint
1857 2010 2085 2106 Hippocratis
2103 2032 2181 2109 post

535 2132 639 2189 tuens
659 2118 699 2189 in
722 2118 868 2189 illorum
889 2116 1059 2208 exempla.
1106 2115 1246 2188 Deinde
1267 2121 1312 2189 de
1332 2117 1455 2189 multis
1471 2141 1527 2187 re-
1581 2113 1706 2197 iicere,
1729 2116 1828 2207 quod
1846 2113 2007 2188 Galenus
2027 2119 2095 2191 ait:
2126 2118 2181 2191 lds

534 2221 603 2291 bus
633 2223 880 2295 admonemur.
951 2218 1068 2289 Multa
1094 2220 1227 2292 imitari
1258 2220 1438 2312 Scipionis
1466 2237 1528 2291 aut
1579 2217 1730 2307 scriptas
1757 2220 1974 2302 anatomias,
2015 2223 2100 2315 quia
2130 2226 2181 2294 do

535 2320 695 2394 Caesaris
715 2322 864 2394 consilia
880 2319 1078 2413 Imperator
1099 2336 1231 2414 potest,
1257 2324 1305 2394 ita
1330 2346 1397 2393 nos
1413 2323 1452 2392 in
1471 2318 1528 2393 his
1582 2334 1686 2389 notae
1710 2319 1865 2405 suerint3
1895 2324 2020 2394 solitos
2040 2325 2139 2394 enim
2165 2324 2181 2397 l

532 2426 663 2497 studiis
681 2427 833 2509 nostris,
855 2450 936 2495 cum
957 2425 1223 2496 consideramus
1239 2427 1526 2497 doctissimorum
1579 2421 1679 2493 dorni
1701 2445 1820 2492 secare
1839 2448 1987 2516 corpora
2002 2426 2179 2501 animanti

535 2523 725 2600 huminum
741 2529 781 2598 in
799 2528 1025 2622 inquirendis
1038 2539 1073 2597 et
1085 2530 1270 2599 tradendis
1285 2529 1423 2600 artibus
1442 2554 1528 2620 pru-
1579 2540 1616 2597 et
1642 2525 1783 2614 singula
1811 2531 1970 2599 membra
2003 2530 2127 2603 liberis
2157 2531 2181 2601 ir

534 2633 696 2705 dentiam
714 2655 755 2702 ac
776 2632 970 2717 rationem,
992 2631 1104 2701 multa
1123 2633 1253 2703 rectius
1271 2632 1428 2703 iudicare
1446 2657 1526 2725 pos-
1578 2631 1771 2720 spectanda
1793 2653 2003 2722 proponere.
2053 2632 2181 2728 ltaque

535 2758 670 2807 mua
727 2732 888 2806 Multum
906 2733 1050 2804 collatio
1074 2736 1329 2826 praestantium
1352 2736 1526 2806 artificum
1579 2732 1631 2801 les
1652 2733 1699 2801 ab
1716 2732 1803 2823 ipsis
1819 2736 2007 2806 cunabulis
2020 2740 2181 2808 annesae

533 2838 582 2909 ad
603 2839 761 2909 acuenda
782 2837 1040 2930 formandaque
1062 2837 1193 2909 iudicia
1216 2839 1394 2909 conducit.
1462 2835 1526 2910 Di·
1580 2835 1766 2927 perplexas
1787 2834 2033 2932 λογομαχίας,
2058 2843 2122 2910 sed
2144 2842 2181 2911 ad

535 2964 612 3013 cam
633 2939 744 3030 tgism
763 2941 809 3010 de
824 2934 1036 3026 Aristotele,
1061 2964 1137 3012 non
1158 2954 1200 3012 ut
1219 2941 1257 3012 ht
1279 2943 1317 3011 in
1334 2940 1527 3035 Panegyri·
1578 2952 1614 3008 et
1636 2939 1681 3008 ad
1698 2944 1926 3031 ¹quaerendas
1940 2967 2079 3028 causas,
2106 2938 2178 3047 cxl

533 3043 604 3126 cis,
633 3045 697 3115 sed
721 3042 880 3113 breviter
898 3065 957 3127 ea,
982 3067 1073 3138 quae
1094 3047 1140 3114 de
1162 3045 1234 3117 vita
1256 3045 1333 3115 eius
1351 3046 1527 3135 comperi·
1578 3042 1665 3110 dine
1678 3043 1767 3110 duas
1782 3045 1937 3132 egregias
1951 3047 2109 3132 virtutes,
2127 3061 2162 3118 et

534 3170 635 3228 mus,
666 3146 870 3220 recemebu.
900 3142 1042 3217 Deinde
1062 3149 1108 3217 de
1127 3170 1255 3236 genere
1275 3144 1527 3239 Philosophiae
1578 3146 1684 3213 docto
1712 3161 1922 3216 consecutus
1951 3162 2022 3233 est,
2061 3150 2166 3219 ridell

533 3265 572 3321 et
590 3250 792 3341 descriptis
806 3249 885 3319 eius
898 3249 1037 3344 aliquid
1054 3250 1238 3333 adiiciam,
1263 3267 1301 3322 ut
1316 3254 1525 3320 admoneam
1578 3251 1782 3341 qrraercnda
1807 3245 1976 3319 methodo
1998 3266 2032 3321 et
2059 3276 2158 3323 arnor

532 3352 795 3437 statuentes,
825 3352 924 3446 quod
954 3346 1207 3445 Philosophiae
1236 3375 1348 3443 genus
1375 3354 1526 3423 maxime
1578 3351 1674 3419 enirn
1690 3352 1806 3420 studia
1825 3351 1862 3418 in
1877 3376 2001 3427 mores.
2048 3354 2151 3443 Quar

533 3456 760 3549 probandum
783 3466 889 3548 atque
911 3456 1147 3544 expetendum
1170 3457 1235 3540 sit,
1273 3470 1305 3525 et
1330 3459 1526 3535 ostendam,
1578 3477 1634 3523 res
1648 3454 1819 3523 obscuras
1832 3456 1959 3526 ordine
1974 3481 2014 3525 ac
2031 3462 2146 3551 propr'

533 3571 707 3653 quantum
729 3557 843 3648 prosit
859 3557 905 3626 ad
922 3552 1186 3630 Aristotelicum
1204 3558 1379 3629 rationem
1395 3585 1436 3630 ac
1449 3584 1523 3629 me·
1577 3569 1614 3626 et
1635 3580 1794 3625 amorem
1819 3558 1975 3629 veritatis
1999 3558 2036 3627 in
2061 3586 2138 3631 oms

533 3658 685 3732 tbodum
708 3660 941 3731 assueladum
962 3683 1047 3731 esse.
1114 3659 1166 3731 lta
1188 3661 1284 3732 enim
1308 3678 1425 3735 statuo
1447 3663 1525 3734 sinc
1549 3690 1553 3761 ;
1580 3674 1686 3728 natus
1707 3682 1822 3730 annos
1842 3662 1898 3732 17.
1923 3662 2050 3732 missus
2075 3678 2128 3734 est

534 3758 605 3833 boc
627 3761 804 3831 neminem
823 3786 983 3857 unquam
997 3764 1076 3834 sore
1088 3764 1259 3835 artificem
1273 3760 1430 3837 methodi
1448 3767 1526 3835 ullo
1550 3764 1553 3775 '
1577 3764 1818 3846 audiendum,
1843 3764 1905 3856 qui
1931 3778 2014 3834 tunc
2031 3789 2125 3835 sums

538 3867 577 3935 in
589 3888 729 3955 genere.
777 3860 849 3935 Nec
863 3890 949 3935 vero
963 3866 1039 3937 beri
1055 3882 1188 3958 potest,
1211 3868 1301 3960 quin
1315 3869 1426 3939 multa
1439 3871 1526 3938 laisa
1549 3922 1553 3935 .
1580 3867 1684 3935 laude
1704 3867 1866 3939 florebat.
1916 3863 2006 3936 Cum
2022 3883 2118 3939 natur

536 3963 729 4060 sophistice
748 3966 916 4040 misceant
937 3962 998 4051 bi,
1020 3970 1152 4063 quibus
1174 3970 1294 4059 ignota
1317 3988 1367 4042 est
1390 3972 1446 4040 ria
1465 3973 1525 4040 illa
1577 3968 1740 4037 omnium
1763 3969 2031 4058 disciplinarum
2055 3997 2111 4064 cap

537 4068 709 4148 docendi,
730 4092 836 4163 quam
851 4084 1023 4142 monstrat
1038 4072 1261 4149 Aristoteles.
1310 4072 1425 4145 Porro
1441 4070 1526 4144 haec
1548 4110 1554 4187 Ι
1577 4074 1664 4143 citas
1694 4073 1782 4153 luit,
1814 4075 1909 4164 quod
1943 4074 2100 4162 primum

537 4168 739 4263 sophistica
759 4188 931 4265 quantum
952 4174 1044 4264 parit
1063 4199 1227 4245 erromm
1249 4201 1291 4246 ac
1307 4179 1525 4248 tumultuum
1549 4198 1554 4263 ξ
1580 4175 1765 4263 ingenium
1794 4177 1979 4244 excitatum
2003 4192 2039 4247 et
2062 4202 2098 4269 ps

539 4276 580 4345 irs
593 4271 749 4347 Ecclesia
769 4288 806 4345 et
824 4275 864 4344 in
878 4271 1043 4367 Repub.?
1094 4276 1137 4347 ln
1157 4280 1289 4349 tabulis
1310 4295 1382 4364 est,
1408 4279 1524 4350 lriooi
1548 4278 1553 4383 i
1577 4280 1674 4372 quod
1694 4280 1837 4346 accessit
1861 4279 1921 4347 ille
1942 4294 2091 4369 praestat

537 4404 621 4449 cum
648 4377 837 4468 appetisset
856 4374 1047 4465 lunonem,
1080 4382 1256 4452 obiectam
1285 4407 1361 4453 esse
1383 4386 1526 4459 nnhem.
1549 4398 1553 4407 '
1578 4397 1742 4451 naturam
1768 4381 2085 4475 loelicissiinampc

540 4479 689 4553 {mono
714 4480 850 4570 specie,
880 4505 922 4549 ex
947 4506 1017 4574 qua
1047 4486 1121 4554 nati
1151 4486 1323 4556 dicuntur
1343 4483 1525 4559 Centauri.
1549 4482 1553 4515 *
1577 4485 1723 4578 quidem
1745 4485 1918 4562 arbitror,
1951 4484 1999 4553 ita
2021 4488 2079 4575 gul

538 4582 592 4657 lta
618 4584 753 4655 indocti
784 4607 828 4652 ex
856 4583 953 4653 labis
979 4587 1212 4675 opinionibus
1239 4612 1279 4658 ac
1302 4585 1526 4679 sophisticis,
1548 4652 1552 4665 ,
1577 4603 1672 4658 ctum
1689 4587 1858 4655 artificem
1873 4584 2071 4659 haberesnu·

537 4688 687 4779 gigaunt
713 4687 884 4757 [actiones
907 4681 1080 4759 Ecclesiae
1104 4691 1278 4765 exitiosas.
1342 4692 1414 4763 sed
1440 4688 1524 4762 haec
1548 4778 1551 4783 Ι
1579 4692 1700 4782 inqua
1717 4689 1910 4757 elaboras-it
1927 4688 2062 4762 Aristot

540 4806 659 4879 pastea
679 4804 786 4861 unt
807 4789 979 4874 dicenda,
1001 4793 1212 4883 pduseoim
1227 4794 1297 4866 vita
1312 4820 1522 4887 percurren-
1547 4864 1553 4891 Ι
1577 4810 1698 4862 tooem
1714 4816 1827 4860 anctos
1845 4792 1990 4881 siginti,
2017 4790 2058 4865 bc

539 4894 666 4962 daut.
1547 4918 1552 4955 t
1578 4921 1676 4964 mum
1708 4918 1819 4986 usqne
1852 4896 1974 4963 aetolis
2002 4920 2051 4967 su:

639 4992 752 5063 xum
778 5008 833 5067 est
856 4992 1064 5067 Aristoteles
1090 4998 1130 5067 in
1153 4996 1383 5085 Macedonia,
1425 5016 1524 5092 patre
1547 4994 1552 5037 ¹
1576 4994 1715 5067 scholas
1739 4992 1882 5073 hahuit,
1907 5000 1969 5065 sed
1991 4999 2045 5089 ips

540 5092 1005 5192 mahath-rutae.
1053 5097 1199 5172 (hulst
1215 5105 1408 5175 multorum
1424 5106 1522 5175 tosti·
1576 5100 1788 5191 disciplinis.
1839 5095 2031 5192 lnqnisisit

538 5200 671 5269 nis
688 5202 946 5288 meinati
961 5199 1177 5291 Hippocrate
1187 5222 1305 5275 ortum
1321 5232 1412 5291 esse3
1440 5232 1522 5274 nam
1577 5222 1689 5283 tores,
1714 5206 1822 5277 adeo.
1847 5220 1884 5270 nt
1901 5222 2031 5295 propte

536 5304 724 5393 μιὼ
743 5299 967 5393 Ηὶηικηιίι
987 5308 1084 5394 degit
1107 5308 1144 5374 in
1167 5305 1369 5393 Thessalia,
1395 5336 1434 5380 ac
1460 5312 1522 5379 diu
1575 5310 1711 5378 ctrinac
1737 5307 1981 5393 appellaretur
2014 5334 2025 5379 ι

536 5408 793 5495 μάκει
816 5403 975 5477 Μιιὶἰοε
994 5411 1083 5479 arcis
1103 5412 1270 5494 retinuit,
1294 5439 1373 5483 cum
1395 5438 1522 5503 paren·
1545 5434 1548 5439 ·
1576 5415 1654 5480 loco
1683 5412 1779 5477 sutrii
1809 5410 1986 5481 admirari
2010 5440 2018 5503 ι

536 5520 594 5577 h
616 5526 730 5581 m
755 5508 882 5578 Η
898 5514 1029 5583 «dine
1048 5514 1152 5607 quasi
1173 5537 1239 5607 prr
1260 5539 1385 5585 manns
1405 5520 1521 5585 trade·
1576 5534 1646 5585 tarn
1683 5516 1746 5579 din
1780 5507 1935 5583 inarserit
1970 5542 2011 5609 ap

534 5622 633 5685 fl.
677 5609 733 5685 b
749 5610 1009 5687 afflet
1028 5640 1052 5688 a
1075 5616 1210 5689 tuis
1226 5618 1419 5691 danestica
1435 5645 1520 5689 cuu-
1542 5650 1549 5693 ι
1573 5620 1693 5688 subito
1728 5617 1803 5683 rins
1834 5619 2004 5691 doctrina
