4664 6022
141 296 237 417 oto.
572 293 733 374 DECL.
765 289 841 373 DE
872 284 1327 374 CONIUNCTIONE
1359 283 1740 368 SCHOLARUM.
2102 286 2178 367 oto

144 484 327 543 coaeterno
344 468 501 540 Domino
524 484 646 540 nostro
664 466 742 540 lesu
760 464 923 561 Christo,
950 484 984 542 et
998 468 1135 562 Spiritu
1184 463 1438 534 communitate
1470 463 1606 545 vivere,
1650 488 1716 535 nec
1747 464 1968 537 immanitate
1997 461 2179 561 Cyclopea

146 588 280 644 sanctu:
323 574 488 642 miserere
522 571 591 640 mei
622 585 767 663 propter
801 569 917 641 lesum
950 568 1134 643 Christum
1185 567 1418 648 delectemur,
1441 564 1481 634 in
1497 589 1587 658 qua,
1612 581 1653 638 ut
1675 567 1795 660 inquit
1805 560 2020 659 Euripides,
2050 556 2179 638 ἀκούει

146 675 260 744 filium
283 688 405 758 tuum,
437 697 540 765 quem
565 673 709 742 voluisti
732 696 797 763 pro
819 673 923 743 nobis
943 698 1016 744 esse
1032 673 1136 743 victi·
1186 660 1298 740 οὐδὲν
1312 661 1434 747 οὐδεὶς
1448 660 1609 747 οὐδενός.
1659 667 1743 738 Non
1759 668 2047 741 excitet'ambitio
2065 679 2179 738 certa·

148 800 262 859 mam,
287 799 386 864 rege,
411 774 512 857 iuva,
537 798 667 844 renova
689 798 747 843 me
769 772 907 865 Spiritu
927 789 1047 846 sancto
1063 790 1137 858 tuo,
1185 771 1282 838 mina
1305 768 1399 837 inter
1422 769 1584 854 ordines,
1618 782 1679 840 aut
1701 768 1938 857 Professores,
1962 773 2024 841 sed
2051 769 2178 840 cedant

148 899 230 966 rege
249 892 285 948 et
306 900 404 945 serva
427 870 619 944 Ecclesiam
650 889 765 963 tuam,
797 889 832 946 et
862 878 1021 967 politias,
1046 900 1137 971 quae
1185 870 1331 942 utilitati
1346 871 1525 940 communi
1539 871 1697 962 privatae
1711 872 1938 962 cupiditates,
1960 872 2178 943 anteferatur

149 979 318 1071 praebent
334 972 486 1067 hospitia
502 977 721 1047 aerumnosis
731 974 907 1049 Ecclesiis.
948 978 1048 1048 Talis
1063 981 1137 1047 for·
1186 971 1423 1064 tranquillitas
1436 972 1578 1062 publica
1594 973 1740 1064 privatis
1755 974 1949 1049 affectibus.
1974 972 2076 1044 Haec
2089 966 2174 1040 mibi

149 1104 207 1149 ma
222 1078 389 1149 discernit
405 1079 640 1169 precationem
659 1074 895 1148 Christianam
910 1082 956 1150 ab
972 1077 1137 1163 Ethnica,
1186 1073 1355 1164 cogitanti
1386 1087 1491 1166 atque
1514 1075 1672 1165 optanti,
1702 1098 1805 1166 saepe
1829 1077 1868 1144 in
1899 1089 2056 1152 mentem
2082 1072 2173 1143 venit

151 1179 294 1251 Iudaica
312 1194 345 1249 et
363 1178 526 1252 Tunica.
569 1178 622 1249 Ac
638 1203 776 1250 necesse
794 1196 845 1251 est
862 1176 929 1253 hoc
945 1183 1137 1252 discrimen
1187 1175 1403 1245 narrationis
1416 1173 1602 1246 Plinianae
1617 1179 1661 1245 de
1677 1177 1814 1248 duabus
1831 1177 1961 1270 capris:
1989 1196 2170 1273 quaecum

150 1281 313 1371 intelligi,
338 1281 503 1372 proponi,
530 1296 563 1351 et
579 1281 719 1353 assiduo
734 1282 915 1355 inculcari.
963 1283 1036 1355 Nec
1053 1308 1136 1354 vero
1188 1277 1256 1347 sibi
1278 1278 1512 1350 occurrissent
1536 1277 1575 1346 in
1597 1290 1704 1369 ponte
1725 1280 1813 1348 adeo
1835 1294 2003 1369 angusto,
2018 1292 2077 1351 ..nt
2100 1298 2170 1366 spe·

151 1385 227 1454 sine
267 1383 379 1455 literis
420 1395 454 1452 et
491 1383 680 1453 collatione
721 1384 932 1473 opinionum
971 1381 1139 1477 eriplicari
1188 1379 1283 1449 cium
1297 1401 1372 1448 non
1388 1391 1493 1464 esset,
1518 1404 1589 1472 quo
1607 1381 1714 1448 altera
1731 1380 1826 1450 iuxta
1843 1381 1990 1452 alteram
2007 1378 2168 1473 praeteri·

151 1498 274 1577 potest.
327 1483 472 1573 Semper
493 1485 602 1573 igitur
623 1485 661 1553 in
679 1481 836 1554 Ecclesia
850 1484 948 1555 Dens
966 1488 1036 1555 coli
1059 1488 1139 1556 lite·
1190 1493 1255 1563 ret,
1281 1480 1438 1550 mirabili
1453 1481 1633 1550 arteriam
1650 1481 1718 1550 sibi
1734 1483 1903 1553 lecerunt.
1942 1478 2069 1553 Altera
2085 1480 2166 1549 enim

151 1611 207 1656 ras
222 1601 256 1656 et
271 1586 383 1653 bonas
406 1597 498 1654 artes
515 1586 645 1655 voluit:
671 1610 711 1654 ac
727 1611 772 1655 ne
795 1611 939 1677 prorsus
957 1588 1139 1677 extingue·
1190 1594 1403 1670 prostratum
1420 1604 1549 1672 corpus
1565 1582 1602 1650 in
1625 1597 1732 1673 ponte
1750 1583 1797 1653 ita
1814 1585 1981 1668 collocat,
2007 1598 2051 1655 ut
2073 1583 2167 1653 altera

151 1701 277 1757 rentur
307 1684 442 1765 studia,
481 1680 619 1755 scholas
645 1687 801 1758 mirabili
834 1691 941 1759 modo
968 1689 1138 1760 defendit.
1189 1682 1349 1752 insistere
1372 1696 1547 1781 prostrato
1570 1685 1731 1776 corpori,
1764 1698 1798 1756 et
1822 1686 1973 1756 transire
2000 1708 2069 1776 per
2090 1682 2168 1753 illud

152 1788 242 1858 Vult
258 1786 353 1856 enim
368 1808 433 1855 nos
449 1811 571 1857 omnes
592 1788 714 1858 audire
727 1785 920 1859 Ecclesiam
938 1791 1140 1875 doctricem,
1189 1798 1317 1875 Ροδδθῑ·
1368 1781 1485 1854 Multa
1500 1785 1682 1871 incidunt,
1707 1785 1769 1855 ubl
1783 1785 1813 1854 tl
1829 1810 1933 1856 ⁰²m⁰
1949 1787 2056 1859 alleri
2072 1785 2170 1869 cethi,

151 1903 192 1961 ut
206 1888 449 1958 venustissime
465 1888 697 1978 significatum
712 1890 816 1960 estin
831 1889 1012 1962 samsonis
1027 1887 1140 1964 bisto-
1191 1907 1337 1976 magnos
1360 1887 1535 1957 tumultus
1560 1888 1706 1958 existere
1730 1911 1868 1958 necesse
1882 1891 1940 1960 sit.
1992 1888 2170 1960 Haecmo·

152 1993 224 2060 ria:
257 1988 338 2059 Non
360 1989 603 2075 invenissetis,
634 1991 704 2060 nisi
730 1993 840 2062 vitula
865 2017 942 2063 mea
970 1993 1139 2065 arassetis.
1192 2000 1359 2057 nomento
1383 1986 1423 2055 in
1438 1985 1636 2079 Republica
1657 1989 1853 2079 intelligere
1871 2014 1958 2077 nos,
1983 2004 2021 2062 et
2044 1991 2171 2061 frenae

153 2088 186 2163 A
204 2090 336 2183 populo
355 2088 463 2160 lsrael
481 2091 669 2163 didicimus
683 2088 918 2185 Evangelium
941 2094 1035 2168 inter
1054 2119 1142 2184 gen·
1191 2090 1342 2180 impetus
1356 2102 1495 2158 nostros
1509 2093 1619 2164 dccet.
1657 2087 1731 2162 Alii
1746 2106 1890 2184 propter
1903 2116 1994 2184 opus
2010 2117 2051 2162 ac
2066 2088 2170 2163 hono·

154 2207 207 2264 tes
224 2216 382 2283 sparsum
405 2215 469 2283 per
484 2194 686 2285 Apostolos.
744 2191 798 2265 lta
818 2196 983 2289 deinceps
1004 2220 1142 2289 semper
1191 2213 1264 2275 res,
1287 2189 1349 2259 alii
1365 2205 1507 2281 propter
1521 2194 1675 2282 partium
1690 2194 1807 2263 studia
1823 2193 2007 2267 interdum
2029 2194 2170 2265 efferun-

154 2296 193 2363 iu
212 2290 368 2364 Ecclesia
391 2290 490 2363 Deus
505 2296 643 2388 aliquos
665 2297 826 2367 doctores
845 2299 962 2384 dedit,
984 2312 1018 2370 et
1041 2299 1142 2370 testi·
1191 2306 1267 2362 tur:
1300 2291 1364 2362 ubi
1379 2293 1491 2364 multo
1514 2293 1644 2364 rectius
1657 2305 1732 2363 erat
1754 2317 1828 2364 sese
1848 2296 2068 2386 reprimere,
2090 2308 2122 2367 et
2136 2304 2170 2363 td
2212 2356 2214 2377 .

153 2394 274 2465 monia
315 2418 399 2463 suae
435 2398 628 2467 sententiae
663 2413 828 2489 perpetua
867 2414 983 2470 extare
1018 2402 1141 2471 voluit.
1193 2394 1274 2462 illoc
1295 2393 1448 2484 capellae
1472 2394 1615 2466 inferte
1637 2399 1784 2477 cedunt,
1810 2393 2165 2469 m⁰deroli⁰nefflilt¹i
2208 2388 2214 2443 i

155 2494 276 2584 Quare
291 2511 324 2566 et
341 2496 517 2587 principes
540 2512 575 2568 et
596 2501 832 2590 respublicae,
857 2513 891 2570 et
907 2525 972 2570 nos
996 2502 1064 2593 ipsi
1080 2502 1141 2594 qui
1192 2518 1316 2564 sonere
1341 2494 1565 2569 offensiones.
1623 2494 1721 2568 Haec
1749 2496 1781 2566 si
1810 2498 2022 2586 fecerimus,
2054 2495 2168 2570 favebit

154 2621 303 2668 munere
315 2598 467 2667 docendi
479 2599 671 2688 fungimur,
693 2613 884 2671 statuamus
897 2598 964 2673 hoc
979 2603 1141 2673 omnium
1193 2596 1289 2666 Dens
1313 2591 1452 2665 scholae
1479 2613 1512 2666 et
1536 2598 1663 2667 studiis
1686 2599 1827 2668 nostris.
1886 2599 1978 2669 Nam
2005 2615 2169 2694 utrunque

154 2693 392 2769 bumanorum
427 2723 574 2789 operum
607 2725 785 2771 summum
819 2726 910 2788 esse,
941 2705 1141 2774 studiorum
1194 2698 1364 2788 postulat,
1395 2698 1560 2769 videlicet
1591 2701 1694 2769 fidem
1723 2700 1763 2767 in
1787 2701 1949 2771 faciendo
1981 2703 2169 2787 officio,et

156 2801 458 2871 conservationem
476 2815 510 2873 et
532 2803 837 2892 propagationem:
866 2817 898 2873 et
913 2829 977 2875 sun
994 2806 1143 2898 quisque
1194 2821 1313 2867 eurem
1348 2800 1497 2868 tuendae
1531 2802 1749 2873 concordiae.
1803 2800 1855 2873 Ac
1879 2802 2030 2898 utrique
2065 2801 2172 2877 virtuti

127 2918 129 2924 '
155 2902 235 2971 loco
259 2901 461 2981 annitatur,
492 2916 532 2971 ut
561 2901 700 2972 scholae
731 2904 881 2974 floreant
903 2921 937 2975 et
959 2922 1143 2980 ornentur.
1193 2898 1367 2991 promittit
1385 2898 1539 2989 ingentio
1558 2903 1721 2991 proemio.
1776 2902 1997 2976 Meministis
2013 2908 2170 2999 enimpa·

156 3001 488 3091 lngratitudoenim
507 3004 656 3072 maxime
672 3000 962 3096 reprehendenda
976 3022 1037 3090 est,
1064 3033 1143 3078 cum
1193 3000 1350 3069 rcbOlam
1372 2994 1578 3091 Evangelii,
1612 3005 1676 3073 ubi
1697 3004 1820 3077 laudet
1840 3002 2165 3089 Chrl⁸lu⁸³setmr

156 3100 253 3174 Deus
267 3103 436 3172 immensa
453 3104 669 3193 benignitate
689 3120 723 3176 et
739 3107 977 3178 misericordia
992 3134 1028 3178 se
1045 3123 1139 3202 pate·
1194 3101 1257 3195 qni
1279 3102 1448 3172 talentum
1468 3104 1559 3173 bene
1584 3105 1825 3181 collocaverat.
1882 3104 1931 3179 Et
1954 3106 2166 3181 Psalmusdt

156 3204 296 3284 fecerit,
321 3205 486 3274 etesinu
509 3230 671 3276 arcanam
688 3211 906 3280 voluntatem
923 3234 1022 3280 suam
1040 3212 1144 3280 nobis
1195 3203 1385 3273 concordie
1422 3204 1558 3297 inquit:
1593 3204 1648 3276 lbi
1683 3206 1968 3279 benedictionem
2005 3207 2172 3283 mandevit

157 3306 196 3375 in
223 3301 278 3375 his
310 3307 549 3376 monumentis
581 3308 744 3378 literariis
770 3311 871 3402 qnasi
903 3314 1141 3402 consignatam
1194 3304 1386 3378 Dominus·
1419 3303 1516 3393 Quid
1530 3309 1625 3402 qnod
1641 3303 1804 3380 Christus
1817 3310 1941 3380 laveno
1954 3315 2070 3403 pedes
2084 3310 2174 3384 disci·
2212 3378 2214 3397 ,

156 3408 362 3492 tradiderit,
404 3422 444 3478 ut
468 3409 571 3477 nobis
601 3433 662 3499 per
693 3406 784 3481 hanc
815 3413 925 3502 ipsam
954 3438 1073 3483 vocem
1109 3427 1142 3482 et
1194 3407 1379 3497 pulcrum,
1405 3406 1504 3478 iubet
1523 3432 1588 3479 nos
1610 3412 1808 3501 exemplum
1831 3412 1994 3483 imitari?
2033 3413 2118 3487 Non
2136 3424 2176 3482 etl

156 3504 243 3579 haec
262 3509 461 3579 testimonia
480 3510 655 3598 impertiat
676 3528 816 3582 aeterna
833 3498 944 3595 bona,
968 3515 1144 3604 negligere
1193 3506 1363 3592 servitus,
1394 3510 1454 3578 sed
1477 3510 1588 3581 virtus
1609 3508 1684 3580 Deo
1712 3526 1828 3601 gratos
1858 3514 2013 3586 lolerore
2032 3518 2176 3610 privet&

158 3626 193 3681 et
213 3610 393 3701 aspernari
415 3624 549 3681 tantam
565 3608 633 3680 Dei
656 3636 735 3701 erga
758 3638 823 3683 nos
844 3615 1089 3687 liberalitatem
1110 3631 1144 3686 et
1194 3607 1363 3694 iniurias,
1395 3634 1544 3702 quornm
1569 3613 1730 3702 depulsio
1760 3627 1863 3684 nocet
1892 3617 2065 3706 publicae
2092 3633 2176 3690 tran-

157 3725 256 3782 tanta
270 3735 428 3781 munera.
479 3708 637 3800 Agamus
651 3711 727 3783 Deo
741 3714 886 3802 gratias,
910 3718 1004 3809 quod
1021 3741 1144 3786 accen.
1194 3709 1373 3804 quillitati.
1417 3709 1631 3782 Haecnobis
1648 3714 1716 3804 ipsi
1732 3715 1963 3802 inculcemus,
1988 3733 2025 3791 et
2042 3716 2177 3790 adhaec

159 3812 253 3883 derit
275 3812 505 3883 illustrissimi
527 3810 701 3903 Principis
722 3831 861 3906 pectus,
891 3829 934 3887 ut
958 3818 1042 3890 velit
1063 3840 1144 3888 suas
1194 3835 1276 3882 vero
1292 3824 1326 3881 et
1351 3806 1595 3904 philosophico
1615 3815 1729 3885 officio
1753 3820 1987 3911 nosqoodom
2002 3818 2178 3912 diligentie

157 3910 333 3985 Ecclesias
350 3914 406 4004 pie
418 3914 536 3984 doceri
559 3927 593 3983 et
608 3927 701 3983 recte
716 3916 810 4006 regi,
836 3929 871 3986 et
891 3919 1006 3989 studia
1023 3919 1143 3991 litera·
1194 3913 1484 3999 assuefaciamus,
1505 3914 1542 3983 in
1558 3940 1627 4008 qua
1642 3913 1758 3987 Deum
1773 3919 1997 4009 intueamur,
2022 3924 2092 4018 qui
2107 3944 2178 4015 pro-

159 4040 239 4086 rum
261 4013 414 4086 excitari.
463 4011 553 4085 Eius
569 4015 729 4105 exemplo
745 4030 779 4087 et
798 4012 904 4089 huius
919 4019 1018 4089 urbis
1033 4019 1145 4092 Sena·
1193 4029 1272 4106 pter
1296 4011 1388 4085 hanc
1410 4017 1688 4087 moderationem
1711 4020 1821 4110 magis
1845 4021 1982 4093 fovebit
2005 4019 2178 4096 Sebolsn.

159 4131 216 4187 tus
231 4117 487 4206 amplissimus,
512 4114 738 4186 Academiam
761 4120 914 4211 benigne
934 4123 1143 4213 complecta·
1194 4115 1433 4188 Subiiciamus
1448 4131 1483 4187 et
1494 4119 1597 4187 nobis
1613 4119 1698 4210 ipsis
1713 4135 1747 4191 et
1761 4123 1841 4191 aliis
1863 4123 1962 4212 (narn
1976 4125 2058 4197 sive
2072 4122 2179 4198 botni-

159 4235 218 4291 tur
250 4232 283 4288 et
311 4219 444 4296 foveat,
481 4242 570 4309 quae
600 4219 736 4288 etiamsi
765 4222 876 4293 multa
903 4217 1010 4293 habet
1038 4248 1144 4293 orna·
1194 4241 1257 4287 nes
1272 4233 1493 4299 moveantur,
1518 4221 1666 4290 dicenda
1681 4237 1732 4294 est
1748 4224 1888 4308 veritas,
1912 4241 1953 4298 ut
1968 4229 2180 4321 amplecten-

159 4332 293 4389 menta:
326 4333 442 4388 tamen
470 4319 500 4386 si
531 4343 613 4388 vere
638 4320 831 4406 iudicetur,
865 4323 1003 4393 nullum
1039 4319 1145 4396 babet
1194 4333 1246 4389 tes
1265 4315 1377 4404 hanc,
1404 4320 1540 4391 vivant:
1566 4324 1790 4393 mendacium
1812 4326 1907 4394 enim
1931 4352 2035 4398 mors
2062 4345 2131 4416 est,
2150 4339 2181 4398 el

159 4422 273 4492 maius
296 4446 336 4491 ac
353 4419 509 4489 divinius
530 4415 594 4490 hac
611 4422 792 4492 doctrinae
813 4426 1040 4515 possessione.
1091 4424 1145 4496 Ac
1195 4415 1302 4491 huius
1322 4435 1421 4513 pater
1444 4445 1581 4513 semper
1604 4419 1782 4497 homicida
1808 4428 1893 4498 fuit:
1927 4451 1993 4501 seu
2015 4452 2187 4502 nouare·-

159 4548 280 4594 revera
304 4548 342 4592 ea
366 4523 509 4590 demum
530 4521 665 4610 integra
688 4524 809 4595 civitas
834 4527 1062 4597 existimanda
1083 4540 1145 4611 est,
1193 4525 1410 4615 plectantur,
1445 4537 1484 4593 ut
1514 4538 1605 4595 extet
1635 4527 1878 4598 testimoninm
1911 4530 2182 4604 inemendabilis

161 4627 198 4694 in
220 4648 288 4717 qna
310 4627 354 4693 ad
379 4623 562 4714 politicum
583 4625 745 4693 ordinem
761 4629 893 4698 accedit
911 4625 979 4699 Dei
1001 4629 1145 4715 noticia,
1194 4620 1451 4720 improbitatis)
1467 4621 1553 4695 baec
1566 4627 1676 4716 igitur
1691 4653 1771 4699 cum
1787 4631 1910 4717 nobis,
1935 4644 2016 4703 tum
2034 4635 2118 4705 aliis
2131 4632 2181 4703 in-

159 4741 195 4797 et
215 4728 365 4796 aliarum
387 4721 613 4795 honestarum
638 4725 767 4796 artium
792 4728 956 4819 cognitio.
1008 4730 1078 4801 Sed
1104 4742 1146 4800 ut
1194 4729 1391 4812 culcemus,
1418 4722 1554 4798 scholas
1570 4753 1642 4798 esse
1661 4733 1872 4801 necessarias
1887 4733 1932 4802 ad
1949 4734 2115 4825 pietatis,
2131 4756 2181 4806 re·

159 4823 244 4896 baec
262 4826 431 4917 possessio
447 4827 492 4896 sit
514 4826 702 4912 diuturna,
727 4828 764 4897 id
780 4831 962 4924 aliquaex
987 4832 1142 4921 partein
1194 4830 1357 4918 ligionis,
1382 4842 1493 4900 status
1514 4830 1648 4915 civilis,
1672 4834 1883 4903 domesticae
1905 4835 2016 4908 etiam
2033 4833 2182 4909 admini-

159 4928 264 4998 nobis
278 4929 382 4999 etiam
397 4929 504 4996 situm
521 4943 584 4999 est.
624 4927 705 4999 Sint
721 4927 931 5002 Academiae
944 4934 1144 5004 Aristocra·
1194 4931 1375 5003 strationis
1396 4932 1709 5001 conservationem.
1760 4932 1863 5023 Quae
1878 4948 1954 5006 erat
1969 4940 2071 5009 enirn
2087 4940 2182 5010 obte-

159 5030 239 5113 tiae‚
265 5044 303 5099 ut
320 5029 447 5097 alveoli
464 5052 582 5117 apum,
605 5053 706 5100 suum
721 5033 870 5126 quisque
883 5035 1037 5103 officium
1052 5049 1144 5105 recte
1194 5058 1255 5104 cro
1277 5035 1391 5102 forma
1412 5034 1531 5102 futura
1562 5058 1771 5124 regnorum,
1797 5051 1858 5106 ant
1878 5037 2089 5125 civitatum,
2112 5040 2182 5110 sine

159 5130 277 5213 faciat,
310 5133 494 5198 doceamus
517 5131 636 5212 utilia,
668 5133 890 5204 conferamus
913 5158 1036 5225 operas
1059 5160 1142 5205 can·
1195 5135 1395 5205 eruditione
1415 5148 1450 5203 et
1472 5138 1633 5207 doctrina
1660 5137 1867 5208 literarum?
1899 5134 2003 5210 Nihil
2027 5152 2182 5235 opusetl

158 5233 259 5312 dide,
294 5231 455 5300 iuvemus
485 5232 693 5318 inter-nos,
726 5249 888 5307 tueamur
920 5260 1143 5307 communem
1194 5236 1515 5324 argumentatione,
1552 5239 1761 5329 aspiciamus
1789 5263 1828 5309 ea
1858 5240 1958 5326 loca,
1991 5242 2034 5313 in
2059 5244 2181 5339 quitus

158 5333 382 5402 concordiam
415 5336 565 5425 quadam
606 5330 849 5427 philosophica
889 5339 1143 5413 moderatione.
1193 5339 1372 5408 domicilia
1393 5338 1591 5409 studiorum
1602 5341 1786 5431 quondam
1801 5342 1967 5426 fuerunt,
1992 5346 2059 5416 ubi
2080 5344 2182 5416 eolle-

157 5433 360 5525 Cogite'mus
384 5458 449 5503 nos
472 5434 509 5502 in
533 5430 735 5508 Christiana
759 5451 820 5508 ant
841 5438 963 5509 saltem
990 5436 1143 5511 bumana
1193 5441 1249 5531 gia
1265 5443 1440 5535 quaedam
1462 5464 1559 5510 nunc
1580 5441 1682 5512 etiam
1708 5442 1791 5511 illos
1814 5438 2046 5519 scholasticos
2066 5446 2177 5520 ocutos
