4664 6022
248 288 299 364 2³
599 375 601 382 y
655 285 815 368 DECL.
848 286 923 400 DE
957 224 1374 365 CORlllGENDlS
1406 286 1574 368 ADOL.
1608 287 1882 365 suuults‘.
2223 292 2279 369 et

254 462 338 556 quid
361 462 456 548 non,
488 462 629 553 plenius
651 487 691 533 ac
711 462 838 534 melius
851 459 1052 559 Chrysippo
1074 476 1108 535 et
1127 462 1242 536 Cran-
1293 466 1332 534 in
1352 462 1467 534 vineis
1489 457 1655 553 Engaddi
1680 486 1847 557 cyperum
1876 462 2084 553 legerimus,
2117 478 2284 535 occurret

254 579 330 635 tore
348 565 444 636 dicit.
494 563 571 634 Hac
585 565 684 634 nulla
707 566 800 635 vitae
821 590 921 658 pars,
946 558 1061 660 neque
1085 569 1242 659 publica,
1292 590 1441 659 sponsus
1458 566 1587 635 saliens
1603 590 1713 657 super·
1724 579 1874 646 montes,
1892 579 1926 636 et
1937 559 2157 636 transsiliens
2175 590 2284 659 super

253 691 371 760 neque
387 667 524 759 privata
544 691 668 736 vacare
685 681 809 758 potest.
860 666 955 738 Huic
981 669 1241 743 administratio
1292 670 1418 758 colles,
1445 669 1570 738 ductos
1586 669 1624 735 in
1645 666 1781 738 Palatia
1801 665 1904 737 Eden
1920 681 2017 773 putta
2043 670 2156 750 mm
2173 678 2281 739 succo

255 792 374 840 rerum
406 770 624 838 urbanarum
646 770 989 865 domesticarumque
1013 773 1129 844 debet.
1188 769 1242 841 Ac
1293 766 1480 866 liquido¹),
1495 771 1677 860 flagrante,
1689 769 1727 837 in
1744 765 1860 864 pios²)
1880 773 2019 840 animos
2033 773 2207 841 diflueute
2224 771 2284 839 in·

255 871 373 941 nescio
390 895 435 939 an
452 871 589 939 minore
610 872 838 944 incommodo
862 875 1017 942 mundus
1040 869 1100 945 hic
1121 888 1242 944 noster
1292 887 1417 963 unget,
1441 897 1481 941 ac
1502 887 1616 942 morte
1640 872 1752 941 osculi
1776 873 1994 961 dignabitur.
2047 872 2150 943 Illius
2168 898 2283 941 mem-

256 974 349 1057 sole,
375 973 495 1043 animo
512 973 751 1055 videlicetsuo
775 976 948 1045 cariturus
965 976 1027 1059 sit,
1054 1000 1158 1069 quam
1182 971 1242 1044 hi·
1293 976 1366 1045 bris
1399 975 1524 1044 inserti
1558 975 1735 1058 vivemus,
1765 974 1996 1065 spirabimus,
2030 975 2284 1065 vegetabimur,

256 1075 383 1161 storia,
409 1075 566 1144 civilium
583 1076 811 1165 negociorum
826 1077 928 1150 ratio.
966 1075 1150 1146 Consensu
1167 1102 1242 1147 ma·
1293 1077 1382 1147 Sion
1397 1076 1693 1167 contemplantes,
1727 1089 1761 1146 et
1778 1077 1919 1145 silentio
1932 1070 2205 1172 κρυφιομύστῳ
2217 1075 2283 1145 Sa·

256 1177 373 1248 iorum
398 1191 601 1246 nostrorum
624 1179 837 1248 celebratum
860 1192 926 1259 est,
960 1177 1083 1248 Musas
1103 1203 1143 1248 ex
1166 1204 1242 1249 me-
1293 1180 1362 1247 lem
1385 1181 1582 1249 adorantes.
1642 1175 1712 1246 Hic
1741 1179 1898 1248 coelestis
1921 1179 2116 1271 sapientiae
2143 1179 2282 1248 fructus

200 1299 206 1320 ⁹
257 1279 371 1349 moria
386 1293 486 1349 natas
501 1302 586 1352 esse.
637 1277 711 1364 Eo,
738 1281 778 1348 ni
792 1281 913 1366 fallor,
930 1282 1240 1371 significatum‚ex
1293 1294 1354 1355 est.
1406 1278 1494 1350 Eam
1513 1281 1623 1370 igitur
1637 1304 1743 1372 quam
1761 1281 1948 1371 purissime
1972 1302 2047 1349 non
2070 1280 2283 1373 interpolla-

256 1376 404 1453 historia
419 1403 525 1449 omne
540 1381 669 1451 artium
685 1405 794 1472 genus
810 1376 965 1456 manare.
1016 1382 1244 1474 Complector
1293 1397 1364 1451 tam
1381 1383 1512 1453 nostris
1536 1382 1682 1471 argutiis
1702 1382 1870 1454 colamus.
1923 1381 1962 1452 ld
1990 1384 2190 1476 quodcum
2215 1383 2283 1451 ali-

257 1505 341 1573 ergo
353 1478 608 1575 Philosophiae
625 1486 768 1555 nomine
783 1477 963 1555 scientiam
981 1499 1143 1570 naturae,
1165 1512 1242 1556 mo·
1294 1485 1430 1578 quoties
1454 1485 1607 1554 inculcat
1626 1481 1779 1568 Paulus,
1805 1500 1881 1554 tum
1904 1485 1942 1552 in
1967 1481 2128 1576 Epistola
2152 1487 2196 1553 ad
2216 1482 2283 1553 Ti-

258 1608 338 1655 rum
351 1588 526 1667 rationes,
554 1600 588 1658 et
603 1589 771 1679 exempla.
824 1587 965 1676 Quibus
981 1589 1042 1680 qui
1061 1603 1152 1657 recte
1175 1589 1243 1655 im·
1294 1584 1368 1656 tum
1391 1588 1514 1655 sedulo
1540 1610 1559 1654 a
1581 1581 1776 1685 Christiani
1801 1582 1958 1654 bominis
1978 1588 2140 1658 doctrina
2162 1585 2284 1674 exigit,

257 1688 364 1759 butus
396 1687 523 1772 fuerit,
557 1690 619 1758 ille
641 1687 732 1759 viam
758 1689 827 1758 sibi
858 1691 902 1759 ad
934 1712 1073 1760 summa
1101 1690 1242 1758 muniit.
1294 1683 1556 1784 ἀδιαφθορίαν
1577 1688 1831 1775 integritatem,
1867 1684 1934 1758 hoc
1963 1702 2036 1773 cst,
2066 1713 2111 1758 ne
2143 1687 2283 1759 lubrica

257 1787 388 1861 Causas
411 1805 552 1861 acturus
577 1786 722 1863 habebit
751 1794 847 1861 unde
876 1791 1022 1861 divitem
1053 1816 1171 1860 rerum
1203 1816 1243 1859 ac
1293 1791 1338 1859 sit
1356 1791 1451 1860 fides.
1504 1787 1642 1860 Deinde
1659 1782 1865 1882 σεμνότητα
1883 1784 2203 1871 mundiciem,hoc
2220 1804 2283 1875 est,

258 1892 411 1985 amplam
430 1893 627 1963 orationem
640 1895 784 1964 condat:
809 1892 998 1964 Civitatem
1017 1895 1242 1962 administra·
1295 1916 1340 1961 ne
1367 1892 1493 1961 alienis
1519 1891 1632 1961 literis
1667 1892 1827 1982 improbe
1859 1915 1955 1961 sacra
1985 1893 2279 1967 contaminemus.

258 2007 380 2076 turus,
412 1997 509 2064 unde
528 1995 647 2088 aequi,
680 1996 785 2076 boni,
817 1997 902 2065 iusti
932 1997 1103 2065 formulas
1137 1987 1241 2086 petat.
1295 1991 1440 2084 Opinor
1455 1994 1549 2086 quod
1567 1995 1728 2062 futurum
1749 1993 1879 2064 sciebat
1888 2046 1901 2078 ,
1926 1996 1955 2063 si
1972 1994 2079 2063 sacris
2096 1989 2284 2084 prophana

259 2093 438 2168 Nimirum
456 2093 1242 2188 haecPhilosophiaecommodaDemostheni
1296 2097 1665 2180 miscerentur‚'fore,
1702 2108 1742 2164 ut
1773 2097 1880 2164 simul
1913 2091 2090 2188 prophani
2123 2095 2281 2181 affectus,

261 2198 454 2268 clarissimo
484 2195 632 2268 Oratori
660 2201 734 2267 visa
757 2200 858 2284 sunt,
899 2215 1056 2269 curtam
1085 2213 1244 2269 accurate
1295 2199 1395 2281 odia,
1421 2198 1536 2268 studia
1567 2197 1780 2281 factionum,
1805 2193 2009 2282 schismata,
2032 2199 2166 2288 iurgia,
2198 2223 2285 2268 con·

260 2324 335 2369 eam
352 2301 570 2371 adulescenti
587 2302 727 2369 cuidam
749 2302 1024 2370 commendarit:
1044 2294 1173 2394 νόμιζε
1192 2295 1242 2373 δέ.
1294 2300 1412 2368 fertim
1436 2300 1673 2371 succederent.
1727 2297 1883 2368 Proinde
1906 2301 1968 2393 qui
1992 2301 2124 2369 divinis
2146 2301 2286 2371 initiari

257 2397 411 2495 Reliqua
428 2403 495 2494 ipsi
508 2398 700 2473 inErotico
716 2403 831 2492 legite.
872 2398 1053 2473 M.Cicero
1068 2426 1243 2497 nusquam
1296 2402 1407 2485 volet,
1436 2397 1551 2470 Adam
1570 2400 1673 2468 illum
1690 2415 1842 2474 veterem
1859 2416 1963 2472 exuat
1983 2416 2142 2493 oportet,
2169 2415 2211 2472 ut
2226 2403 2283 2471 in-

257 2526 331 2573 non
358 2499 457 2573 dedit
478 2498 730 2596 Philosophiae
754 2505 906 2597 primas,
941 2519 975 2575 et
997 2505 1144 2575 audistis
1167 2503 1245 2595 opi·
1297 2503 1565 2595 corruptibilem
1589 2500 1705 2570 Adam
1735 2503 1881 2589 induat,
1915 2499 2072 2589 bocest,
2106 2501 2283 2574 humanos

259 2629 357 2688 nor,¹
372 2605 460 2698 quid
475 2606 536 2675 ille
552 2606 592 2674 in
607 2608 872 2698 comparatione
882 2606 996 2678 Servii
1014 2606 1185 2699 Sulpicii,
1209 2619 1245 2675 et
1296 2607 1459 2690 affectus,
1486 2605 1672 2697 ipsumque
1687 2605 1808 2674 callidi
1822 2607 1994 2697 serpentis
2010 2606 2132 2694 iugum
2155 2630 2287 2697 supera

165 2706 169 2713 ⁴
259 2703 306 2795 Q
327 2705 494 2778 Scevolae
518 2705 707 2803 Iuriscons.
730 2712 907 2802 quendam
943 2701 1066 2805 σοφόν
1084 2707 1242 2780 'Romani
1287 2708 1427 2776 airtute
1454 2708 1610 2795 frangat,
1644 2710 1821 2793 excutiat,
1848 2721 1889 2777 ut
1921 2709 1959 2776 in
1994 2708 2106 2797 gloria
2134 2707 2283 2777 Domini

258 2809 573 2899 cognominarunt,
598 2810 764 2881 admirati
787 2800 932 2881 uberem
957 2813 994 2880 in
1017 2835 1057 2880 eo
1078 2806 1244 2880 Philoso-
1296 2810 1568 2880 transformetur
1583 2809 1621 2876 in
1636 2811 1799 2902 abyssum
1821 2812 1979 2903 abyssus.
2031 2807 2111 2878 Hoc
2134 2833 2220 2880 sane
2244 2811 2284 2879 in

258 2906 445 3003 phicarum
461 2936 579 2982 rerum
595 2913 789 2983 scientiam.
841 2912 976 2984 Verum
1000 2904 1095 3006 quod
1120 2915 1164 2982 ad
1188 2936 1245 2980 sa·
1295 2935 1397 2980 causa
1421 2910 1497 2981 er'at
1519 2934 1582 2980 cur
1604 2911 1756 2983 dicerem
1778 2936 1844 2980 usu
1869 2912 2052 2983 literarum
2077 2913 2282 2982 destitutam

260 3036 318 3082 cra
343 3013 487 3100 attinet,
521 3014 716 3104 plurimum
742 3016 846 3084 refert
879 3018 1056 3107 quomodo
1083 3015 1242 3085 animum
1295 3009 1506 3097 Ecclesiam,
1525 3036 1644 3080 veram
1662 3037 1701 3081 ac
1717 3037 1919 3100 germanam
1934 3014 2099 3105 pietatem
2116 3015 2283 3084 traditio·

260 3137 451 3205 compares.
502 3115 594 3187 Nam
610 3117 639 3184 si
654 3119 749 3210 quod
768 3118 967 3188 studiorum
992 3141 1124 3208 genus,
1146 3141 1243 3187 saera
1294 3116 1400 3185 nibus
1417 3109 1583 3184 humanis
1600 3115 1732 3184 alicubi
1748 3130 1912 3187 mutasse.
1955 3114 2149 3209 Postquam
2164 3111 2283 3185 honsi-

259 3217 416 3307 profecto
447 3219 861 3310 potissimum‘ingenio,
892 3244 960 3290 usu
982 3233 1016 3289 et
1039 3244 1125 3289 cure
1155 3241 1244 3312 opus
1294 3241 1380 3288 num
1398 3230 1595 3287 commenta
1610 3218 1746 3307 placere
1770 3231 1978 3309 coeperunt,
2005 3231 2039 3288 et
2076 3241 2174 3287 more
2198 3242 2282 3310 ope·

259 3312 402 3391 babent.
453 3317 518 3392 Est
532 3321 627 3390 enim
644 3324 734 3391 odor
749 3337 1013 3410 unguentorum
1030 3322 1167 3391 domini
1185 3345 1244 3390 su·
1295 3344 1374 3390 rum
1391 3333 1594 3390 nostrorum
1610 3319 1711 3399 victi,
1738 3345 1802 3411 pro
1825 3345 1954 3388 manna
1974 3243 2197 3410 Beelhhcgor
2217 3343 2281 3410 gu-

258 3443 322 3511 per
355 3416 590 3492 humanarum
623 3423 892 3515 disciplinarum
927 3438 1101 3494 aromata:
1142 3425 1244 3493 Duce
1293 3415 2281 3514 stavimus,hominesnonyptoros'essecoepimus.Haec

259 3520 415 3612 Spiritu,
443 3525 570 3594 comite
594 3524 723 3594 artium
749 3538 949 3596 nostrarum
973 3527 1089 3610 cultu,
1117 3526 1160 3594 ad
1188 3548 1243 3594 sa·
1294 3525 1401 3593 velim
1421 3523 1470 3593 ita
1485 3524 1600 3592 dicere
1619 3525 1756 3609 videar,
1781 3536 1822 3593 ut
1838 3525 1962 3593 sentio.
2015 3523 2139 3594 Sentio
2164 3539 2282 3596 autem

259 3645 316 3691 cra
333 3626 453 3692 venire
475 3626 570 3694 lieet.
621 3624 723 3695 Sicut
739 3627 783 3694 ad
798 3624 1056 3697 Herculianum
1073 3626 1242 3720 Synesius
1295 3624 1558 3694 omninoaliud
1581 3621 1691 3708 nihil,
1717 3650 1823 3717 quarn
1848 3623 2196 3719 quodEvangelicae
2221 3650 2283 3696 ve-

258 3725 398 3796 scribit:
425 3722 638 3820 ἒῤῥωμένως
653 3721 832 3819 εὐθυμῶς
844 3719 1025 3821 διαβιώης
1038 3724 1243 3822 φιλοσοφία
1295 3727 1392 3798 ritati
1412 3724 1589 3797 Ecclesiae
1610 3728 1759 3796 decretis
1792 3730 1980 3819 probatur,
2019 3729 2155 3819 eritque
2190 3723 2283 3797 mihi

255 3819 449 3922 χρώμενος
479 3827 515 3908 ἐς
540 3823 583 3900 τὸ
613 3827 723 3900 θεῖον
754 3823 1006 3927 ποληγετούση
1034 3823 1242 3928 ἀξιαγάστε.
1294 3830 1389 3924 quod
1404 3826 1558 3898 Hebraei
1574 3828 1698 3899 dicunt
1723 3843 1844 3909 lnam
1870 3844 2016 3912 mmm
2040 3826 2174 3924 ΜΨ).
2208 3827 2283 3899 lam

258 3923 300 3998 td
324 3930 353 3997 si
376 3930 433 4019 cui
457 3953 532 3999 uon
557 3931 716 4014 videtur,
740 3933 868 4021 cogitet
892 3947 1030 4024 praeter
1050 3947 1185 4003 caetere
1209 3947 1243 4004 et
1294 3956 1338 4001 ne
1352 3931 1500 4002 obscure
1515 3930 1733 4020 intelligitis,
1756 3946 1927 4025 quantum
1944 3936 1989 4003 sit
2012 3932 2051 4001 in
2067 3933 2284 4003 renascenti·

258 4025 494 4109 oretchalcum
519 4057 537 4101 a
557 4031 678 4124 Tyriis
705 4032 742 4100 in
766 4034 888 4121 templi
912 4034 1049 4128 Solymi
1072 4035 1241 4104 fabricam
1294 4035 1361 4103 bus
1377 4033 1504 4104 studiis
1520 4035 1711 4114 momenti,
1737 4048 1909 4127 quantum
1927 4038 1970 4104 ad
1991 4036 2200 4104 excolendas
2215 4035 2282 4104 bo·

258 4132 426 4203 collatum
442 4157 527 4204 esse.
579 4131 798 4227 ltaquecum
810 4131 1007 4229 Theolqgia
1026 4138 1153 4226 partim
1167 4134 1241 4206 He·
1294 4160 1359 4206 nas
1387 4148 1523 4206 mentes
1553 4137 1778 4205 conducant?
1830 4136 1946 4226 Quem
1977 4162 2052 4206 non
2079 4137 2283 4207 miserescat

257 4232 393 4318 braica,
418 4236 548 4327 partim
565 4233 702 4308 Graeca
720 4237 784 4323 sit,
812 4262 894 4307 nam
909 4237 1029 4308 Latini
1048 4240 1143 4308 rivos
1158 4240 1242 4309 illo·
1292 4237 1484 4330 superioris
1499 4238 1639 4322 aetatis,
1664 4262 1754 4332 quae
1778 4251 1850 4310 tam
1868 4240 1960 4308 clara
1979 4239 2057 4309 luce
2082 4239 2282 4309 studiorum

257 4358 338 4419 rum
368 4336 544 4422 bibimus,
577 4339 719 4427 linguae
748 4352 911 4434 externae
931 4342 1118 4411 discendae
1146 4356 1242 4428 sunt,
1293 4342 1449 4425 deserta,
1475 4339 1604 4409 inorci
1620 4341 1799 4422 tenebras,
1824 4355 1857 4411 et
1872 4343 1991 4411 nescio
2006 4364 2093 4434 quas
2105 4341 2220 4410 faeces
2236 4341 2283 4410 li-

257 4459 302 4506 ne
330 4438 439 4509 veluti
465 4435 576 4536 κωφὰ
597 4433 800 4533 πρόσωπα,
835 4467 915 4513 cum
942 4439 1135 4533 Theologis
1159 4440 1245 4534 aga-'
1293 4455 1447 4512 terarum
1466 4440 1616 4510 incidit?
1667 4440 1783 4531 Quem
1800 4467 1871 4512 non
1888 4456 2006 4534 tangat
2025 4445 2149 4532 ingens
2166 4443 2283 4514 nostri

256 4562 347 4612 mus.
400 4537 456 4610 Ibi
485 4566 521 4627 se
546 4543 717 4635 splendor
748 4544 937 4613 verborum
972 4569 1011 4615 ac
1044 4547 1242 4638 proprietas
1293 4545 1402 4614 seculi
1421 4543 1618 4626 calamitas,
1641 4548 1734 4636 quod
1754 4560 1787 4615 et
1809 4546 1955 4615 vetustis
1977 4541 2190 4615 authoribus
2214 4569 2283 4614 no-

256 4643 408 4731 speriet,
435 4658 469 4715 et
493 4658 644 4735 patescet
660 4646 756 4714 velut
780 4647 872 4717 intra
890 4647 1086 4718 meridiana
1109 4649 1239 4718 cubilia
1292 4645 1454 4717 stratium
1484 4645 1622 4714 incuria
1653 4649 1817 4717 orbatum
1844 4662 1915 4733 est,
1949 4648 2078 4717 deinde
2112 4649 2209 4741 quod
2242 4642 2283 4717 hi

257 4766 362 4811 verus
389 4746 449 4814 ille
479 4770 518 4814 ac
548 4747 724 4836 genuinus
746 4747 868 4818 literae
891 4772 1023 4822 sensus.
1074 4749 1239 4819 Proxime
1293 4772 1434 4841 quoque
1454 4748 1545 4818 lucri
1567 4748 1728 4818 fecissent
1744 4773 1784 4817 ex
1807 4749 1930 4834 bonis,
1956 4750 1995 4818 ni
2010 4750 2199 4840 periissent
2224 4749 2280 4819 illi

256 4845 492 4915 cumliteram
511 4849 746 4938 percepimus,
771 4875 961 4944 sequemur
981 4848 1166 4922 elenchum
1184 4876 1240 4922 re·
1290 4849 1491 4921 desiderati.
1552 4849 1719 4939 Superest
1742 4852 1868 4940 igitur,
1895 4850 2062 4932 Iuvenes,
2094 4867 2133 4921 ut
2154 4852 2280 4922 audia-

254 4967 348 5019 rum.
399 4946 584 5020 Facessent
601 4951 671 5018 iarn
693 4965 747 5021 tot
768 4953 916 5043 frigidae
936 4955 1127 5044 glossulae,
1153 4979 1238 5024 con·
1291 4952 1354 5032 tis,
1381 4975 1584 5046 quanquam
1608 4953 1654 5021 ita
1671 4977 1706 5020 se
1725 4977 1779 5023 res
1795 4947 1940 5038 habeat,
1968 4968 2001 5024 et
2017 4954 2174 5024 difficilia
2197 4955 2281 5036 sint,

256 5049 480 5134 cordantiae,
512 5053 788 5138 discordantias,
823 5057 906 5127 etsi
932 5071 1125 5149 quaesunt
1149 5058 1237 5126 aliae
1291 5079 1380 5148 quae
1396 5049 1544 5147 pulchra
1560 5068 1662 5140 su'nt,
1687 5068 1804 5124 tamen
1821 5055 1869 5125 ita
1884 5057 2002 5126 vincet
2017 5057 2192 5127 industria
2208 5056 2280 5124 dit-

256 5149 391 5238 ingenii
414 5175 584 5223 remorae.
648 5153 766 5247 Atque
788 5181 868 5225 etim
892 5158 1030 5226 animos
1054 5161 1097 5227 ad
1122 5161 1237 5228 fontes
1293 5216 1493 5227 ,.....-
1616 5204 1620 5211 ·

254 5252 526 5336 contulerimus,
552 5249 735 5326 Christum
750 5281 870 5348 sapere
885 5259 1112 5347 incipiemus,
1136 5286 1236 5329 man·
1324 5309 1351 5370 ¹)
1370 5304 1441 5358 sunt
1460 5304 1539 5357 versa
1558 5304 1585 5358 in
1606 5304 1683 5361 cm·
1703 5315 1773 5362 cant.
1798 5310 1807 5359 Ι
1839 5306 1863 5360 ‚0

255 5353 376 5422 datum
408 5357 482 5426 eius
515 5358 673 5429 lucidum
706 5360 812 5428 nobis
836 5360 911 5442 fiet,
945 5373 979 5428 et
1001 5376 1140 5431 nectare
1172 5363 1234 5433 illo
1324 5392 1352 5459 2)
1371 5392 1444 5443 Text.
1463 5391 1580 5460 stupas,
1599 5389 1745 5457 mendam
1766 5344 1832 5460 puio
1853 5389 2030 5444 scribendum
2050 5392 2166 5456 raptas.

254 5454 356 5526 beato
378 5457 521 5531 divinae
542 5462 736 5553 sapientise
758 5462 1024 5551 perfundemur.
1085 5458 1133 5571 At
1153 5487 1233 5533 cum
1318 5490 1347 5563 s)
1365 5491 1476 5549 Portus:
1496 5481 1579 5545 teas
1602 5491 1708 5545 annea
1730 5490 1810 5560 aas,
1830 5497 1894 5544 sunt
1909 5490 1982 5545 enim
2001 5490 2084 5550 vasa
2099 5488 2171 5546 Put.
2185 5491 2237 5561 91,
2252 5495 2278 5551 t.
