4664 6022
137 310 217 387 esa
439 262 604 386 naon
643 299 956 431 oratoru:
991 301 1197 382 sunno
1232 302 1479 381 cuersrr
1515 302 1786 385 uantror
1816 246 1903 386 aaa
2117 311 2196 386 eos

242 481 444 557 Discrimen
471 480 581 573 igitur
602 481 698 552 iuter
719 473 854 552 Gbristi
874 502 1074 551 sermonem
1106 492 1141 550 et
1299 475 1397 550 Haec
1417 503 1498 550 cum
1520 479 1625 569 bant,
1650 480 1803 554 lectione
1823 497 1859 559 et
1879 485 2094 578 cogitatione
2117 511 2192 558 ser·

136 589 247 664 aliam
264 586 474 681 sapientiam
488 598 612 656 notum
636 583 700 664 sit,
725 597 761 654 ct
782 582 964 677 propriam
989 582 1056 654 lilii
1069 580 1139 655 Dei
1191 582 1310 653 monis
1325 581 1452 668 divini,
1477 584 1720 657 assiduitatem
1737 585 1775 656 in
1790 588 1941 680 legendo
1957 590 2191 661 necessariam

135 715 264 767 vocem
281 690 442 764 studiose
458 710 723 778 cognoscamus.
1192 708 1266 756 esse
1281 685 1524 757 confitendum
1540 702 1603 760 est.

241 793 314 868 Sed
348 817 414 865 cur
443 816 529 863 usus
555 805 607 862 cst
633 787 768 860 Paulus
788 787 899 858 verbo
923 781 1139 860 babitandi?
1292 786 1365 860 Sed
1380 784 1697 863 bicEntbusiastae
1714 792 1861 889 quidam
1877 795 2087 868 reclamant:
2112 790 2191 865 Ab·

136 896 303 971 Primum
334 910 444 969 totam
470 891 666 965 Ecclesiam
699 891 778 964 vult
808 889 1035 961 domicilium
1065 913 1137 961 esse
1191 890 1254 972 sit,
1282 891 1473 986 inquiunt,
1499 907 1539 965 ut
1561 894 1706 966 lectioni
1728 897 1928 969 tribuamus
1952 893 2039 970 haec
2063 898 2188 968 incen-

137 996 269 1075 borum
283 1002 479 1080 librorum,
506 993 566 1069 bic
581 994 754 1067 custodiri
768 994 848 1067 volt
870 989 968 1065 bunc
991 988 1136 1065 tbesau-
1189 994 1268 1079 dia,
1293 1018 1384 1087 quae
1407 996 1553 1089 proprie
1572 1021 1592 1066 a
1614 997 1752 1091 Spiritu
1773 1014 1895 1072 sancto
1912 1001 2099 1087 oriuntur,
2124 1001 2188 1095 qui

135 1130 220 1179 rum
244 1101 491 1198 promissionis
517 1098 628 1170 aDeo
652 1097 821 1178 traditae,
848 1121 956 1191 quam
980 1111 1137 1167 caeterae
1189 1121 1262 1168 non
1279 1097 1439 1169 inclusus
1455 1116 1506 1170 cst
1529 1101 1675 1196 syllabis
1696 1115 1733 1175 et
1751 1104 1873 1194 figuris
1894 1104 2097 1175 literarum:
2124 1105 2186 1175 sed

135 1223 260 1303 gentes
295 1207 501 1299 negligunt,
536 1216 571 1274 et
595 1198 651 1271 bis
673 1201 778 1271 libris
803 1200 942 1272 reiectis
968 1200 1137 1270 desinunt
1189 1224 1269 1270 cnm
1294 1201 1362 1292 ipsi
1385 1202 1491 1289 libet,
1524 1205 1617 1296 rapit
1640 1227 1724 1277 suos
1745 1208 1940 1303 quosdam,
1974 1205 2126 1299 scriptos
2146 1204 2187 1276 in

134 1335 212 1385 esse
228 1334 310 1404 pars
332 1310 458 1406 populi
474 1304 555 1383 Dei.
607 1303 707 1376 Idem
730 1303 771 1374 lit
791 1303 830 1372 in
850 1300 1001 1394 singulis
1018 1298 1137 1374 bomi-
1188 1304 1356 1375 fatalibus
1371 1306 1513 1381 tabulis.

135 1416 256 1488 nibus.
1290 1405 1374 1489 Scio
1404 1410 1600 1481 multorum
1630 1411 1749 1482 studia
1779 1411 1987 1503 langueberi
2011 1405 2077 1481 bac
2106 1407 2186 1504 opi-

241 1516 366 1588 Donec
392 1529 493 1585 tuum
529 1525 653 1605 pectus
688 1523 740 1581 eat
773 1508 995 1579 domicilium
1028 1501 1136 1578 buius
1188 1510 1315 1595 nionc,
1353 1525 1389 1583 et
1411 1513 1514 1583 valde
1536 1512 1643 1584 doleo
1661 1515 1766 1585 etiam
1789 1516 1912 1587 doctos
1927 1517 2100 1611 quosdam
2120 1507 2185 1584 bas

136 1622 346 1700 doctrinae,
387 1617 563 1709 tantisper
584 1638 621 1684 es
643 1609 822 1684 Ecclesiae
852 1611 939 1681 civis
966 1625 1000 1682 et
1024 1635 1136 1680 mem-
1188 1613 1432 1705 persuasiones
1446 1629 1482 1686 et
1497 1638 1614 1686 amare
1628 1632 1662 1689 et
1677 1615 1898 1702 confirmare,
1924 1616 2185 1714 quibusomni-

135 1726 243 1799 brum
268 1722 392 1815 populi
414 1719 494 1790 Dei.
544 1716 777 1812 Nequaquam
799 1728 882 1785 sunt
903 1709 1136 1785 civesEccle-
1188 1717 1255 1785 bus
1271 1741 1415 1810 oppono
1432 1719 1611 1790 luculenta
1629 1720 1852 1808 testimonia,
1879 1746 1969 1816 quae
1982 1719 2184 1791 labefactari
2316 1766 2319 1773 -

136 1829 221 1921 siae,
248 1826 312 1921 qui
327 1849 392 1895 nec
408 1825 542 1915 legunt,
567 1846 633 1892 nec
647 1820 801 1891 audiunt
816 1813 908 1887 banc
923 1817 1134 1891 doctrinam.
1188 1821 1290 1890 nullo
1305 1822 1413 1891 modo
1431 1838 1589 1913 possunt.

240 1926 289 2001 Et
305 1953 381 1999 non
396 1928 512 1998 solum
530 1936 699 2018 perpetua
718 1921 939 1993 conservatio
962 1922 1001 1991 in
1024 1922 1134 1993 verbo
1290 1921 1384 1995 Nota
1402 1949 1471 1995 vox
1488 1938 1541 1996 est
1555 1925 1676 1996 Pauli:
1701 1922 1939 2016 Evangelium
1955 1939 2008 1998 est
2024 1924 2182 2017 potentia

138 2034 375 2129 praecipitur,
420 2033 482 2100 scd
527 2029 634 2099 etiam
670 2025 874 2097 dulcissima
911 2024 1136 2095 familiaritas
1188 2021 1256 2096 Dei
1277 2027 1321 2096 ad
1344 2027 1492 2099 salutem
1515 2029 1615 2099 omni
1639 2029 1808 2100 credenti.
1874 2026 1979 2100 ltem:
2014 2026 2122 2100 Fides
2141 2052 2183 2098 ea

138 2139 369 2229 significatur.
420 2131 474 2204 lta
488 2131 713 2203 familiariter
735 2143 769 2201 et
792 2150 895 2219 saepe
918 2127 1135 2220 colloquaris
1188 2128 1314 2200 auditu
1344 2144 1405 2201 est.
1464 2127 1570 2202 ltem:
1604 2128 1842 2224 Evangelium
1868 2146 1920 2204 est
1944 2131 2183 2204 ministerium

136 2266 219 2315 com
241 2236 404 2322 Christo,
439 2232 730 2318 compatribus,
763 2226 952 2321 Prophetis
976 2244 1012 2301 ct
1036 2226 1135 2321 Apo·
1188 2230 1355 2322 Spiritus.

138 2345 258 2428 stolis,
281 2356 321 2414 ut
336 2338 551 2434 colloqueris
566 2362 648 2408 cum
664 2337 709 2404 iis
724 2335 762 2404 in
784 2334 921 2403 familia
940 2348 1020 2418 tua,
1045 2357 1135 2428 qnos
1291 2350 1374 2423 Non
1392 2347 1452 2423 hic
1478 2353 1622 2447 quidem
1645 2352 1754 2425 gemit
1778 2353 1958 2425 inclusum
1979 2376 2054 2425 ρης
2068 2349 2184 2447 spiri.

138 2449 328 2542 praecipue
342 2465 458 2525 arnas,
486 2455 520 2510 et
536 2463 617 2509 cum
633 2439 766 2533 quibus
784 2460 910 2507 omnes
932 2451 1011 2508 tuas
1033 2459 1136 2507 curas
1188 2468 1264 2526 mm
1282 2469 1444 2527 ,anetum
1460 2457 1848 2548 {alim-mmmm,
1867 2458 1929 2528 ,ed
1945 2454 2184 2529 celem-atim.
2267 2474 2272 2482 ·

138 2548 404 2625 communicare
420 2544 524 2613 soles.
562 2644 570 2661 ι
618 2644 627 2662 ·
932 2643 941 2659 ·
1188 2581 1346 2628 mensam
1360 2559 1556 2630 bonitatem
1571 2560 1657 2643 Dei,
1685 2560 1747 2655 qui
1771 2554 1869 2632 bunc
1887 2561 2006 2655 ipsum
2020 2560 2184 2632 ordinem

243 2649 297 2720 Ac
310 2669 434 2717 revera
447 2642 597 2717 Deusta
616 2643 681 2713 allo
699 2658 842 2736 pectore
858 2638 1014 2726 habitat,
1037 2643 1133 2737 quod
1188 2676 1222 2732 ,g
1238 2662 1367 2752 agendi
1383 2665 1529 2734 modum
1545 2664 1713 2736 innituit,

140 2751 236 2824 hanc
272 2750 472 2820 doctrinam
507 2748 655 2838 cogitat,
702 2747 929 2838 amplectitur
962 2759 996 2817 et
1031 2760 1133 2817 amat.

142 2854 250 2945 Quod
267 2867 319 2923 est
333 2865 450 2922 autem
465 2851 578 2920 maius
596 2852 750 2933 bonum,
774 2872 881 2943 quam
897 2843 983 2918 baec
997 2846 1065 2918 Dei
1081 2850 1136 2918 sa-

137 2955 351 3025 miliaritas?
382 2952 446 3048 qui
477 2948 546 3023 boc
575 2951 800 3022 domicilium
825 2950 874 3021 ita
897 2952 1068 3038 custodit,
1096 2966 1137 3023 ut

136 3059 247 3131 simul
263 3058 443 3149 impertiat
458 3079 558 3126 suam
574 3055 803 3148 sapientiam,
829 3053 1001 3125 iustitiam
1025 3069 1060 3125 et
1082 3056 1136 3123 vi·
1189 3112 1283 3174 eam,
1318 3103 1354 3161 et
1375 3090 1554 3162 luctamur
1577 3091 1673 3162 inte,
1697 3092 1970 3185 „epid3150n„‚
1995 3106 2036 3166 ug
2055 3092 2187 3186 pavida

137 3176 212 3236 ἴδω
229 3176 425 3281 ὃθῑθῑῑξὸω·
508 3222 515 3235 ·
846 3260 855 3277 ,
945 3260 953 3277 ,
1188 3216 1289 3264 mens
1303 3193 1539 3280 adsentiatur,
1566 3207 1601 3264 et
1616 3218 1683 3265 nos
1698 3194 1785 3286 erigi
1807 3195 1979 3288 petimus,
2005 3195 2187 3267 verissime

143 3346 153 3355 Ι
244 3264 354 3335 ΜυΙιι
371 3277 455 3334 sunt
470 3275 588 3332 autem
611 3260 742 3352 grados
761 3259 1018 3350 negligentium
1044 3255 1137 3331 banc
1189 3294 1346 3388 spirim,
1361 3309 1502 3373 mem,
1519 3296 1730 3373 emffifflp

137 3367 427 3441 familiaritatem.

243 3470 428 3541 Notissimi
444 3479 529 3537 sunt
544 3461 733 3556 Epicurei,
757 3466 819 3560 qni
836 3458 903 3534 hos
924 3463 1037 3534 libros
1059 3478 1135 3534 tum

138 3575 322 3654 derident,
348 3587 426 3644 tum
444 3572 610 3640 oderunt.

245 3676 407 3747 Proximi
430 3686 514 3744 sunt
540 3667 765 3766 hypocritae,
790 3670 852 3765 qui
871 3671 937 3739 etsi
959 3692 1022 3740 sua
1044 3670 1136 3740 deli-

139 3793 303 3852 ramenta
321 3794 356 3850 et
370 3777 467 3848 idola
484 3776 687 3847 anteferunt
701 3774 778 3845 Deo
796 3788 831 3843 et
849 3769 906 3843 his
933 3773 1054 3858 libris,
1082 3787 1136 3845 ta-

138 3908 226 3957 men
246 3896 287 3955 ut
310 3884 432 3954 iurum
448 3879 579 3949 iaciant
601 3879 753 3969 populo,
775 3879 817 3948 ad
833 3899 913 3947 suas
926 3877 1137 3968 cupiditates

1290 2775 1502 2876 Alloquitur
1532 2805 1670 2854 summa
1698 2782 1885 2856 clementia
1916 2808 2027 2877 genus
2056 2777 2186 2854 hnma-

1187 2907 1295 2971 num‚
1319 2883 1398 2957 vult
1420 2884 1539 2956 audiri
1559 2908 1659 2956 suam
1688 2911 1830 2973 vocem,
1855 2886 1907 2958 ibi
1930 2889 2010 2959 vult
2030 2884 2188 2980 conspici

1302 3414 1443 3508 Sepone
1458 3417 1529 3487 iam
1547 3418 1688 3489 tabulas
1705 3418 1785 3488 illas
1799 3419 1935 3506 fatales,
1961 3441 2049 3514 quas
2064 3417 2187 3512 inqui·

1189 3541 1267 3588 rere
1289 3542 1364 3589 non
1387 3534 1439 3591 est
1458 3534 1631 3592 nostrum.
1682 3518 1765 3593 Huc
1785 3521 1888 3593 flecte
1911 3536 2090 3612 mentem,
2114 3544 2186 3615 quo

1189 3635 1224 3693 te
1242 3635 1344 3693 vocat
1359 3617 1468 3697 Deus.

1294 3737 1470 3814 Universa
1491 3743 1653 3815 doctrina
1676 3743 1837 3817 coelestis
1860 3742 2039 3828 clamitat,
2070 3739 2195 3814 Deum

1189 3867 1231 3913 ex
1260 3866 1325 3915 suo
1354 3868 1518 3917 sermone
1544 3849 1828 3938 cognoscendum
1854 3870 1945 3918 esse:
1978 3846 2188 3916 mandatum

139 3989 255 4059 multa
270 3987 364 4057 dicta
379 3977 572 4077 sophistice
589 3981 789 4054 inflectunt.
1189 3947 1349 4067 ⁰¹⁰⁰{um
1366 3970 1663 4069 ‘nmmumfma
1688 3964 1730 4022 ¹¹²
1752 3945 1839 4021 hm
1856 3950 1932 4042 Ψ*ἃ
1954 3949 2083 4041 milm
2102 3971 2188 4040 ΡΝ·

245 4088 384 4160 nomm
403 4109 487 4158 ,um
504 4084 577 4154 ,int
594 4083 770 4153 manifmi
796 4085 955 4168 summ,
982 4106 1057 4153 „on
1080 4083 1137 4152 di,
1190 4044 1332 4143 pbetrca
1354 4064 1389 4122 et
1412 4052 1605 4145 apostolica
1625 4054 1834 4125 audiantur:
1870 4066 1911 4125 ut
1929 4052 1970 4125 in
1983 4048 2062 4124 Deo
2084 4072 2189 4122 mcu-

137 4216 219 4264 cam
236 4216 332 4264 nunc
346 4194 391 4261 de
408 4191 459 4258 cis
474 4187 663 4279 prolixius:
689 4199 829 4256 tanturn
845 4211 910 4257 oro
926 4187 1039 4257 filium
1056 4183 1138 4272 Dei,
1190 4164 1242 4224 ²⁸⁸
1257 4152 1503 4273 {c‘lffl‘fflms
1529 4155 1626 4229 5¹¹¹st
1648 4151 1735 4228 hm
1752 4156 1972 4241 ¹0⁸fi¹¹¹⁰¹¹i²a
2000 4178 2091 4250 ‘1¹¹⁸‘
2111 4153 2189 4250 ἰΙ)ιο

137 4309 182 4367 ut
204 4295 374 4388 reprimat
395 4291 578 4374 diabolos,
609 4304 644 4360 ct
666 4290 728 4359 illa
751 4290 887 4361 diaboli
908 4312 1059 4381 organa,
1092 4313 1138 4359 ne
1190 4256 1352 4329 ¹¹³d¹di¹⁴

138 4400 182 4469 in
195 4394 353 4469 Ecclesia
366 4395 490 4467 multis
506 4410 667 4463 noceant.
1292 4375 1392 4449 llaec
1407 4401 1482 4448 non
1497 4378 1544 4450 ab
1560 4376 1710 4462 ociosis,
1732 4376 1866 4449 securis
1891 4390 1926 4448 et
1948 4375 2058 4447 ebriis
2072 4371 2187 4444 admi-

246 4500 322 4572 Atti
337 4512 421 4571 sunt
436 4498 556 4566 minus
572 4497 675 4579 mali,
700 4497 762 4566 sed
779 4508 896 4565 tamen
909 4516 1051 4586 segnes,
1075 4495 1139 4590 qni
1191 4479 1329 4552 t⁸fi⁰¹¹⁸
1346 4480 1400 4552 ⁸¹¹5
1417 4480 1570 4552 imiimi
1583 4493 1749 4574 9⁰⁸⁸⁰⁰22
1774 4482 1837 4553 “d
1858 4481 1905 4552 ¹¹)
1923 4478 1987 4565 ἰὴ,
2012 4477 2076 4573 (Ιῑῑῑ
2092 4474 2186 4545 '0¹5⁸

138 4628 219 4676 non
242 4605 398 4675 oderunt
418 4600 636 4683 doctrinam,
669 4600 730 4669 scd
765 4597 864 4668 velut
892 4600 1006 4670 saturi
1039 4599 1140 4668 iasti-
1191 4583 1378 4655 doloribus
1394 4583 1555 4676 oppressi
1571 4600 1668 4659 sunt.

138 4708 265 4780 diunt:
307 4719 494 4799 postquam
521 4704 631 4772 semel
663 4715 769 4795 atque
802 4701 931 4771 iterum
965 4703 1140 4793 legerunt,
1294 4700 1446 4774 Homini
1462 4715 1708 4789 consternato,
1734 4702 1796 4797 qui
1814 4702 1859 4771 ad
1881 4697 2097 4793 supplicium
2117 4698 2186 4767 dn.

140 4811 348 4883 existimant
364 4832 400 4879 se
417 4822 525 4877 totarn
544 4802 611 4874 Dei
626 4804 837 4897 sapientiam
854 4801 1074 4885 exhausisse,
1100 4828 1139 4874 ac
1191 4806 1303 4892 citur,
1337 4805 1425 4900 quid
1445 4804 1567 4875 dices?
1615 4803 1713 4877 Num
1734 4804 1875 4877 iubebis
1895 4817 1937 4875 ut
1960 4802 2116 4894 disputet
2140 4801 2186 4868 de

141 4914 374 4986 relectionem
405 4935 470 4980 nec
503 4910 754 4992 necessariam,
802 4930 868 4979 nec
899 4909 1025 4979 utilem
1054 4930 1140 4978 csse.
1191 4908 1393 4980 electione?
1446 4902 1506 4978 An
1532 4932 1608 4980 non
1624 4907 1744 5001 potius
1760 4929 1880 4978 rocem
1896 4901 2086 4995 Evangelii
2101 4925 2185 4994 pro-

139 5016 286 5089 flortlm
302 5013 443 5086 fastidia
459 5013 562 5082 valde
581 5012 733 5082 laxanda
748 5025 842 5081 tunt·
1192 5032 1321 5104 pones,
1346 5034 1437 5106 quae
1461 5024 1557 5083 certo
1580 5010 1910 5083 reconciliationem
1931 5006 2053 5078 offert:
2077 5018 2113 5075 et
2135 5004 2186 5073 si-

247 5119 338 5190 Nam
354 5119 477 5189 crebra
491 5116 594 5185 lectio
612 5137 686 5183 non
703 5127 842 5184 tantum
861 5107 929 5183 boc
947 5113 1074 5196 adfert,
1099 5123 1142 5183 ut
1191 5114 1286 5200 mul,
1310 5128 1351 5185 ut
1365 5112 1542 5207 Baptista,
1569 5112 1786 5187 monstrabis
1802 5134 1952 5205 agnum,
1973 5108 2087 5179 filiunt
2105 5105 2186 5190 Dei,

140 5235 260 5297 totam
275 5220 462 5294 doctrinae
481 5241 611 5308 corpus
634 5217 696 5303 fiat
721 5216 860 5300 notius,
882 5216 944 5286 sed
960 5216 1065 5289 etiam
1081 5238 1141 5286 ae-
1192 5231 1227 5292 et
1255 5229 1391 5311 repetes
1418 5211 1512 5288 banc
1540 5217 1769 5302 concionem,
1809 5237 1901 5310 quae
1925 5210 2114 5306 praecipit,
2145 5222 2188 5281 ut

141 5325 266 5399 cendit
284 5337 402 5395 motus
425 5320 557 5405 animi,
582 5321 693 5391 flectit
716 5321 760 5389 ad
784 5319 1056 5413 poenitentiam,
1082 5317 1141 5388 in-
1191 5312 1290 5390 bnnc
1305 5318 1520 5391 audiamus?
1550 5315 1610 5391 Ab
1623 5319 1792 5391 omnibus
1812 5319 1891 5389 volt
1910 5313 2053 5409 agnosci
2071 5311 2185 5382 illium

141 5429 234 5502 eotit
259 5440 432 5506 terrores,
466 5423 635 5495 exuscitet
664 5422 951 5509 invocationem,
980 5424 1143 5494 medetur
1192 5434 1357 5495 aeternus
1381 5437 1497 5517 pater,
1522 5435 1558 5496 et
1577 5433 1725 5517 propter
1738 5444 1821 5494 eum
1836 5432 1932 5495 certo
1950 5440 2016 5489 nos
2028 5430 2063 5489 et
2078 5413 2187 5509 gratis

144 5531 346 5605 doloribus.
902 5536 908 5547 ·
1193 5523 1331 5620 recipit,

139 5652 148 5665 ·
195 5638 373 5705 iilmsrrn.
391 5630 673 5701 oannem.
1698 5623 1750 5703 57

1187 3010 1288 3058 suam
1314 2986 1556 3075 voluntatem,
1588 2984 1656 3059 hac
1682 3014 1788 3076 voce,
1821 3014 1903 3062 cum
1928 3004 1963 3066 et
1991 2988 2186 3080 cogitamus
2312 3000 2315 3005 '
