4664 6022
141 308 248 382 949·
527 302 692 383 DECL.
725 302 802 380 DE
833 302 1132 383 cautinus
1165 302 1242 378 ΕΤ
1275 301 1543 380 MOTlBUS
1575 301 1806 386 connis
2115 316 2192 395 960
2261 354 2269 363 ·

140 503 289 575 aquam,
313 503 375 550 seu
400 482 580 551 madorem
606 481 678 551 rori
704 478 857 551 similem
882 501 973 565 csse,
1006 477 1140 573 quasit
1192 471 1368 548 thalamus
1399 477 1504 570 louge
1530 484 1766 570 praestantior
1794 496 1864 570 cst,
1892 499 1927 555 ει
1949 487 2090 561 officina
2111 490 2187 563 eiua

141 605 232 676 opus
254 586 298 653 ad
316 585 436 654 cordis
458 584 701 675 irrigationem
723 585 761 652 in
780 598 852 653 tam
868 582 1011 653 assiduo
1029 596 1140 664 motu,
1191 580 1308 672 operis
1331 583 1426 675 quod
1449 583 1678 674 praecipuum
1701 598 1753 655 εει
1779 587 2060 681 cordis,1gignit
2089 594 2187 664 enim

134 699 177 755 ἐι
192 698 292 756 tanto
307 685 437 771 calore,
464 712 532 780 qua
549 711 638 779 aqua
656 682 823 757 exhausta
839 709 901 755 cor
915 682 1140 767 contabescit,
1191 683 1337 775 spiritus
1360 684 1483 754 vitales
1510 709 1550 755 ex
1575 686 1747 777 sanguine
1777 688 2027 778 subtilissimo,
2059 695 2121 788 qui
2143 719 2186 767 cx

141 788 251 881 idque
276 789 352 860 fieri
376 789 413 858 in
434 789 614 860 moesticia
636 789 814 861 scribitur.
867 785 917 859 Ut
934 780 1140 857 Marchioni
1190 789 1315 858 dextro
1334 784 1416 858 sinu
1433 810 1475 856 eo
1490 790 1630 860 exudat.
1680 785 1745 859 Est
1768 804 1886 862 autem
1904 793 2051 885 spiritus
2068 796 2185 869 vitalis

141 884 318 960 Casimiro
335 906 476 962 mortuo
493 916 555 961 cor
569 905 769 982 exemptum
786 891 887 960 aiunt
899 889 1016 958 simile
1031 889 1138 959 fuisse
1190 889 1406 958 lucidissima
1422 902 1456 959 et
1473 890 1608 960 vivifica
1625 890 1778 973 flamma,
1802 894 1929 965 similis
1944 910 2089 968 naturae
2105 922 2184 969 coe-

140 1015 231 1086 pyro
250 1009 353 1068 tosto.
399 991 441 1063 ln
460 990 525 1064 hac
543 1017 621 1063 arca
637 996 767 1084 pendet
783 987 842 1062 hic
855 992 947 1061 vitae
961 991 1139 1075 dominus,
1190 991 1286 1074 lesti,
1312 1015 1402 1084 quac
1417 991 1569 1060 calorem
1588 1005 1621 1064 et
1638 993 1746 1063 vitam
1771 996 1809 1062 in
1829 1009 1941 1067 totum
1957 1022 2086 1091 corpus
2103 1024 2185 1092 per·

140 1117 222 1179 cor,
256 1096 408 1167 liberum
427 1119 448 1165 a
464 1096 603 1189 reliquo
621 1119 788 1187 corpore,
824 1096 880 1164 cui
897 1093 1007 1163 vitam
1030 1093 1136 1180 largi·
1190 1097 1275 1172 lert,
1322 1107 1357 1168 et
1392 1095 1661 1187 praecipuarum
1701 1096 1880 1168 actionum
1914 1122 2087 1191 organum
2122 1117 2184 1177 cst.

141 1209 220 1281 tur,
246 1197 316 1267 nisi
339 1199 435 1292 quod
458 1199 490 1269 ei
513 1197 718 1269 adiunctum
740 1211 792 1268 est
813 1218 1017 1288 pervenas,
1044 1207 1138 1264 arte·
1188 1194 1392 1265 Nascuntur
1425 1197 1463 1264 in
1499 1190 1568 1267 hoc
1600 1197 1677 1289 ipso
1715 1200 1909 1270 ventriculo
1941 1204 2014 1272 duo
2045 1205 2183 1275 canales

141 1299 232 1367 riam
250 1316 283 1371 et
299 1323 448 1385 nervos,
474 1302 604 1394 quihus
622 1315 791 1393 tauquam
807 1299 988 1369 canalibus
1011 1299 1136 1378 utitur,
1189 1298 1449 1388 grandiusculi,
1477 1300 1626 1383 arteria,
1649 1315 1768 1386 aorta,
1793 1327 1883 1395 quae
1905 1304 2065 1374 omnium
2089 1319 2182 1378 arte-

140 1401 270 1493 partim
292 1417 332 1473 ut
351 1402 468 1472 aliena
490 1402 658 1471 beneficia
681 1403 847 1493 accipiat,
875 1400 1002 1493 partim
1022 1414 1061 1469 ut
1073 1422 1135 1468 sua
1188 1401 1322 1470 riarum
1342 1401 1380 1468 iu
1406 1415 1478 1472 toto
1502 1427 1649 1494 corpore
1676 1404 1784 1496 stipes
1805 1420 1876 1485 est,
1909 1430 1970 1497 ρετ
1992 1430 2080 1500 quas
2101 1421 2182 1479 tan-

141 1503 226 1573 inde
249 1502 422 1576 effundat.
473 1503 679 1576 Substantia
702 1519 820 1575 autem
844 1503 961 1574 cordis
978 1515 1030 1573 est
1052 1524 1135 1593 pro-
1188 1527 1294 1599 quam
1309 1527 1371 1594 per
1385 1503 1504 1573 alveos
1521 1505 1749 1597 praecipuum
1767 1508 1882 1577 cordis
1906 1509 2116 1579 beneficium
2143 1511 2182 1580 in

140 1605 211 1698 prii
226 1607 409 1677 cuiusdam
425 1609 563 1697 generis
580 1631 681 1691 caro,
706 1607 889 1676 dissimilis
903 1607 1000 1675 carni
1026 1607 1063 1673 in
1080 1627 1136 1672 re-
1189 1629 1312 1675 omnes
1327 1607 1484 1697 corporis
1501 1620 1616 1697 partes
1631 1624 1762 1693 manat,
1787 1610 1951 1681 videlicet
1966 1611 2028 1680 illa
2044 1612 2182 1682 vivifica

141 1708 243 1801 liquo
264 1733 428 1801 corpore,
460 1711 570 1803 spissa
596 1727 629 1781 et
652 1712 743 1779 hene
763 1724 960 1799 compacta,
994 1706 1136 1776 intextis
1189 1708 1330 1777 llamma
1347 1732 1412 1778 suo
1427 1708 1543 1777 calore
1556 1710 1680 1780 fovens
1695 1711 1815 1779 omnia
1832 1712 2000 1793 membra,
2027 1714 2182 1784 actiones

140 1809 240 1882 tibris
260 1835 321 1882 seu
348 1813 444 1880 villis
472 1813 665 1885 arctissime
697 1811 887 1891 intricatis,
921 1826 993 1879 non
1018 1824 1059 1880 ut
1080 1809 1136 1877 di·
1189 1811 1371 1883 adiuvans.
1425 1809 1539 1880 Aiunt
1552 1824 1667 1882 autem
1687 1813 1732 1883 ab
1745 1808 1938 1884 Aristotele
1960 1814 2200 1886 nominatam.

140 1928 233 1984 terte
256 1915 427 2004 distingui
450 1916 606 2006 possint,
632 1929 671 1984 ut
694 1917 733 1983 iu
755 1914 834 1982 aliis
851 1914 1009 2003 corporis
1027 1911 1136 2002 parti·
1189 1937 1262 1982 esse
1286 1927 1438 1998 aortam,
1472 1914 1567 2006 quod
1591 1914 1750 2004 vaginam
1781 1917 2035 1987 consuetudine
2058 1915 2181 1988 Mace-

141 2017 219 2085 bus.
257 2015 387 2107 Figura
404 2018 521 2087 cordis
534 2017 752 2113 pyramidem
768 2030 948 2109 utcunque
965 2015 1137 2098 imitatur,
1189 2016 1316 2085 donica
1332 2015 1514 2104 significat,
1540 2014 1623 2109 quia
1638 2040 1719 2087 curn
1735 2010 1803 2087 hoc
1819 2041 1879 2087 vas
1891 2019 2028 2088 firmius
2041 2032 2076 2091 et
2090 2022 2179 2090 den·

141 2119 201 2187 sed
226 2118 304 2188 basi
328 2121 454 2191 latiore
479 2145 519 2190 ac
541 2122 658 2210 gibba.
710 2118 811 2189 Lusit
826 2117 928 2189 Plato
949 2119 993 2186 de
1014 2116 1136 2207 figura,
1189 2118 1262 2188 sius
1284 2119 1329 2188 sit
1353 2141 1459 2210 quam
1483 2141 1609 2201 venae,
1633 2116 1750 2189 simile
1770 2120 1910 2191 videtur
1931 2144 2005 2190 esse
2022 2122 2178 2210 vaginae.

142 2221 222 2290 ideo
246 2221 399 2290 similem
424 2245 497 2292 esse
523 2222 717 2316 pyramidi,
744 2222 828 2314 quia
852 2243 933 2289 cum
947 2218 994 2288 sit
1014 2220 1137 2307 igneae
1191 2219 1295 2291 Rami
1319 2221 1449 2289 deinde
1471 2221 1516 2289 ab
1542 2215 1608 2289 hac
1626 2219 1754 2291 arteria
1776 2223 1865 2301 orti,
1897 2224 1997 2292 venis
2020 2225 2179 2295 adiuncti

143 2338 311 2407 naturae,
336 2323 559 2392 flammarum
572 2325 773 2417 pyramides
787 2323 924 2394 reserat.
973 2317 1053 2391 Etsi
1072 2344 1136 2389 au·
1188 2336 1270 2393 sunt
1286 2334 1364 2392 toto
1378 2322 1452 2392 lere
1468 2345 1632 2414 corpore,
1659 2322 1814 2392 mirabili
1833 2325 1974 2394 loedere
1996 2338 2028 2394 et
2053 2339 2178 2396 mutuo

142 2439 213 2494 tem
229 2420 352 2492 dehac
369 2448 472 2492 causa
488 2419 580 2493 nihil
599 2424 766 2494 affirmari
786 2438 918 2516 potest,
944 2437 1062 2493 tamen
1077 2446 1135 2491 ar·
1189 2425 1489 2496 communicantes
1507 2445 1569 2494 aus
1587 2448 1746 2495 munera.
1797 2427 1959 2496 Arteriae
1980 2450 2043 2516 per
2066 2451 2180 2518 angu-

144 2521 313 2594 chitectus
338 2546 412 2592 non
435 2537 565 2595 temere
589 2522 681 2596 hanc
710 2527 859 2617 figuram
890 2526 1013 2614 elegit,
1046 2548 1136 2620 quac
1188 2527 1339 2599 stissima
1368 2527 1502 2595 orificia
1531 2527 1568 2595 in
1594 2550 1700 2596 venas
1727 2521 1892 2598 exhalant
1922 2527 2107 2622 spiritum,
2141 2542 2180 2601 ut

144 2627 238 2693 inter
258 2625 389 2696 solidas
415 2628 531 2718 prima
549 2645 618 2714 εει,
652 2643 687 2699 ει
705 2631 750 2698 ad
772 2624 868 2698 hunc
890 2641 1027 2698 motum
1050 2651 1136 2697 con·
1188 2631 1397 2720 sanguinem
1421 2629 1560 2699 vivifico
1584 2629 1700 2699 calore
1729 2631 1873 2700 foveant
1894 2644 1929 2701 ct
1952 2646 2181 2726 percoquam,
2255 2690 2258 2695 .
2301 2640 2305 2647 '

144 2729 339 2816 gruentior.
391 2727 489 2800 Situs
514 2745 581 2816 est,
605 2744 645 2801 ut
669 2731 764 2800 basis
784 2732 823 2799 in
849 2754 917 2824 qus
939 2730 1136 2819 generosis-
1188 2756 1311 2801 rursus
1327 2731 1475 2802 arteriae
1490 2756 1532 2800 ex
1546 2730 1646 2800 venis
1659 2731 1879 2824 aliquantum
1893 2733 2074 2823 sanguinis
2090 2728 2179 2804 hau-

143 2828 223 2896 simi
243 2824 390 2898 thalami
408 2845 509 2916 ειιτιι,
541 2832 715 2926 exquisite
730 2833 887 2902 medium
910 2832 1062 2923 pectoris
1084 2844 1137 2903 te-
1187 2835 1303 2919 rium,
1333 2849 1373 2904 ut
1397 2835 1558 2922 rigentur
1578 2846 1613 2902 et
1639 2848 1834 2922 augeantur
1863 2835 2020 2927 spiritus.
2077 2834 2180 2906 Alter

143 2943 237 3015 neat,
263 2955 387 3001 mucro
400 2948 518 3003 autem
532 2936 688 3023 erigatur
705 2929 874 3004 nonnihil
892 2938 936 3004 ad
951 2934 1137 3004 sinistrum
1188 2937 1319 3006 canalis
1334 2949 1438 3006 natus
1452 2935 1491 3003 in
1503 2935 1648 3005 sinistro
1663 2935 1780 3005 cordis
1794 2937 1992 3009 ventriculo
2008 2951 2069 3022 εει,
2086 2951 2179 3009 ετιε-

143 3031 253 3111 Ῑειιιε,
280 3047 314 3102 ει
338 3058 383 3102 ne
403 3050 566 3106 occurrat
589 3036 728 3105 ossibus
748 3036 919 3127 pectoris,
945 3035 1136 3105 etutsini-
1189 3038 1240 3107 ria
1257 3060 1399 3121 venosa,
1423 3060 1514 3130 quae
1528 3037 1725 3128 porrigitur
1741 3037 1779 3107 in
1794 3038 2013 3129 pulmonem,
2039 3052 2080 3110 ut
2094 3040 2178 3110 inde
2200 3095 2204 3099 -

142 3147 216 3203 stro
234 3133 336 3205 lateri
353 3135 432 3228 plus
448 3135 574 3207 caloris
589 3138 733 3222 tribuat,
758 3161 838 3207 cum
854 3138 1016 3205 dextrum
1033 3137 1137 3206 adiu·
1187 3145 1304 3209 adrem
1325 3139 1458 3207 adferat
1481 3138 1713 3227 refrigerandi
1735 3139 1853 3209 cordis
1877 3164 1998 3222 causa,
2025 3155 2059 3210 et
2075 3141 2180 3211 vicis-

144 3251 247 3305 vetur
267 3238 384 3306 calore
406 3239 527 3327 epatis.
579 3236 661 3309 Duo
683 3252 766 3309 sunt
782 3252 900 3309 sutem
915 3238 1033 3307 cordis
1048 3262 1137 3308 ven·
1188 3242 1256 3312 sim
1281 3264 1323 3310 cx
1350 3242 1456 3309 corde
1482 3235 1608 3311 evehat
1632 3239 1750 3309 fumos
1775 3241 1892 3311 calore
1915 3244 2078 3324 adustos,
2109 3243 2180 3313 nisi

142 3338 263 3407 triculi
280 3362 341 3409 seu
364 3334 530 3423 thalami,
556 3364 618 3410 seu
638 3342 759 3426 sinus,
785 3340 878 3411 inter
892 3335 958 3409 hos
979 3341 1136 3441 intersti-
1188 3343 1282 3411 enim
1300 3337 1385 3410 haec
1398 3341 1574 3410 eventatio
1590 3341 1716 3411 caloris
1730 3341 1767 3409 in
1784 3343 2021 3422 comederet,
2047 3343 2180 3414 animal

143 3441 232 3511 tium
250 3442 603 3535 estquuddistingnit
617 3437 804 3523 thalamos,
820 3438 887 3513 hoc
900 3442 1133 3513 intersticium
1188 3445 1358 3514 continuo
1385 3444 1636 3524 suffocaretur,
1670 3444 1760 3513 sicut
1779 3444 1939 3514 videmus
1960 3444 1997 3513 in
2016 3458 2180 3535 strangu-

143 3567 224 3613 cum
248 3544 293 3613 sit
317 3567 471 3614 crassum
493 3559 526 3614 et
547 3547 688 3616 firmum
707 3560 743 3616 et
757 3545 870 3614 oculis
886 3544 1136 3638 conspiciatur,
1188 3548 1268 3618 latis
1284 3546 1451 3618 accidere.

143 3670 218 3715 non
251 3659 345 3717 recte
378 3646 447 3716 dici
481 3648 623 3718 tertium
660 3661 819 3717 ventrem
849 3647 953 3717 facile
986 3646 1134 3717 iudicari
1291 3646 1394 3717 Aliae
1415 3661 1500 3719 sunt
1523 3647 1682 3717 minutae
1706 3646 1898 3738 particulae
1921 3646 2055 3728 cordis,
2091 3675 2179 3743 qua·

143 3760 277 3839 potest,
301 3773 341 3818 ac
357 3748 560 3841 nequidem
578 3750 735 3841 conspici
752 3763 886 3820 meatus
908 3774 971 3841 per
994 3745 1136 3818 hocin·
1159 3710 1164 3851 Ι
1189 3775 1267 3821 rnm
1296 3750 1481 3819 fabricatio
1512 3763 1633 3820 tamen
1665 3771 1785 3818 causas
1819 3744 1936 3821 habet.
1988 3746 2180 3823 Auriculae

143 3849 337 3921 terstirium
355 3851 439 3920 sacti
454 3865 613 3942 possunt,
628 3853 978 3941 scdexudatsanguis
994 3853 1032 3919 in
1049 3854 1137 3921 altc—
1160 3858 1163 3899 ¹
1188 3856 1278 3922 duae
1302 3854 1442 3921 additae
1466 3867 1566 3935 suut,
1601 3853 1708 3921 altera
1733 3855 1871 3934 dextra,
1897 3851 1957 3920 ubi
1981 3875 2064 3921 cava
2091 3877 2178 3924 vena

144 3976 224 4024 rum
250 3952 485 4023 ventriculum
511 3978 573 4045 ρετ
600 3955 866 4043 angustissimos
897 3977 1012 4045 poros.
1071 3950 1137 4024 Est
1189 3956 1396 4045 sanguinem
1412 3955 1451 4021 in
1465 3978 1527 4022 cor
1541 3954 1717 4037 iufundit,
1741 3949 1824 4022 huic
1841 3952 1976 4022 orificio
1990 3954 2109 4023 addita
2128 3971 2178 4027 est
2222 3962 2227 3971 “

144 4067 260 4125 autem
289 4056 404 4126 dextri
432 4047 577 4126 thalami
606 4052 692 4126 haec
723 4057 875 4140 utilitas,
906 4056 1064 4143 excipere
1095 4080 1136 4125 ex
1190 4060 1416 4140 membrana,
1446 4081 1536 4148 quae
1556 4058 1655 4124 sinus
1671 4070 1704 4124 et
1717 4055 1895 4125 anfractus
1911 4050 2035 4135 hahet,
2060 4056 2098 4124 in
2114 4052 2179 4128 hos

144 4179 228 4226 cava
246 4180 335 4226 vena
349 4159 556 4247 sanguinem
573 4183 613 4227 eo
634 4157 861 4243 influentem,
888 4159 950 4250 qui
966 4158 1016 4227 ibi
1036 4182 1136 4249 prae-
1189 4160 1366 4250 spargitur
1383 4158 1500 4251 aliqua
1519 4182 1598 4249 pars
1612 4155 1806 4246 sanguinis,
1824 4181 1929 4250 quam
1947 4180 2008 4226 cor
2023 4159 2180 4249 proxime

145 4272 302 4351 paratur,
329 4272 362 4329 et
377 4260 415 4328 in
430 4262 518 4329 duas
535 4274 649 4352 partes
663 4259 907 4340 distribuitur,
933 4261 1040 4330 altera
1056 4261 1136 4352 pul·
1192 4260 1326 4343 haurit,
1362 4286 1406 4329 ιιε
1438 4255 1702 4329 vehementiore
1734 4261 1942 4328 attractione
1975 4283 2058 4331 cava
2091 4284 2179 4330 vena

144 4386 285 4431 monem
312 4362 396 4441 alit,
421 4362 531 4432 altera
550 4363 718 4432 subtilior
739 4363 868 4432 exudat
890 4362 927 4430 iu
953 4363 1137 4432 sinistrum
1191 4379 1386 4454 rumpatur.
1435 4361 1541 4432 Utin
1567 4374 1638 4432 tota
1664 4357 1829 4431 machina
1852 4354 1999 4430 humani
2022 4363 2181 4453 corporis

144 4460 362 4547 thalamum,
408 4465 472 4533 ubi
506 4465 544 4533 in
579 4464 725 4557 spiritus
750 4465 874 4534 vitales
906 4466 1137 4538 convertitur.
1190 4467 1307 4558 opifex
1323 4464 1427 4548 cavit,
1449 4487 1494 4532 ne
1509 4463 1626 4534 subito
1642 4486 1789 4552 magnae
1803 4463 1913 4531 moles
1928 4462 2183 4532 transiundan-

145 4564 246 4636 Duae
269 4580 353 4635 sunt
374 4578 490 4637 autem
513 4591 624 4636 venae
640 4566 767 4636 infixae
789 4570 912 4636 dextro
929 4567 1138 4651 ventriculo,
1191 4586 1268 4650 tur,
1309 4568 1366 4636 scd
1401 4564 1535 4659 ubique
1564 4565 1840 4635 moderationem
1875 4577 1909 4633 ct
1942 4564 2180 4634 contationem

143 4693 228 4739 cava
252 4668 384 4738 scilicet
406 4692 496 4762 quae
520 4681 571 4738 est
597 4669 729 4737 canalis
752 4668 936 4759 sanguinis
962 4671 1007 4736 ab
1039 4681 1138 4760 epate
1191 4683 1301 4749 amat,
1328 4684 1360 4737 et
1376 4668 1545 4759 paulatim
1563 4668 1644 4738 lacit
1660 4683 1828 4758 tanquam
1846 4663 2105 4749 instillatioues,
2133 4667 2180 4737 ita

145 4770 353 4840 transmissi.
407 4770 631 4862 sparguntur
645 4786 761 4840 autem
780 4783 815 4841 et
829 4773 874 4840 ab
889 4767 963 4839 hoc
987 4771 1062 4862 ipso
1081 4793 1138 4840 ca·
1192 4786 1225 4842 ει
1249 4770 1391 4840 sinistra
1414 4769 1571 4839 auricula
1589 4771 1754 4839 adiuncta
1778 4778 1830 4837 cst
1853 4766 2002 4837 arteriae
2020 4790 2182 4850 venosae,

146 4872 220 4941 nali
244 4873 282 4941 in
305 4896 442 4943 summa
468 4874 542 4943 basi
566 4874 673 4942 exiles
696 4873 807 4956 rami,
842 4896 992 4942 coronae
1012 4873 1137 4963 specie,
1192 4870 1521 4943 utcontantiushat
1543 4873 1632 4941 aiiris
1655 4868 1854 4940 transfusio.
1905 4865 1999 4938 Sunt
2014 4882 2130 4939 autem
2148 4882 2182 4940 ει

144 4976 208 5069 qui
231 4975 437 5064 sanguinem
459 4972 593 5045 vehunt
617 4975 735 5045 miuus
756 4974 940 5056 subtilem,
965 4999 1036 5069 quo
1055 4998 1137 5066 pro-
1193 4972 1343 5045 hostiola
1367 4972 1551 5042 canalibus
1572 4973 1740 5042 omnibus
1763 4969 1950 5060 adiuncta,
1975 4972 2184 5061 aperiuntur

146 5077 222 5169 prie
240 5102 302 5147 cor
323 5078 492 5153 nutritur.
544 5074 667 5148 Altera
690 5099 779 5146 vena
801 5075 841 5144 iu
865 5078 988 5147 dextro
1004 5077 1138 5147 ventri·
1192 5089 1226 5147 et
1242 5076 1459 5146 clauduntur
1475 5075 1689 5145 tenuissimis
1702 5071 1879 5166 pelliculis
1893 5087 2060 5166 tanquam
2078 5095 2182 5162 oper-

145 5180 227 5250 culo
240 5204 281 5248 ex
298 5179 375 5271 ipso
390 5181 495 5249 corde
510 5180 641 5261 oriens,
665 5179 873 5248 nominatur
888 5202 978 5248 vena
993 5178 1139 5248 arteria-
1193 5179 1282 5249 culis
1299 5200 1387 5246 vena
1406 5200 1489 5245 cava
1516 5191 1548 5245 et
1575 5200 1662 5244 vena
1689 5173 1881 5245 materialis
1903 5173 1942 5242 in
1959 5174 2081 5245 dextro
2095 5195 2182 5242 ven·

146 5282 201 5363 lis,
226 5281 309 5375 quia
325 5281 462 5351 tunicas
476 5278 583 5353 babet
595 5281 784 5351 crassiores
798 5293 833 5350 ct
845 5281 983 5350 arteriis
996 5280 1140 5362 similes,
1192 5279 1331 5350 triculo.
1372 5274 1418 5348 Et
1431 5291 1528 5348 aorta
1542 5291 1575 5347 ει
1589 5277 1718 5347 arteria
1731 5298 1860 5345 venosa
1884 5274 1920 5342 in
1937 5273 2080 5345 sinistro
2096 5297 2183 5344 ven·

146 5407 215 5476 qua
234 5384 270 5450 ia
288 5383 491 5475 pulmonem
501 5378 644 5453 vehitur
659 5383 799 5473 sanguis
814 5382 990 5464 subtilior,
1004 5383 1066 5476 qui
1079 5407 1141 5452 ex·
1193 5381 1341 5465 triculo,
1376 5375 1443 5449 hae
1466 5380 1652 5470 pelliculae
1673 5379 1788 5449 dictae
1810 5365 2064 5474 τριγλώχιτεε,
2098 5375 2183 5468 quia

148 5481 304 5569 halaret,
331 5486 400 5555 nisi
424 5509 513 5556 vena
539 5485 711 5556 munitior
733 5499 833 5558 esset.
884 5483 1037 5555 Sinister
1057 5508 1140 5556 vcro
1192 5484 1327 5555 similes
1351 5494 1436 5553 sunt
1457 5480 1596 5570 cuspidi
1618 5475 1762 5551 babenti
1778 5491 1850 5549 tres
1863 5476 2012 5571 pinnas,
2036 5498 2184 5548 nonso·

1484 5576 1569 5652 60*
