4664 6022
141 275 215 353 sn
670 251 831 351 naen
869 269 1227 352 na1nnnato
1257 271 1334 349 ur
1365 274 1672 361 nanneno,
1826 372 1829 376 Α
2007 210 2011 217 ’
2117 290 2192 375 en

142 448 466 550 conservationem,
491 452 706 554 magnopere
723 457 819 531 decet
837 472 961 551 optare
975 450 1091 529 bonos
1106 468 1141 529 et
1192 455 1306 530 tolum
1317 453 1335 545 ,'
1353 453 1456 530 cuius
1470 454 1621 532 consilio
1640 444 1838 555 plurimum
1861 488 1948 539 usus
1965 476 2020 539 est
2041 463 2191 543 Garolm

143 572 348 667 prudentes.
380 566 469 638 Nam
487 561 554 634 hac
569 576 717 648 remota,
733 587 777 632 ne
794 562 866 632 dici
882 575 996 654 potest
1009 574 1141 656 quanta
1193 559 1351 650 Quartus
1369 558 1577 653 imperator.
1618 562 1759 637 Accede
1779 566 1888 658 igitur
1903 571 1948 641 ad
1964 565 2169 647 historiam·

144 677 185 746 in
205 674 295 746 'aulis
322 668 503 766 tyrannis,
526 668 565 735 in
592 666 735 738 iudiciis
759 665 960 747 barbaries,
986 664 1143 759 denique
1295 662 1387 735 Cum
1412 662 1560 735 ltaliam·
1569 663 1800 758 Langobardi
1821 685 1857 741 et
1875 670 2005 744 Franci
2021 673 2193 749 dilacera-

145 777 307 849 confusio
322 776 362 843 in
376 786 448 845 tota
462 769 559 840 civili
575 770 648 840 vita
664 781 825 840 secutura
841 782 952 856 esset,
978 792 1085 863 quam
1101 780 1143 839 ut
1192 778 1294 850 rent,
1324 765 1495 858 paulatim
1512 768 1564 838 ibi
1580 770 1693 841 forma
1717 773 1935 845 iudiciorum
1954 789 2092 869 mutata
2112 766 2192 851 barss

144 878 242 954 Deus
255 873 443 973 prohibeat
459 897 500 943 ex
517 873 639 942 animo
653 887 825 965 petamus.
1191 868 1306 940 barici
1322 892 1439 940 mores
1461 870 1593 963 recepti
1610 887 1713 958 sunt,
1738 889 1773 946 et
1787 874 1974 949 Romanae
1991 878 2089 969 leges
2109 904 2193 953 oon-

247 983 307 1056 Ab
325 977 381 1051 his
398 976 492 1047 votis
515 975 583 1068 piis
602 990 635 1047 et
661 976 790 1045 sanctis
815 973 990 1066 auspicari
1007 973 1143 1046 oratio-
1193 971 1384 1047 ticuerunt.
1418 971 1634 1068 Quanquam
1649 990 1767 1047 autem
1785 979 1822 1048 in
1836 980 1937 1051 ltalia
1952 981 2084 1053 veteris
2097 983 2192 1059 illius

147 1114 230 1165 nem
245 1083 356 1156 volui.
410 1078 501 1150 Nam
518 1081 563 1149 de
576 1080 682 1149 laude
703 1079 933 1170 professionis
959 1101 1061 1170 saepe
1084 1072 1144 1146 hic
1193 1074 1377 1145 doctrinae
1399 1075 1514 1147 studia
1536 1078 1635 1147 nulla
1654 1094 1773 1160 erant,
1792 1095 1919 1155 tamen
1936 1080 2191 1161 Constantinu-

148 1194 288 1286 copiose
312 1186 446 1257 dictum
468 1194 534 1251 est.
586 1179 775 1271 Singulare
797 1194 831 1250 et
850 1179 1063 1250 admirabile
1075 1177 1141 1248 Dei
1194 1176 1270 1269 poli
1285 1177 1428 1249 duravit
1442 1179 1613 1268 professio
1630 1181 1718 1252 iuris
1729 1187 1823 1275 apud
1833 1183 2071 1277 Imperatores
2081 1186 2191 1263 Grau·

147 1319 237 1391 opus
260 1316 300 1362 ac
320 1283 531 1360 beneficium
555 1297 606 1354 εει
631 1277 716 1354 haec
740 1283 855 1353 civilis
876 1283 1039 1368 societas,
1075 1307 1143 1376 qna
1194 1301 1276 1365 cos,
1302 1280 1393 1351 εἰειιι
1422 1279 1474 1350 ibi
1496 1281 1648 1352 aliarum
1674 1286 1804 1357 artium
1836 1289 1954 1359 studia
1982 1285 2110 1362 adhuc·
2127 1293 2191 1365 ali-

147 1397 246 1472 Deus
260 1394 354 1463 inter
372 1413 409 1459 se
425 1386 611 1457 coniunxit
627 1408 667 1457 ac
682 1386 843 1458 devinxit
856 1381 1021 1455 homines
1039 1408 1144 1477 prae-
1194 1396 1327 1476 quanto
1358 1383 1470 1473 magis
1499 1384 1676 1458 florebant
1698 1412 1805 1480 quam
1831 1389 1869 1459 in
1895 1389 2008 1468 ltalia.
2063 1389 2192 1469 Erunt

148 1504 271 1594 cipue,
303 1509 344 1567 ut
364 1490 476 1584 ipsius
498 1489 668 1559 noticiam
695 1488 755 1557 alii
780 1488 860 1558 aliis
881 1486 1144 1558 communicare
1194 1480 1581 1557 adhucCommentarii
1607 1489 1644 1557 in
1662 1490 1717 1559 ius
1732 1488 1937 1563 Romanum
1954 1495 2190 1589 scripti'Grn-

147 1613 304 1702 possent.
351 1592 472 1665 Huius
494 1591 609 1661 divini
629 1592 764 1684 operis,
787 1590 952 1662 videlicet
967 1586 1144 1661 humanae
1194 1587 1428 1679 stantinopoli
1444 1589 1579 1659 similes
1594 1591 1720 1681 glossis
1739 1607 1774 1664 et
1787 1598 2078 1671 enarrationibus
2096 1599 2190 1673 tutt-

91 1734 94 1739 ·
149 1702 346 1785 societatis,
385 1710 502 1767 custos
523 1709 575 1766 est
596 1695 671 1774 lex,
707 1689 794 1764 haec
815 1693 944 1764 retinet
965 1717 1005 1763 ac
1026 1692 1145 1762 munit
1197 1715 1320 1761 corum
1336 1694 1535 1762 doctorum.
1579 1692 1664 1764 ldeo
1680 1709 1867 1789 postquam
1885 1698 2021 1771 ltaliaa
2039 1700 2190 1777 Gema-

149 1809 374 1886 societatem,
397 1813 438 1870 ιιι
453 1796 586 1866 noticia
604 1797 669 1867 Dei
691 1796 761 1867 late
781 1796 988 1891 propagari,
1012 1809 1054 1866 nt
1070 1795 1144 1885 regi
1195 1792 1252 1862 nis
1276 1809 1395 1885 pacata
1426 1810 1516 1866 essct
1536 1789 1726 1868 Othonum
1750 1812 1930 1892 tempore,
1962 1817 1999 1875 et
2020 1806 2190 1897 paulatim

149 1908 329 1987 Ecclesiae
347 1904 505 1994 inpare,
530 1913 565 1970 et
580 1899 736 1984 erudiri,
760 1912 801 1968 ut
817 1898 958 1969 institui
980 1898 1145 1969 iuventus
1197 1918 1313 1965 mores
1334 1895 1599 1986 Longobardici
1623 1903 1917 1985 emendarentur,
1951 1921 2101 1999 apparet
2128 1903 2191 1982 ho-

151 2020 196 2090 ad
214 2009 430 2104 agnitionem
443 1997 578 2073 Christi
595 2003 715 2095 possit.
770 1998 826 2071 Ad
852 1997 918 2070 hos
941 2000 1144 2070 finestran-
1197 1998 1311 2067 mines
1342 1998 1546 2090 ingeniosos
1569 1998 1776 2074 Romanum
1803 2007 1859 2076 ius
1891 2007 2022 2079 iterum
2053 2011 2190 2085 deside-

151 2116 366 2218 quillitatem
386 2107 443 2176 lex
460 2105 585 2188 efficit,
609 2129 675 2174 nec
697 2104 785 2173 levis
801 2117 852 2175 est
869 2128 907 2174 ea
922 2103 961 2172 in
978 2127 1016 2173 re
1032 2100 1144 2175 luris·
1195 2123 1302 2175 rasse.
1336 2097 1513 2172 Nonnulli
1528 2104 1635 2175 etiam
1654 2106 1807 2178 instituti
1826 2124 1860 2180 et
1872 2111 2003 2181 exculti
2014 2108 2189 2189 Constan-

152 2216 307 2295 consulti
329 2208 417 2282 boni
439 2222 474 2278 et
498 2208 549 2299 pii
574 2230 693 2300 opera.
744 2205 880 2278 Lucere
902 2207 1007 2278 etiam
1033 2205 1145 2298 ipsius
1196 2203 1433 2296 tinopolitana
1457 2207 1641 2289 doctrina,
1671 2210 1876 2283 dexteritate
1900 2211 1939 2283 in
1961 2216 2190 2306 negotiisex·

152 2326 239 2397 tides
261 2319 300 2388 in
322 2311 582 2406 gubernatione
598 2311 698 2380 solet.
750 2309 872 2398 Quare
890 2311 984 2399 leges
1000 2324 1035 2380 et
1049 2309 1145 2380 iudi·
1197 2307 1384 2381 cellebant.
1437 2306 1489 2378 lta
1526 2311 1698 2400 paulatim
1731 2313 1905 2384 celebrari
1937 2310 2006 2388 hoc
2034 2320 2189 2395 studium

152 2429 225 2512 cia,
261 2417 446 2514 politicum
481 2415 664 2498 ordinem,
702 2411 791 2481 iuris
819 2412 1082 2482 enarrationem
1111 2424 1145 2481 et
1197 2408 1301 2501 cepit.
1345 2408 1418 2480 Sed
1432 2404 1580 2481 Henrici
1599 2410 1727 2500 Quinti
1755 2428 1914 2508 tempore
1939 2418 2011 2492 fuit
2035 2420 2077 2491 in
2095 2422 2188 2497 ltalia

152 2523 478 2603 conservationem,
503 2530 673 2609 tanquam
689 2515 816 2585 eximia
833 2514 901 2585 Dei
918 2517 1012 2584 dona
1029 2538 1146 2583 amare
1197 2515 1253 2582 vir
1284 2536 1443 2581 summae
1474 2515 1674 2586 autoritatis
1706 2519 1909 2607 gubernans
1940 2544 2019 2593 earn
2046 2538 2191 2618 partem,

152 2658 193 2705 ac
214 2623 376 2699 venerari
398 2619 577 2690 exanimo
598 2618 778 2691 debemus.
830 2616 928 2688 Haec
944 2630 1029 2687 nota
1050 2632 1146 2696 sunt,
1196 2637 1286 2708 quae
1304 2629 1391 2707 tunc
1414 2630 1489 2687 erat
1503 2613 1660 2688 Romani
1677 2618 1818 2711 imperii
1835 2620 2009 2701 imerius.
2060 2625 2098 2699 ls
2114 2653 2191 2701 cun

152 2737 214 2807 sed
241 2725 450 2820 magnitudo
472 2717 599 2791 harum
628 2743 766 2805 rerum,
797 2733 833 2790 et
855 2743 963 2813 quam
984 2715 1146 2812 pulchra,
1197 2731 1286 2788 esset
1303 2716 1465 2789 eruditus
1486 2732 1529 2789 ut
1545 2720 1701 2793 arbitror
1714 2720 2050 2821 Constantinopoli,
2073 2734 2190 2805 antab

152 2859 259 2935 quam
285 2827 400 2902 dulcis
424 2824 517 2895 vitae
543 2845 598 2891 res
628 2822 672 2893 sit
703 2834 774 2893 tota
801 2816 987 2892 harmonia
1008 2822 1146 2914 politici
1198 2820 1241 2890 iis
1256 2820 1318 2912 qui
1334 2821 1523 2893 audierant
1537 2819 1968 2919 Constantinopolitanae
1984 2851 2092 2927 saepe
2105 2834 2191 2909 ritus

152 2936 309 3019 ordinis,
334 2952 440 3025 quam
460 2924 560 2995 utilis
573 2919 771 3007 Ecclesiae,
799 2925 975 2995 nonsatis
998 2924 1146 3016 cogitari
1197 2923 1403 2993 barbaricos
1427 2923 1467 2993 in
1498 2927 1778 3021 successionibus
1801 2944 1837 3001 et
1857 2931 1937 3001 aliis
1966 2936 2133 3026 negociis
2152 2960 2190 3015 ex

152 3069 172 3117 a
188 3037 380 3113 iuvenibus
401 3040 528 3122 potest.
577 3023 678 3113 Quae
694 3027 904 3117 cogitantes,
926 3027 1032 3098 etiam
1047 3027 1146 3098 ordi·
1198 3023 1364 3098 Romano
1387 3025 1465 3097 iure
1478 3029 1676 3119 corrigebat
1688 3045 1779 3123 aug..
1794 3035 2033 3147 pderabatur.

153 3169 235 3218 nem
271 3131 609 3210 Iurisconsultorum
638 3129 859 3219 intelligent,
900 3130 1080 3222 praeclare
1103 3132 1147 3200 de
1300 3125 1430 3198 Fuerat
1454 3125 1554 3200 ltalia
1577 3133 1731 3222 graviter
1756 3104 1886 3212 i'mtcta
1914 3138 2023 3211 bellis
2045 3139 2183 3215 Hmiei

153 3249 226 3319 vita
241 3239 432 3314 hominum
449 3231 589 3329 mereri.
640 3230 711 3304 Sed
725 3234 770 3303 de
784 3245 858 3302 toto
872 3254 1000 3322 genere
1015 3232 1147 3304 doctri·
1200 3227 1347 3318 Quarti3
1376 3232 1571 3303 multorum
1587 3236 1803 3326 patrimonia
1826 3239 1940 3326 varie,
1966 3256 2007 3315 ut
2028 3245 2070 3320 fit
2092 3243 2189 3319 bellis

153 3374 221 3421 nae
232 3366 334 3435 saepe
350 3335 409 3408 hic
424 3337 559 3406 dictum
577 3349 640 3406 est.
1199 3331 1366 3403 civilibus
1383 3335 1550 3406 translata
1572 3338 1724 3413 fuerant.
1773 3334 1870 3431 Ergo
1889 3366 1970 3413 cum
1994 3372 2097 3440 opus
2109 3362 2192 3423 ωει

256 3443 348 3516 Cum
364 3456 481 3511 autem
497 3450 532 3507 et
547 3432 637 3506 milti
652 3432 720 3508 hoc
737 3436 816 3508 loco
839 3438 1031 3510 dicendum
1047 3451 1148 3520 esset,
1199 3437 1437 3526 gubernatore
1467 3440 1628 3529 praedito
1651 3464 1777 3532 magna
1806 3443 1977 3535 sapientia
2005 3464 2042 3520 et
2072 3436 2193 3549 aequiss
2229 3448 2231 3471 ²

153 3568 194 3628 ut
216 3548 372 3644 postulat
393 3540 612 3613 consuetudo
640 3534 781 3609 scholae
812 3537 957 3612 honesta
982 3559 1017 3615 et
1039 3542 1149 3626 utilis,
1200 3552 1288 3608 tate:
1330 3526 1430 3608 ltali'a
1456 3564 1531 3610 non
1555 3538 1650 3612 nihil
1674 3558 1828 3617 recreata
1856 3561 1909 3617 est
1939 3553 2137 3639 prudentia
2160 3568 2192 3629 et

154 3653 270 3744 delegi
287 3646 455 3720 historias
468 3639 964 3735 aliquaslurisconsultorum,
983 3644 1046 3738 qui
1062 3645 1148 3714 inde
1200 3642 1445 3712 moderatione
1474 3641 1617 3729 lrnerii‚
1652 3647 1715 3740 qui
1744 3671 1824 3717 cum
1856 3654 2058 3741 posteritati
2091 3658 2190 3731 etiam

152 3781 266 3852 usqne
282 3778 301 3824 a
316 3743 487 3823 bethario
503 3742 720 3836 imperatore
735 3745 952 3832 lloruemnt3
979 3768 1147 3835 magnum
1199 3745 1459 3814 consulendum
1482 3760 1642 3836 putaret,
1674 3749 1838 3840 cupiebat
1852 3756 2056 3828 ‘autoritate
2081 3760 2192 3855 impe·

154 3862 250 3932 enim
265 3855 381 3927 calcar
395 3865 446 3921 est
462 3846 566 3917 bonis
580 3846 733 3936 ingeniis
748 3847 791 3916 ad
809 3848 994 3932 virtutem,
1016 3848 1147 3919 intueri
1201 3847 1331 3916 ratoria
1356 3871 1479 3917 rursus
1501 3849 1652 3939 proferri
1679 3851 1734 3920 ius
1754 3848 1979 3939 Romanum,
2013 3873 2059 3932 ut
2081 3878 2191 3937 cetae

154 3967 194 4034 in
211 3957 367 4050 exempla
383 3950 544 4023 illustria.
590 3947 664 4018 Nee
677 3949 755 4019 lieri
773 3962 887 4038 potest
903 3950 991 4041 quin
1011 3950 1149 4041 profes·
1200 3947 1292 4038 leges
1314 3963 1349 4020 et
1371 3950 1507 4020 erudite
1531 3951 1681 4043 scriptae
1705 3967 1882 4042 extarent3
1911 3981 1995 4029 nam
2017 3961 2189 4039 incertum

154 4064 266 4137 sionis
286 4054 483 4131 reverentia
505 4064 675 4141 angeatur
693 4052 733 4120 in
754 4051 818 4138 iis,
843 4051 906 4144 qui
927 4052 988 4122 illa
1012 4053 1148 4122 lumina
1200 4049 1256 4120 ius
1281 4065 1441 4122 aeternas
1464 4052 1659 4124 discordias
1680 4056 1785 4147 parit.
1843 4055 1915 4130 Sed
1937 4060 1976 4131 in
1999 4060 2189 4141 Gennanh

154 4162 401 4241 excellentium
419 4156 579 4226 virorum
596 4153 792 4239 intuentur,
817 4153 881 4246 qui
897 4166 947 4224 tot
963 4154 1033 4223 iam
1049 4177 1149 4226 εεειι-
1200 4153 1329 4225 incidit
1350 4154 1388 4222 in
1404 4155 1498 4224 bella
1514 4155 1645 4228 civilia.
1695 4156 1820 4231 Postea
1839 4157 2101 4243 lmeriuscurn
2115 4194 2188 4267 per-

148 4272 200 4342 tis
235 4280 389 4357 togatam
431 4256 775 4329 administrationem
810 4252 915 4348 Reip.
945 4279 1074 4346 magna
1107 4283 1148 4327 ex
1199 4267 1316 4347 specta
1338 4256 1415 4326 eius
1437 4258 1551 4330 virtus
1581 4257 1618 4329 in
1641 4260 1899 4349 gubernatione
1920 4277 1996 4337 tam
2027 4270 2188 4365 longaet

154 4386 254 4468 parte
286 4369 326 4438 in
356 4360 502 4452 Europa
537 4360 793 4449 gubernarunt.
845 4355 937 4447 Quis
961 4359 1056 4429 enim
1082 4384 1149 4429 no·
1199 4357 1370 4449 grandior
1389 4374 1484 4441 aetas
1507 4360 1660 4431 auxisset
1687 4361 1763 4434 eius
1791 4367 2186 4460 autoritatem-metus

154 4491 267 4548 strum
287 4473 332 4540 de
353 4463 519 4538 Romano
543 4476 667 4533 senatu
689 4462 866 4551 cogitans,
891 4486 972 4533 cum
996 4463 1047 4533 ibi
1071 4460 1148 4534 Sci·
1200 4457 1453 4552 Imperatorem
1475 4457 1686 4535 Lotharium
1713 4464 1914 4555 saxonem,
1945 4495 2021 4544 non
2045 4476 2187 4573 impedi·

154 4580 318 4672 pionem,
341 4566 500 4648 Leliurn,
523 4562 686 4645 Fabium,
711 4561 863 4634 Paulum
882 4561 1091 4653 Aemilium,
1115 4580 1150 4636 et
1200 4577 1276 4634 tum
1295 4562 1460 4635 civilibus
1485 4565 1608 4651 bellis,
1641 4581 1675 4638 et
1700 4569 1763 4662 qui
1783 4570 1935 4661 plurima
1956 4574 1996 4645 in
2023 4574 2186 4661 ltaliar'd

155 4678 287 4752 similes
301 4671 474 4766 quosdam
496 4662 638 4736 heroica
654 4666 786 4738 virtute
806 4681 1042 4759 praestantes,
1069 4669 1148 4739 ani·
1200 4666 1432 4737 muniendam
1463 4669 1759 4762 tranquillitatem
1784 4674 1987 4761 constituit,
2016 4680 2092 4755 fuit
2111 4678 2185 4757 hnic
2229 4746 2231 4753 ,

155 4807 215 4851 mo
237 4786 412 4856 recenset,
444 4792 517 4837 non
536 4762 762 4837 vehementer
780 4770 977 4844 admiretur
996 4772 1079 4842 illos
1093 4773 1149 4841 vi·
1200 4765 1380 4856 hortator,
1412 4786 1452 4842 ut
1474 4785 1616 4844 curaret
1636 4769 1773 4844 Romae
1794 4791 1829 4847 et
1852 4772 2042 4855 Bononiae
2073 4806 2185 4861 rum

154 4905 231 4965 ros,
252 4894 422 4969 tanquam
437 4871 538 4941 coelo
551 4869 676 4939 missos
692 4871 735 4940 ad
751 4871 841 4943 illud
855 4872 1046 4966 imperium
1062 4899 1148 4944 con·
1200 4873 1357 4942 enarrari
1388 4874 1444 4944 ius
1466 4870 1692 4960 Romanum,
1730 4889 1765 4948 et
1795 4891 1836 4948 ut
1865 4886 2130 4963 coutroversiae
2149 4910 2184 4961 ex

155 4981 377 5055 stituendum
412 4989 447 5044 et
475 4973 769 5062 gubernandum?
821 4969 960 5045 Omnes
990 4977 1148 5068 prolecto
1199 4973 1374 5047 Pt'omanis
1392 4976 1528 5067 legibus
1543 4976 1840 5052 diiudicarentur.
1893 4980 1945 5056 lta
1960 5010 2089 5063 rursus
2104 4992 2183 5065 edr-

155 5083 383 5159 accendimur
408 5077 554 5147 illorum
581 5099 718 5160 amore,
753 5100 958 5170 quanquam
983 5091 1037 5150 tot
1065 5091 1147 5149 ante
1200 5078 1297 5148 brari
1314 5091 1348 5149 et
1362 5079 1430 5149 coli
1446 5080 1604 5150 studium
1620 5076 1777 5151 Romani
1794 5079 1887 5155 luris
1899 5090 2029 5181 coepit.

154 5189 271 5262 secula
303 5180 449 5254 extincti
473 5179 562 5262 sint,
594 5191 628 5249 et
656 5192 820 5271 optamus
845 5178 1019 5249 divinitus
1042 5181 1148 5251 etiam
1283 5176 1356 5252 Nec
1371 5176 1598 5252 inhonestum
1613 5182 1681 5252 sibi
1698 5180 1856 5257 lrnerius
1868 5189 1981 5279 duxit,
2005 5210 2181 5292 postqum

154 5306 296 5363 nostrae
316 5283 422 5357 aetati
438 5280 530 5367 tales
551 5275 679 5352 heroas
694 5282 833 5353 donari.
885 5278 945 5351 Sic
960 5282 1054 5353 alfici
1068 5283 1148 5376 opi·
1199 5294 1253 5351 tot
1272 5306 1386 5355 annos
1409 5309 1489 5356 cum
1510 5308 1637 5375 magna
1653 5285 1766 5375 gloria
1783 5305 1940 5363 versatus
1963 5296 2181 5391 eratinllep

154 5418 223 5465 nor
246 5394 340 5463 bona
365 5383 528 5475 ingenia,
560 5407 640 5454 cum
671 5380 844 5455 celebrari
870 5382 1025 5456 audiunt
1045 5383 1150 5457 lrne·
1200 5385 1240 5453 in
1254 5386 1379 5458 ultima
1394 5401 1508 5459 aetate
1523 5388 1640 5457 redire
1656 5390 1702 5458 ad
1717 5386 1886 5463 scholam.
1933 5393 2006 5468 Sed
2022 5400 2179 5497 quicquid
2226 5450 2231 5481 ·..

154 5496 271 5582 rium,
297 5489 361 5587 qui
374 5489 483 5580 longo
507 5499 665 5580 tempore
680 5483 821 5557 ltaliam
847 5484 954 5572 rerit3
981 5500 1044 5561 aut
1059 5485 1151 5559 Bar·
1200 5486 1233 5557 ei
1248 5489 1465 5577 autoritatis,
1491 5489 1604 5582 gloria
1625 5513 1745 5562 rerum
1768 5508 1947 5584 gestarum
1969 5514 2007 5573 et
2020 5518 2114 5577 aetas
2125 5524 2177 5597 pe·
