4664 6022
249 314 324 392 ns
687 303 851 384 uren.
900 301 977 381 nu
1016 298 1293 379 ursanus
1326 297 1848 378 raunauoooauar.
1933 235 1937 240 ⁸
2160 324 2184 356 w·
2212 294 2287 373 sn

250 511 361 585 gogus
382 510 463 558 curn
484 482 661 557 eiusmodi
682 505 813 575 puero,
853 481 994 575 qualem
1019 477 1127 573 paulo
1158 492 1240 551 ante
1295 477 1551 551 committitur?
1600 475 1697 548 Puer
1714 476 1928 573 aliquandiu
1939 477 1978 547 in
1994 489 2130 549 statuae
2139 474 2289 546 modum

251 590 516 684 descripsimus.
569 585 715 677 Quanto
729 585 826 655 enim
841 583 957 655 maius
978 582 1167 673 negocium
1191 596 1245 653 est
1294 604 1440 677 prorsus
1461 592 1582 651 mutus
1598 595 1660 654 est.
1711 580 1836 652 Postea
1855 579 1920 651 ubi
1934 604 1971 650 se
1986 580 2153 671 colligere
2165 599 2290 669 coepe-

251 696 455 790 paedagogo
471 714 579 787 quam
593 681 766 784 Sisypho,
791 711 857 757 nec
880 700 998 758 tamen
1020 685 1136 757 maius
1157 710 1244 778 ope·
1295 686 1429 777 rit,‚ac
1451 683 1616 753 meditari
1638 684 1764 769 verba,
1788 682 1872 779 quia
1896 684 2038 756 animus
2062 681 2289 776 perturbatus

253 824 315 871 rae
330 797 487 890 precium
504 795 553 869 fir.
606 790 709 863 Illius
728 792 769 861 in
790 791 964 860 versando
990 813 1073 860 saxo
1095 789 1245 882 simplex
1297 801 1364 872 est,
1398 788 1492 858 oculi
1523 784 1781 880 superciliaque
1803 799 2074 879 pervertuntur,
2104 786 2138 858 si
2157 783 2289 869 videas,

255 903 360 973 labor
392 911 463 991 est,
498 911 533 968 et
564 919 647 966 cura
674 907 793 979 vacat,
830 893 1024 985 paedagogi
1046 890 1129 960 vide
1155 885 1245 960 mihi
1298 893 1395 960 dicas
1410 888 1581 960 comitiali
1598 889 1724 958 morbo
1740 889 1865 981 arripi:
1892 889 2218 983 pervertituretos
2230 910 2289 957 ve·

257 1027 363 1100 quam
380 1000 564 1093 multiplex
581 998 768 1089 negocium
783 996 840 1072 sit.
890 995 1083 1090 Nunquam
1100 995 1245 1064 nisico·
1298 996 1354 1064 lut
1367 993 1493 1089 cynico
1516 1015 1655 1083 spasmo
1670 991 1875 1063 foedissimo
1891 993 1995 1065 rictu.
2048 988 2137 1064 Post
2151 990 2217 1063 ubi
2229 989 2289 1061 diu

258 1114 637 1195 actusapraeceptore
652 1125 742 1192 puer
755 1100 889 1169 librum
914 1099 951 1167 in
972 1121 1101 1168 manus
1122 1098 1247 1168 sumit:
1300 1119 1418 1167 secum
1437 1097 1590 1165 luctatus
1612 1108 1680 1179 est,
1707 1096 1850 1164 tandem
1874 1119 1994 1166 vocem
2015 1095 2098 1170 edit.
2152 1093 2226 1167 Sed
2242 1094 2289 1163 'ne

258 1209 324 1282 ubi
352 1204 544 1298 acceperit,
576 1205 671 1273 oculi
703 1217 809 1297 atque
841 1201 982 1271 animus
1014 1202 1249 1291 expatiantur.
1301 1193 1605 1291 deprehendatur,
1647 1196 1677 1267 si
1709 1199 1805 1291 quod
1840 1199 1931 1269 forte
1952 1199 2076 1270 existet
2097 1198 2288 1277 soloecum,

259 1311 319 1384 lbi
335 1323 506 1403 tanquam
524 1307 673 1377 calcaria
687 1307 850 1375 addenda
860 1328 950 1398 quae
964 1306 1181 1373 admoneant
1195 1301 1250 1371 ol·
1302 1302 1426 1372 stridet
1449 1301 1609 1370 obscure.
1666 1297 1824 1390 Quidam
1846 1298 2024 1390 ingeniosi
2046 1314 2130 1374 sunt
2163 1301 2204 1370 in
2226 1323 2289 1392 po-

258 1414 342 1485 licii.
395 1408 550 1481 Enarrat
577 1409 712 1503 aliquid
735 1422 961 1500 praeceptor,
986 1408 1056 1475 iam
1079 1407 1133 1474 illi
1158 1404 1250 1474 deli·
1302 1419 1432 1476 strema
1447 1403 1581 1498 syllaba
1594 1414 1628 1472 ct
1641 1425 1722 1473 casu
1738 1404 1907 1474 dictionis
1916 1405 2102 1499 obruendp
2119 1428 2165 1474 ne
2179 1404 2290 1497 perci-

261 1529 339 1589 cato
356 1536 502 1583 somnus
519 1511 676 1602 obrepit,
703 1525 736 1581 et
760 1533 903 1580 securus
925 1511 963 1578 in
988 1523 1165 1602 utranque
1187 1531 1252 1577 au·
1305 1509 1433 1600 piatur.
1488 1504 1592 1576 lubet
1606 1519 1814 1597 praeceptor
1828 1508 1922 1577 clara
1940 1531 2027 1578 voce
2044 1506 2289 1598 pronunciare,

262 1643 338 1690 rem
355 1616 507 1700 dormit,
528 1615 614 1684 dum
640 1636 675 1683 se
694 1615 916 1703 paedagogus
934 1612 1086 1681 dicendo
1104 1608 1250 1702 rumpit.
1305 1613 1365 1680 ille
1387 1610 1493 1680 iterat
1514 1623 1550 1680 et
1566 1609 1856 1687 verbacadentia
1880 1610 1988 1682 tollit.
2040 1607 2202 1687 Fir-audit
2224 1609 2290 1687 lem

261 1721 405 1793 Novum
421 1719 472 1787 ibi
487 1716 671 1806 negocium
687 1717 727 1786 fit
742 1717 943 1807 paedagogo
955 1712 1254 1807 expergefaciendi
1305 1727 1529 1806 praeceptor,
1573 1713 1633 1781 sed
1669 1706 1764 1780 nibil
1795 1712 1866 1783 nisi
1898 1715 2091 1786 verborum
2120 1725 2291 1807 portentu.

263 1821 442 1913 discipuli.
501 1817 640 1888 Dictata
665 1831 893 1909 repetuntur,
919 1831 1140 1909 experrectus
1167 1818 1253 1885 ado-
1306 1816 1378 1888 Nec
1394 1828 1534 1885 autores
1550 1814 1614 1908 qui
1637 1815 1888 1905 praeleguntur
1910 1818 2048 1888 redolet
2067 1841 2205 1899 sermo,
2231 1838 2291 1885 nec

264 1928 399 1997 lescens
424 1923 567 1992 iubetur
588 1921 740 1989 adiicere
764 1920 924 1989 animum
949 1925 993 1991 ad
1018 1943 1162 2013 eaquae
1179 1932 1252 1988 tra-
1306 1943 1388 1990 cum
1417 1917 1654 2008 grammaticis
1683 1918 1879 2010 praeceptis
1907 1921 2085 1996 convenit.
2137 1917 2210 1991 Hic
2233 1916 2331 1993 de‘

265 2032 421 2111 duntur,
448 2047 571 2095 verum
588 2048 660 2092 non
680 2038 829 2094 estcura
848 2021 1074 2114 Hippoclidi,
1100 2023 1255 2092 lorisest
1305 2046 1405 2090 mum
1426 2021 1533 2091 sentit
1563 2043 1599 2089 se
1621 2019 1789 2090 miserum
1825 2044 1899 2091 esse
1923 2024 2163 2115 paedagogus:
2213 2044 2292 2105 nam

265 2130 407 2202 animus
440 2140 610 2221 tanquam
642 2127 681 2194 in
704 2126 774 2196 alio
798 2128 954 2211 mundo,
988 2126 1026 2194 in
1049 2125 1185 2213 ganeis,
1216 2123 1255 2191 in
1308 2148 1389 2195 cum
1414 2147 1456 2193 ex
1476 2122 1603 2194 studiis
1627 2123 1826 2214 puerilibus
1848 2148 1924 2195 non
1939 2125 2031 2196 alius
2047 2128 2293 2218 sructuspeta·

267 2234 362 2316 alea,
385 2231 424 2299 in
441 2228 632 2321 perniciosi
650 2229 806 2298 sodalitii
825 2229 930 2298 ludis.
969 2227 1128 2298 Tantum
1144 2228 1256 2317 abest,
1307 2240 1386 2312 tur,
1420 2250 1527 2320 quarn
1557 2238 1597 2296 ut
1620 2225 1779 2315 expedite
1803 2226 1904 2320 loqui
1927 2229 2083 2316 possint,
2113 2224 2176 2300 hic
2202 2228 2292 2299 videt

266 2348 307 2406 ut
322 2332 526 2401 meminisse
547 2330 684 2424 aliquid
706 2333 862 2413 studeat,
890 2343 931 2400 ut
948 2354 1025 2399 eam
1038 2333 1150 2421 legem
1166 2350 1256 2422 quae
1308 2328 1378 2399 sibi
1398 2352 1543 2420 operam
1564 2341 1598 2398 et
1622 2329 1741 2398 oleum
1766 2326 1804 2397 in
1828 2330 1980 2401 dicendo
1998 2332 2138 2423 perire,
2165 2332 2206 2402 in
2227 2345 2291 2403 tau

266 2439 312 2509 de
325 2434 502 2504 conviviis
521 2433 661 2504 extabat
677 2434 772 2522 apud
789 2431 966 2516 Graecos,
991 2437 1090 2525 μισῶ
1109 2424 1258 2525 μνάμο-
1294 2432 1509 2523 prodigiosa
1526 2429 1694 2522 discipuli
1714 2431 1879 2504 infantia.
1931 2433 2013 2509 sed.
2026 2448 2184 2529 quantae
2206 2432 2294 2505 diffi-

266 2528 540 2629 νασυμπόεην,
562 2536 637 2626 ipse
656 2537 700 2604 de
721 2529 852 2603 scholis
876 2535 983 2603 latam
1005 2550 1121 2626 putet,
1144 2548 1179 2605 et
1199 2534 1257 2603 in·
1309 2536 1456 2605 cultates
1477 2534 1700 2603 exorbendae
1722 2548 1824 2620 sunt,
1849 2548 1925 2606 tum
1953 2532 2037 2607 huic
2053 2537 2143 2611 vitio
2166 2538 2293 2613 meteri

269 2643 378 2711 risam
398 2662 472 2708 non
490 2640 528 2707 in
544 2661 618 2722 aes,
643 2638 705 2706 sed
729 2637 942 2728 insculptam
967 2638 1087 2707 animo
1105 2637 1258 2706 circum·
1310 2637 1452 2706 studet?
1503 2633 1792 2705 Dissimulandus
1815 2638 1848 2707 ei
1872 2639 1977 2709 dolor
1998 2640 2132 2728 animi,
2157 2643 2293 2716 iracun·

268 2745 358 2814 ierat
372 2744 472 2834 μισῶ
487 2732 667 2833 μνάμονα
682 2731 870 2833 μαθητήν.
899 2736 1023 2833 ltaque
1038 2741 1068 2808 si
1085 2738 1258 2832 postridie
1312 2740 1369 2809 dia
1395 2739 1620 2830 reprimenda
1644 2753 1715 2822 est,
1732 2782 1735 2787 ·
1756 2741 1922 2812 comitate
1944 2767 2056 2834 puero
2078 2744 2294 2838 perturbatio

269 2847 399 2916 dictata
420 2865 600 2935 reposcas,
638 2844 721 2935 quia
742 2844 986 2934 perfluxerunt
1008 2865 1110 2912 aures
1124 2840 1258 2920 omnia,
1311 2843 1422 2911 animi
1439 2842 1612 2925 sedanda,
1639 2842 1770 2911 blande
1786 2843 1995 2915 invitandus
2010 2860 2061 2917 est
2084 2850 2131 2917 ad
2149 2849 2296 2944 loquen-

269 2949 323 3018 nil
346 2959 452 3019 tenet.
506 2943 561 3014 lbi
586 2945 752 3033 magistro
776 2946 868 3016 redit
893 2946 996 3014 labor
1015 2961 1113 3017 actus
1137 2945 1176 3013 in
1198 2967 1259 3012 or·
1311 2947 1409 3018 dum.
1451 2941 1564 3032 Saepe
1579 2934 1744 3012 trahendi
1760 2942 1901 3035 longius
1915 2947 1959 3017 de
1972 2946 2150 3021 industria
2167 2975 2295 3023 sermo-

271 3053 363 3122 bem.
416 3044 572 3119 Orditur
596 3045 783 3139 pristinam
808 3049 1039 3132 cantilenam,
1066 3071 1131 3117 nec
1152 3044 1259 3116 semel
1311 3070 1392 3126 nes,
1417 3058 1458 3116 ut
1478 3046 1770 3115 consuetudinem
1792 3048 1904 3119 latine
1922 3049 2093 3143 loquendi
2113 3030 2230 3146 puero
2247 3044 2296 3125 ir·

271 3153 418 3245 repetit,
450 3152 563 3220 donee
592 3149 652 3220 isti
685 3163 811 3219 trunco
841 3175 956 3222 unum
981 3164 1087 3245 atque
1108 3151 1260 3221 alterum
1312 3150 1391 3222 ciat.
1445 3146 1540 3217 Haec
1555 3172 1625 3217 una
1640 3172 1696 3218 res
1713 3172 1794 3218 cum
1816 3150 1899 3242 plus
1920 3154 2005 3225 satis
2030 3156 2294 3245 adferttmole·

271 3255 421 3325 verbum
449 3253 641 3341 infligatur.
701 3252 792 3341 Quis
823 3267 876 3323 est
901 3267 973 3323 tam
1002 3276 1130 3323 cornea
1160 3253 1262 3336 fibra,
1312 3252 1417 3338 stiae,
1451 3265 1568 3322 tamen
1598 3250 1712 3322 multo
1740 3254 1852 3344 magis
1880 3268 2017 3327 exercet
2038 3274 2296 3355 praeceptorem

143 3377 146 3383 ’
273 3358 336 3453 qui
361 3379 434 3426 non
454 3351 711 3434 stomachetur,
737 3367 874 3424 tantum
894 3379 1022 3446 operae
1046 3379 1083 3425 se
1104 3359 1279 3448 perdere„
1313 3355 1442 3448 stylus,
1475 3378 1598 3447 quem,
1629 3367 1668 3423 ut
1698 3355 1807 3425 latina
1834 3356 1956 3448 lingua
1981 3359 2042 3430 liat
2065 3372 2179 3452 puero
2200 3361 2297 3434 fami-

273 3458 478 3554 praesertim
503 3482 583 3526 cum
608 3457 742 3526 interea
766 3473 798 3528 ct
817 3458 1031 3528 valetudinis
1048 3459 1181 3530 iactura
1208 3458 1261 3527 la·
1313 3458 1430 3543 liaris,
1461 3453 1706 3526 adhibendum
1735 3481 1809 3528 esse
1838 3461 1952 3542 videt,
1979 3473 2021 3532 ut
2039 3488 2108 3534 usu
2122 3464 2297 3538 scribendi

274 3563 400 3632 cienda
416 3560 485 3628 sit?
533 3558 624 3628 Nam
645 3572 851 3629 atteruntur
866 3575 901 3630 et
917 3561 1089 3632 labefiunt
1103 3560 1262 3652 corporis
1314 3561 1542 3629 confirmatus
1564 3572 1640 3628 tuto
1663 3560 1762 3654 loqui
1785 3563 1905 3652 possit.
1961 3563 2046 3635 Non
2070 3566 2168 3637 enirn
2192 3592 2299 3642 unum

275 3665 387 3747 vires,
412 3684 486 3728 non
502 3661 611 3728 modo
631 3660 774 3729 dicendi
798 3662 940 3746 labore,
967 3666 1028 3732 sed
1054 3664 1159 3732 etiam
1179 3686 1261 3731 cura
1313 3663 1510 3731 remedium
1528 3661 1571 3729 ad
1588 3662 1836 3733 excutiendum
1853 3665 1961 3737 istum
1975 3682 2163 3740 veternum
2185 3671 2300 3765 pneri-

203 3823 207 3830 .
275 3766 471 3856 doloreque
486 3762 614 3845 animi,
636 3763 859 3856 quem‚qnia
877 3788 950 3833 non
966 3766 1183 3857 respondent
1196 3789 1263 3833 no·
1316 3765 1409 3834 libus
1425 3762 1576 3854 ingeniis
1591 3763 1673 3835 satis
1687 3779 1749 3840 est.
1800 3764 1871 3837 Sed
1889 3793 1970 3839 cum
1987 3768 2081 3841 nibil
2094 3774 2298 3865 perindead

275 3864 580 3954 straediligentiae
590 3865 704 3933 studia
714 3887 919 3955 puerorum,
935 3869 1128 3957 indignitas
1137 3867 1188 3935 rei
1202 3890 1263 3957 pa·
1316 3868 1508 3959 parandam
1519 3889 1625 3959 quam
1644 3866 1861 3938 uberrimam
1877 3875 2051 3944 sermonis
2065 3877 2208 3970 copiam
2221 3900 2299 3951 con.

276 3974 334 4045 rit.
369 3969 537 4041 Seculum
555 3968 592 4034 in
607 3961 663 4035 his
679 3967 832 4037 miseriis
846 3971 1183 4055 consumitur,dum
1199 3969 1264 4038 iste
1316 3971 1422 4042 ducat
1444 3982 1549 4061 atque
1572 3969 1734 4039 assiduus
1757 3971 1887 4065 stylus,
1912 3998 1986 4045 non
2009 3978 2120 4049 alium
2145 3982 2299 4053 laborm

276 4075 409 4165 primas
432 4071 551 4140 literas
565 4069 741 4143 didicerit.
792 4070 866 4141 Nec
879 4085 981 4164 putet
994 4096 1031 4141 se
1048 4073 1117 4141 iarn
1135 4072 1265 4141 defun·
1318 4084 1434 4140 tamen
1449 4071 1598 4163 perinde
1612 4086 1776 4143 recusant
1792 4076 1969 4168 suscipere
1992 4094 2098 4175 atque
2115 4083 2300 4161 scribendi.

277 4189 373 4246 ctum
390 4197 463 4242 esse
480 4175 720 4266 paedagogus,
746 4168 832 4243 haec
853 4186 992 4243 tantum
1011 4186 1151 4243 nostrae
1172 4173 1264 4243 Tra·
1319 4169 1418 4244 Nihil
1437 4187 1489 4244 est
1509 4197 1598 4263 opus
1616 4170 1673 4241 hic
1691 4198 1875 4247 recensere
1891 4204 2028 4251 causas:
2065 4188 2200 4258 etenim
2222 4172 2299 4259 nott

277 4277 423 4367 goediae
457 4275 639 4365 praeludia
675 4287 776 4354 sunt,
818 4290 926 4347 restat
959 4273 1117 4367 Epitasis
1149 4277 1264 4347 multo
1318 4272 1758 4347 vobisnaturabominum
1772 4292 1989 4353 nostrorum.
2017 4283 2178 4361 lmmane
2195 4312 2301 4384 qnan-

277 4377 533 4450 aerumnosior.
587 4373 752 4445 lnfinitus
768 4377 870 4447 labor
886 4393 955 4463 est,
981 4402 1020 4447 os
1038 4379 1173 4470 puerile
1190 4380 1266 4448 lor-
1317 4393 1374 4451 tus
1389 4380 1491 4448 labor
1504 4392 1555 4449 est
1570 4379 1785 4469 perpellere,
1799 4398 1839 4454 ut
1856 4384 1914 4454 vel
1930 4399 2005 4457 toto
2020 4372 2298 4467 semestrinnum

278 4506 392 4559 mare,
421 4492 456 4548 et
482 4479 526 4547 ad
551 4477 698 4546 latinam
721 4478 880 4569 linguam
902 4482 1130 4552 assuefacere:
1181 4505 1264 4550 nam
1318 4482 1507 4573 epistolion
1527 4482 1708 4553 scribant?
1733 4481 1811 4575 Ego
1829 4509 1913 4555 vero
1931 4492 2087 4581 comperi
2107 4518 2186 4566 non
2202 4495 2298 4567 aliam

279 4610 360 4655 cum
376 4583 498 4672 lingua
519 4581 717 4670 expoliatur
737 4585 993 4653 consuetudine
1010 4586 1101 4655 bene
1115 4585 1267 4677 loquen-
1318 4609 1457 4655 crucem
1484 4584 1589 4653 nobis
1610 4607 1683 4654 esse
1707 4589 1944 4669 acerbiorem,
1982 4618 2088 4686 quam
2120 4622 2204 4668 cum
2231 4596 2298 4669 iffi,

184 4710 203 4741 ι’
278 4689 334 4771 di,
361 4708 507 4777 eamque
531 4683 574 4751 ad
607 4706 682 4752 rem
704 4683 922 4755 disertorum
941 4688 1148 4760 commercia
1172 4687 1267 4756 mul·
1318 4686 1551 4757 cessatoribus
1575 4689 1735 4781 quotidie
1757 4691 1885 4776 rixari,
1920 4718 1999 4763 cum
2025 4697 2134 4768 officii
2157 4722 2299 4772 monen-

279 4803 355 4858 tum
372 4785 544 4858 momenti
561 4785 744 4867 adierunt,
768 4789 943 4876 primum,
968 4804 1008 4860 ut
1021 4806 1072 4863 est
1085 4789 1267 4881 negligen-
1319 4803 1387 4861 tur.
1438 4787 1563 4884 Neque
1588 4815 1671 4859 vero
1698 4816 1856 4886 unquam
1883 4795 1960 4886 cogi
1982 4813 2116 4889 potest,
2139 4817 2299 4875 utunum

279 4892 347 4974 tia,
379 4891 593 4958 converrunt
629 4912 671 4958 ex
700 4891 881 4978 proximo,
909 4887 977 4960 boc
1010 4906 1080 4977 est,
1112 4893 1266 4984 apatria
1318 4916 1460 4962 versum
1486 4891 1635 4977 scribat,
1671 4894 1741 4965 nisi
1763 4912 1971 4988 praeceptor
1999 4902 2178 4986 adsideat,
2201 4906 2302 4981 dictet

279 4993 401 5079 lingua
420 5013 791 5060 omnemsermonem.
842 4990 972 5064 Latine
987 4994 1105 5088 loqui,
1130 4995 1214 5088 quia
1229 4995 1266 5062 id
1319 5008 1583 5086 argumentum,
1616 4998 1817 5088 suppeditet
1836 5002 1954 5073 verba.
2009 5001 2078 5075 lste
2102 5030 2186 5076 cum
2208 5008 2304 5079 inre·

279 5090 462 5164 dlfficlllus
496 5104 587 5175 ‘rtis
625 5116 670 5161 ne
701 5093 846 5184 quidem
884 5111 1069 5168 conantur.
1129 5095 1267 5167 Deinde
1319 5097 1444 5167 niendi
1460 5122 1543 5167 cura
1560 5112 1770 5184 vacat,tum
1787 5126 1889 5193 aegre
1906 5104 2035 5176 dictata
2052 5107 2194 5201 excipit.
2219 5110 2304 5184 Sero

280 5195 362 5290 quia
385 5193 439 5263 sui
466 5193 643 5263 similibus
668 5194 908 5279 delectantur,
930 5201 1154 5271 eruditorum
1171 5223 1269 5269 com·
1319 5194 1386 5268 hac
1409 5201 1666 5271 consuetudine
1687 5226 1728 5271 eo
1753 5207 1993 5294 promoveris,
2032 5223 2072 5280 ut
2098 5235 2164 5283 suo
2189 5211 2307 5284 Marte

262 5297 410 5375 mercia
435 5294 559 5387 procul
576 5296 728 5385 fugiunt.
789 5299 896 5390 Apud
927 5326 1040 5372 unum
1064 5315 1270 5395 praecepto·
1320 5314 1469 5371 conetur
1483 5302 1657 5389 scribere,
1678 5305 1708 5373 si
1723 5319 1842 5376 tamen
1858 5333 2016 5402 unquam
2033 5328 2194 5388 conatur.
2217 5314 2307 5387 Nam

278 5425 353 5471 rem
377 5398 490 5469 latino
512 5421 673 5469 sermone
694 5402 866 5470 utendum
887 5417 958 5490 est,
990 5408 1034 5473 ad
1058 5429 1162 5498 quem
1188 5427 1269 5474 cum
1320 5403 1424 5473 illum
1454 5408 1556 5475 crede
1583 5406 1720 5497 virgula
1746 5408 1869 5480 divina
1891 5415 1936 5481 ad
1961 5414 2129 5487 virtutem
2159 5418 2310 5501 incitari,

277 5516 426 5574 ventum
447 5514 516 5586 est,
550 5498 612 5573 Dii
635 5502 871 5591 immortales,
902 5506 1006 5600 quale
1029 5505 1269 5599 spectaculum
1321 5507 1384 5601 qni
1406 5508 1462 5577 vel
1485 5531 1564 5579 sero
1585 5533 1651 5601 per
1670 5531 1743 5579 sese
1766 5526 1916 5584 conatur
1934 5515 2071 5611 aliquid
2087 5544 2308 5615 componere.
