4664 6022
15 295 21 309 ·
142 283 220 361 635
725 273 890 352 DECL.
934 273 1194 352 DElURE
1224 281 1602 364 POSSIDENDl.
1980 286 1993 297 ’
2120 291 2196 368 686

144 462 316 538 Ιυυῐὸίθδ,
348 452 543 526 Germania
566 475 640 520 ¹10ss
667 449 890 535 defenditur,
925 450 998 519 imo
1021 463 1055 520 et
1077 451 1144 520 do·
1196 474 1229 529 et
1249 462 1294 530 de
1316 461 1388 531 filio
1408 459 1496 549 Dei,
1524 480 1561 537 et
1582 480 1744 537 mutuam
1766 467 2054 538 benevolentiam
2076 481 2196 538 osten-

101 635 104 642 ,
146 561 332 633 mesticum
350 558 484 628 bellum
502 555 585 625 satis
599 553 761 639 crudele,
786 567 862 624 tum
878 553 967 645 gerit
984 567 1060 625 tum
1079 577 1143 645 pa·
1195 564 1339 644 damus,
1365 589 1503 660 nosque
1528 571 1660 639 mutuis
1683 571 1919 661 exemplisad
1940 571 2116 643 virtutem
2138 594 2193 642 ης.

52 698 56 714 ·
146 667 204 739 rit.
244 664 286 737 si
302 658 368 732 hae
385 673 502 731 tantae
519 681 642 728 causae
658 681 733 726 nou
746 672 892 728 movent
908 681 971 728 vos
988 671 1029 727 ut
1043 657 1144 726 viva-
1194 669 1397 740 cendamus.
1451 669 1509 742 Ad
1533 668 1619 743 haec
1642 674 1895 763 intelligenda,
1923 676 2085 767 prolecto
2108 692 2192 765 oput

146 772 192 844 tis
208 766 419 845 modestius,
445 777 486 834 ut
499 760 711 850 confugiatis
733 762 777 831 ad
792 759 908 831 Deum
917 761 939 829 ?'
961 761 1047 854 quid
1064 784 1143 830 mea
1195 785 1262 855 est,
1287 784 1328 840 ut
1352 742 1446 853 dixi,
1473 778 1627 868 quodam
1650 777 1768 847 studio
1787 777 1948 864 virtutis,
1973 779 2106 849 timore
2117 773 2188 864 Dei,

147 872 262 945 oratio
285 868 453 962 proficere
474 864 614 959 polest?
639 865 726 957 quid
744 888 810 934 ¹10⁸
827 865 1003 953 <lelegum
1022 865 1143 955 digni·
1194 877 1379 956 modestia,
1401 892 1435 949 et
1451 880 1636 969 diligentia
1654 882 1891 971 regendorum
1906 905 2064 953 morum.
2101 877 2184 951 Diri.

147 990 219 1048 tate
234 973 329 1065 apud
351 993 409 1039 eos
424 968 630 1039 concionari
646 991 850 1057 possumus,
877 967 940 1062 qui
956 980 998 1037 ut
1013 966 1142 1062 Cyclo-

147 1103 228 1173 pes,
254 1097 369 1167 neque
383 1070 497 1142 Deum
512 1088 627 1165 neque
649 1072 742 1161 leges
758 1070 849 1141 ullas
867 1070 1017 1141 curant?
1068 1069 1143 1140 Pu·

146 1185 207 1253 det
220 1179 303 1251 talia
319 1176 435 1247 dicere
450 1175 490 1244 in
505 1169 642 1261 schola,
664 1198 755 1268 quae
770 1176 922 1245 debebat
934 1198 1008 1243 nou
1025 1174 1142 1244 solum
1220 1224 1275 1294 No
1299 1154 1347 1297 '76
2022 1254 2062 1293 m
2090 1230 2165 1295 ¹543

145 1284 288 1366 audire,
321 1278 511 1350 sedetiam
538 1277 1050 1349 colerevirtutis-doctrinam.
1101 1275 1141 1347 Si
1200 1273 1372 1351 »οἰκ-ζ
1905 1340 1909 1345 .
2015 1274 2175 1352 „202

145 1412 218 1458 esse
234 1383 352 1455 Deum
377 1381 598 1451 conditorem
623 1404 763 1464 rerum,
797 1395 832 1452 et
853 1381 1006 1450 iudicem
1029 1380 1139 1450 facto-
1204 1458 1212 1467 .

143 1514 225 1562 rum
249 1499 454 1557 nostrorum
480 1483 636 1568 sentitis,
669 1484 875 1553 afficiamini
898 1482 1044 1552 monitis
1062 1507 1141 1552 coe·
1263 1571 1277 1623 I
1316 1569 1342 1623 D
1378 1569 1386 1623 Ι
1462 1571 1545 1624 TW
1616 1571 1648 1624 8¹
1792 1550 1921 1624 ,dm
1956 1569 1974 1623 d
2004 1567 2075 1623 ΤΠ
2134 1565 2180 1626 ως

1280 1589 1296 1623 u
1345 1588 1441 1626 eoam.
1489 1610 1496 1625 .
1548 1590 1602 1641 .p.
1667 1588 1816 1642 sqq.,apu
1876 1589 1884 1621 ι
1924 1585 1985 1623 ar.
2033 1590 2129 1641 ..μ

142 1593 312 1670 lestibus,
338 1589 455 1680 ipsum
482 1601 641 1657 autorem
673 1612 810 1671 rerum,
840 1600 875 1657 et
900 1587 1054 1655 indicem
1080 1610 1141 1655 ve·
1296 1651 1322 1694 e,
1346 1642 1373 1694 in
1398 1639 1738 1709 servest.·T.tv.·p.74.
1782 1638 1889 1711 Myttos
1914 1641 1942 1693 ,n
1964 1638 2100 1695 chrond.
2123 1642 2177 1698 mg

144 1711 257 1769 strum
284 1691 479 1782 agnoscite,
511 1705 544 1761 et
567 1690 599 1758 ei
623 1690 662 1757 iu
684 1685 740 1758 his
762 1690 887 1760 officiis
908 1712 998 1783 quae
1023 1688 1141 1779 legum
1298 1721 1410 1783 piorum
1428 1709 1499 1766 Met.
1516 1709 1588 1765 tane
1605 1709 1762 1764 ontionem
1780 1710 1874 1764 retulit
1889 1709 1923 1764 ad
1943 1728 1990 1765 m.
2001 1706 2084 1768 1⁵4⁸.

144 1824 231 1871 voce
251 1795 416 1889 requirit,
445 1794 598 1864 obedite.
651 1791 789 1862 Videtis
816 1817 834 1860 a
860 1791 936 1862 Deo
960 1793 1142 1862 ordinatas

144 1927 218 1974 esse
235 1902 328 1969 vices
344 1897 482 1966 dierum
498 1918 538 1966 ac
554 1895 726 1979 noctium,
752 1897 892 1965 aestatis
908 1910 943 1964 et
960 1896 1141 1965 autumni:

144 2001 209 2075 has
226 2004 318 2072 vices
335 2023 407 2069 esse
425 2014 536 2070 certas
552 2021 676 2068 omnes
689 1998 869 2084 fatemini,
890 2023 954 2067 cnr
973 1997 1083 2088 igilur
1098 2001 1142 2068 de

143 2105 312 2202 praemiis
325 2116 418 2173 recte
432 2105 618 2186 factorum,
640 2117 672 2172 et
684 2105 729 2170 de
741 2102 865 2193 poenis
876 2101 1140 2171 malefactorum
1194 2085 1389 2201 Principio
1410 2127 1553 2194 agamus
1570 2105 1698 2193 gratias
1714 2101 1791 2174 Deo
1808 2104 1988 2175 conditori
2007 2106 2183 2177 universae

143 2207 342 2282 dubitatis?
364 2203 468 2276 Certa
483 2207 558 2296 lege
572 2203 641 2274 Dei
657 2205 861 2274 obruuntur
877 2204 1000 2295 poenis
1016 2227 1141 2273 omnes
1195 2223 1359 2292 naturae,
1386 2208 1447 2300 qui
1472 2207 1509 2275 in
1528 2209 1635 2277 tantis
1650 2208 1883 2293 tumultibus,
1910 2221 1944 2277 et
1961 2221 2065 2278 tanta
2081 2204 2183 2280 Euro·
2223 2294 2225 2307 Ι

143 2311 315 2385 scelerati.
366 2305 426 2380 An
453 2333 534 2379 casu
556 2309 689 2399 putatis
710 2307 840 2377 subiici
865 2307 936 2375 iam
965 2309 1142 2377 mundum
1194 2337 1257 2404 pae
1288 2311 1397 2381 totins
1427 2311 1716 2402 perturbatione,
1757 2305 1874 2381 adhuc
1902 2311 2037 2381 studiis
2068 2312 2180 2385 nostris

141 2415 348 2489 barbaricae
365 2411 549 2507 tyrannidi
565 2409 785 2495 Turearum,
812 2410 927 2504 qualis
950 2410 1020 2479 alia
1041 2409 1141 2480 nulla
1193 2414 1422 2507 tranquillam
1442 2415 1559 2482 sedern
1578 2414 1759 2502 praebuit:
1785 2428 1819 2483 et
1836 2427 1917 2483 vota
1934 2413 2125 2499 iaciamus,
2143 2428 2176 2485 nt
2222 2404 2225 2453 1

40 2592 44 2600 ,
143 2520 270 2594 similis
293 2540 452 2609 unquam
470 2513 562 2585 fnit?
595 2512 827 2607 Nequaquam
852 2509 917 2582 boc
942 2536 1024 2583 casu
1050 2513 1142 2583 acci·
1193 2515 1280 2587 haec
1301 2518 1406 2586 nobis
1420 2517 1660 2609 tranquillitas
1678 2517 1723 2585 sit
1738 2517 1924 2586 diuturna:
1953 2540 2079 2588 mores
2093 2518 2180 2588 etiam

143 2627 205 2697 dit.
244 2622 316 2693 Sed
332 2615 400 2689 hoc
416 2619 508 2689 tristi
522 2641 670 2703 carcere,
697 2611 885 2686 hominum
899 2617 1001 2685 furor
1016 2612 1142 2685 coher—
1194 2634 1335 2692 nostros
1351 2645 1389 2690 ea
1407 2620 1579 2689 modestia
1595 2643 1775 2709 regamus,
1801 2633 1841 2688 nt
1857 2619 2036 2690 beneficio
2054 2619 2121 2693 Dei
2135 2620 2180 2689 vi·

143 2729 276 2801 cendus
306 2737 341 2794 et
367 2723 644 2814 compescendus
670 2732 742 2803 est,
774 2721 838 2814 qui
865 2719 976 2788 nullis
1004 2719 1141 2809 legibus
1193 2726 1342 2795 deamur
1356 2747 1430 2792 non
1445 2722 1619 2813 flagitiose
1633 2722 1745 2794 abuti.
1795 2719 1882 2791 Nam
1897 2746 2019 2816 neque
2034 2726 2182 2817 petenda,

142 2829 276 2904 frenari
295 2850 377 2899 suos
398 2849 514 2895 mores
529 2823 669 2907 sinunt,
696 2823 759 2914 qui
777 2822 924 2891 concedi
943 2821 1012 2891 sibi
1030 2823 1142 2891 lieen—
1193 2851 1308 2920 neque
1328 2827 1500 2918 speranda
1517 2839 1569 2895 est
1585 2824 1843 2917 tranquillitas,
1870 2826 2064 2898 sitantum
2082 2827 2179 2897 ociuu

142 2938 249 3017 tiam,
274 2945 314 3000 ut
328 2928 453 3000 beluae
469 2929 614 3010 volunt,
642 2927 855 2994 exercendae
871 2925 1086 3016 petulantiae
1102 2942 1142 2996 ut
1192 2929 1353 3023 pecuinis
1370 2929 1614 3019 voluptatibus
1629 2928 1972 3002 concedivolumus.
2027 2927 2180 3023 Nosqni·
2208 2940 2211 2945 '

141 3039 241 3107 libet.
293 3027 329 3102 Ο
359 3031 614 3121 deplorandam
640 3029 843 3119 principum
874 3028 1140 3117 negligentiam:
1194 3037 1275 3103 dem
1300 3032 1362 3126 qui
1386 3031 1585 3102 doctrinam
1610 3031 1755 3101 virtutis
1777 3031 2020 3125 inquirimus,
2058 3032 2173 3123 longios

142 3136 201 3209 his
223 3136 327 3206 malis
343 3133 480 3204 mederi
498 3155 557 3204 eos
574 3133 778 3223 oportebat,
805 3145 844 3202 ut
868 3126 960 3200 hanc
984 3132 1142 3200 indomi-
1192 3137 1517 3228 prospicereveros
1541 3135 1627 3204 fines
1648 3133 1744 3223 pacis
1763 3135 1883 3218 decet,
1908 3158 1978 3204 nec
1992 3135 2177 3207 tantumde

143 3257 216 3314 tam
233 3241 374 3311 turbam
392 3236 622 3306 severissimis
647 3236 770 3325 poenis
791 3237 833 3304 ad
860 3235 1068 3302 modestiam
1084 3258 1141 3302 re·
1193 3239 1351 3331 corporis
1375 3237 1620 3329 voluptatibus
1643 3236 1807 3326 cogitare.
1859 3234 1970 3325 Quod
1991 3251 2051 3310 est
2067 3236 2183 3311 tristius

143 3355 331 3426 vocarent,
355 3343 451 3434 quod
476 3341 546 3408 nisi
568 3341 711 3407 tandem
734 3337 885 3421 sacient,
910 3335 1007 3406 Deus
1030 3339 1141 3407 iratus
1192 3343 1451 3435 spectaculum,
1476 3364 1582 3435 quam
1604 3339 1689 3410 iude
1710 3362 1823 3432 usque
1843 3341 1889 3408 ab
1913 3340 2028 3411 initio
2051 3340 2187 3436 postla·
2221 3346 2225 3407 l

144 3444 208 3518 has
229 3459 350 3537 gentes
368 3442 536 3513 servitute
553 3439 704 3523 Turrica
726 3442 922 3532 opprimet,
948 3443 1010 3509 sed
1033 3443 1139 3511 redeo
1193 3469 1296 3538 psum
1318 3445 1515 3536 primorum
1536 3457 1726 3536 parentum
1742 3454 1862 3512 mente
1876 3442 2014 3520 intueri
2032 3443 2185 3516 omniun

144 3555 186 3622 ad
207 3546 453 3631 scholasticos,
478 3547 677 3615 obtestatur
692 3567 756 3613 vos
774 3540 832 3613 hic
856 3544 1043 3613 universus
1059 3568 1139 3613 coe·
1192 3562 1346 3619 aetatum
1375 3543 1579 3619 historiam:
1623 3559 1658 3615 et
1685 3570 1760 3615 non
1789 3545 1906 3615 solum
1935 3548 2069 3619 caedes
2098 3548 2187 3641 ipset,

143 3670 201 3727 tus
215 3664 483 3745 praeceptorum
499 3661 719 3730 vestrorum,
745 3661 779 3717 et
796 3646 967 3738 praecipit
984 3672 1067 3716 voce
1082 3649 1139 3715 di·
1192 3653 1306 3736 bella,
1345 3650 1481 3720 excidia
1517 3649 1663 3720 urbium
1696 3673 1736 3718 ac
1773 3648 1949 3736 gentium:
1994 3653 2062 3721 sed
2092 3650 2186 3722 etim

145 3757 247 3838 vina,
272 3767 312 3823 ut
334 3766 368 3822 et
390 3750 624 3820 revereamini
646 3746 781 3833 Deum,
806 3761 841 3818 et
867 3749 994 3818 vivatis
1017 3753 1139 3820 mode·
1191 3779 1312 3824 causas
1336 3767 1518 3824 tantorum
1541 3752 1717 3821 malorum
1740 3751 1996 3821 considerare?
2050 3752 2187 3844 sempe

145 3860 249 3939 stius,
276 3878 384 3948 eaque
408 3855 445 3921 in
469 3878 506 3922 re
532 3876 612 3921 cum
635 3864 769 3920 vestrae
791 3852 916 3938 saluti,
941 3867 1016 3923 tum
1043 3879 1141 3922 com·
1194 3859 1287 3928 enim
1311 3857 1486 3949 sapientes
1507 3855 1577 3923 viri
1598 3854 1718 3924 mirati
1742 3867 1846 3938 sunt,
1869 3854 1969 3922 unde
1986 3856 2089 3931 tanti
2099 3857 2188 3926 iuro·

144 3962 248 4031 muni
276 3956 480 4029 consulatis.
542 3953 621 4024 Nisi
655 3955 750 4023 euim
779 3969 884 4024 erunt
907 3957 1140 4026 modestiores
1192 3985 1248 4030 res
1265 3962 1337 4031 siut
1352 3960 1391 4027 in
1409 3974 1481 4031 tam
1494 3957 1688 4050 praestanti
1702 3970 1848 4041 natura,
1872 3949 2188 4052 uthominesqui-

143 4087 282 4146 mores,
316 4061 472 4153 Pf⁰f⁸⁰l⁰
495 4053 582 4126 haec
606 4059 720 4139 b⁰¹122
749 4058 865 4127 lucem
889 4059 1072 4128 doctrinae
1095 4062 1140 4129 de
1192 4065 1258 4136 bus
1281 4064 1409 4134 insitus
1431 4076 1483 4133 est
1505 4085 1606 4130 amor
1628 4059 1827 4129 communis
1848 4058 2054 4143 societatis,
2081 4060 2189 4131 ausint
2223 4058 2225 4155 l

142 4165 239 4250 Deo,
262 4162 457 4246 Ecclesias,
483 4162 586 4251 leges,
611 4161 749 4243 literas,
773 4175 807 4231 et
823 4174 956 4229 caetera
974 4163 1064 4231 vitae
1080 4188 1140 4233 or·
1193 4181 1311 4238 tamen
1331 4161 1399 4235 hoc
1423 4165 1542 4258 ipsum
1564 4163 1690 4232 foedus
1711 4161 1954 4231 crudelissime
1980 4162 2189 4247 violare,et
2222 4158 2225 4189 ¹

144 4280 309 4339 namenta
326 4265 489 4335 amissuri
503 4266 595 4336 estis.
629 4261 771 4351 Quanta
785 4265 878 4333 bona
895 4262 1139 4335 amisitAdam
1192 4270 1338 4339 exitium
1365 4262 1575 4337 hominibus
1603 4263 1736 4337 moliri.
1788 4262 1872 4334 Non
1894 4264 2081 4337 dimicant
2104 4266 2188 4336 inter

143 4396 217 4442 uno
233 4368 359 4461 lapsu?
400 4365 582 4455 Quamdiu
600 4361 733 4436 ethnici
752 4367 789 4435 in
807 4367 977 4451 tenebris,
1002 4364 1139 4439 el⁰ll0r·
1191 4396 1265 4442 sese
1282 4373 1423 4458 leones,
1448 4371 1555 4462 lupus
1569 4393 1588 4437 a
1603 4368 1690 4459 lupo
1706 4368 1875 4452 abstinet,
1897 4366 1993 4438 ursis
2007 4368 2188 4440 intersere

143 4475 264 4545 rendis
280 4471 471 4542 sceleribus
487 4469 674 4538 vixerunt?
700 4484 883 4563 propterea
900 4472 995 4564 quod
1015 4497 1137 4543 eorum
1190 4478 1315 4546 foedus
1337 4488 1400 4548 est.
1451 4471 1526 4544 Cur
1545 4467 1726 4551 homiues,
1753 4482 1787 4539 et
1804 4469 1949 4562 quidem
1966 4472 2137 4563 cognati,
2158 4480 2188 4538 et

143 4579 295 4648 maiores
318 4586 523 4665 spreverant
545 4573 743 4642 doctrinam
768 4574 964 4663 primorum
986 4589 1138 4666 patrum.
1190 4579 1311 4648 multis
1341 4578 1436 4646 inter
1465 4598 1502 4645 se
1533 4573 1756 4643 naturalibus
1784 4585 1818 4641 et
1846 4571 2019 4644 civilibus
2043 4571 2186 4645 vinculis

142 4679 210 4752 His
233 4677 402 4768 exemplis
424 4699 487 4745 vos
511 4678 554 4745 ad
577 4676 743 4767 pietatem
767 4691 800 4744 et
818 4677 1025 4745 modestiam
1045 4680 1137 4747 erci-
1191 4680 1395 4765 coniuncti,
1432 4678 1471 4746 in
1500 4690 1664 4747 mutuam
1697 4675 1839 4744 caedem
1871 4676 2012 4747 ruunt?
2067 4674 2185 4751 Statim

143 4798 224 4863 tate,
250 4784 346 4875 quod
364 4780 394 4848 si
408 4779 554 4862 facietis,
578 4802 651 4846 non
666 4779 782 4847 solum
796 4779 1003 4866 dignitatem
1019 4780 1135 4868 legum
1189 4784 1294 4853 initio
1325 4782 1464 4871 generis
1496 4776 1647 4849 humani
1677 4779 1786 4847 frater
1817 4775 2015 4850 trucidavit
2036 4779 2184 4851 fratrem·
2223 4838 2225 4849 .

143 4909 225 4954 vere
250 4883 473 4972 intelligetis,
499 4882 558 4950 sed
583 4881 687 4950 etiam
704 4882 743 4949 in
767 4882 1024 4972 gubernatione
1040 4884 1137 4954 eritis
1187 4883 1236 4958 Et
1259 4886 1378 4957 statim
1393 4884 1504 4954 multa
1519 4895 1635 4952 secuta
1651 4893 1735 4950 sunt
1748 4872 1916 4971 exempla.
1972 4876 2184 4968 Quotiesle·

142 4986 304 5056 foelicest
336 4982 433 5054 Deus
452 4985 546 5053 enim
572 4983 748 5074 promittit
775 4985 848 5053 suis
871 4985 1079 5076 sapientiam
1103 4999 1137 5056 et
1188 4988 1269 5080 gitis
1292 4988 1331 5057 in
1348 4986 1598 5059 obsidionibus
1615 4985 1707 5054 forte
1722 4984 1846 5052 ductos
1860 4975 2033 5052 homines
2048 4982 2184 5077 quitto·

144 5109 333 5160 successus.
375 5089 427 5156 lta
441 5087 646 5176 intelligetis
664 5086 759 5176 leges
772 5110 845 5157 esse
861 5087 927 5158 Dei
942 5113 1075 5172 vocem,
1102 5103 1136 5160 et
1188 5103 1373 5171 carentur,
1398 5104 1439 5160 ut
1460 5088 1588 5160 caeteri
1609 5082 1766 5156 humana
1789 5108 1895 5154 carne
1908 5084 2013 5176 pasci
2026 5078 2184 5179 possml‘l

142 5191 240 5263 hurle
280 5188 464 5281 politicum
501 5189 663 5258 ordinem
698 5214 718 5257 a
752 5186 829 5258 Deo
865 5204 897 5260 et
932 5191 1135 5263 institutum
1188 5194 1330 5266 Accidit
1345 5189 1413 5263 hoe
1430 5217 1503 5261 non
1520 5204 1659 5262 tantum
1676 5186 1921 5280 [erosolymis,
1948 5188 2016 5257 sed
2033 5184 2184 5261 etiami!

143 5319 235 5378 esse,
263 5308 298 5364 et
318 5292 438 5384 aliqua
460 5316 501 5360 ex
524 5305 640 5383 parte,
667 5292 886 5376 conservari,
911 5306 952 5363 ut
968 5294 1006 5362 iu
1024 5296 1135 5364 socie·
1189 5294 1311 5381 Utica,
1343 5294 1568 5378 iuPotidea,
1595 5305 1631 5362 et
1651 5292 1732 5360 aliis
1754 5290 1876 5360 multis
1896 5290 2001 5364 locis.
2057 5291 2182 5363 Mirm
2223 5344 2225 5375 ,

140 5413 212 5472 tate
227 5393 383 5467 humana
402 5395 599 5465 innotescat
621 5395 712 5486 ipse,
740 5407 774 5464 et
787 5418 854 5463 nos
876 5397 1031 5486 copulati
1056 5422 1136 5467 mu·
1187 5413 1239 5468 est
1268 5399 1449 5491 prolecto,
1481 5410 1619 5466 tantum
1647 5393 1886 5463 calamitatum
1910 5392 1952 5462 iu
1972 5387 2045 5464 hac
2067 5407 2181 5465 natura

141 5503 212 5574 tuis
224 5500 362 5586 officiis,
387 5497 590 5570 testimonia
606 5509 748 5568 nostrae
766 5497 972 5585 sententiae,
997 5501 1041 5569 de
1058 5500 1134 5571 Deo
1188 5525 1282 5589 esse,
1307 5525 1398 5596 quae
1418 5513 1565 5592 propter
1584 5497 1761 5568 rationem
1780 5494 1984 5569 divinitatis
2006 5498 2180 5591 pardem,

1435 1428 1511 1513 De
1542 1429 1642 1514 iure
1668 1422 1953 1540 possidendi.

1194 1852 1326 1944 Oratio
1351 1847 1397 1920 de
1417 1855 1608 1923 sententio
1626 1856 1666 1922 in
1681 1848 1866 1936 ἀεονείίε,
1891 1850 2065 1948 singulos
2075 1855 2182 1943 posei-

1279 1951 1393 2043 dere,
1419 1976 1465 2025 ea
1481 1977 1577 2048 quoe
1587 1951 1808 2047 possideat,
1835 1957 1918 2025 iure
1931 1951 2113 2026 lamuono.
