4664 6022
143 290 218 366 821
596 281 758 357 DECL.
805 279 879 355 DE
913 278 1184 356 IOHANNE
1216 276 1731 358 REGIOMONTANO.
1993 221 1997 229 Ι
2117 288 2192 364 822

143 462 298 553 ceptoris
313 473 461 531 mortem
479 458 605 543 deflet,
627 471 662 528 et
678 455 754 527 eius
769 455 954 546 ingenium
975 455 1023 524 ita
1042 478 1144 547 prae·
1194 467 1249 525 rat
1272 453 1427 524 amicitia
1453 466 1597 545 propter
1619 453 1821 527 societatem
1842 457 2043 530 studiorum
2064 472 2098 530 et
2118 460 2190 531 vir-

143 566 258 645 dicat‚
284 577 325 636 ut
338 561 507 635 omnibus
521 560 644 632 aetatis
664 583 749 630 suae
765 554 1029 653 Mathematicis
1044 572 1145 629 ante·
1194 570 1317 630 tutem.
1370 555 1545 628 Absoluta
1562 557 1786 627 enarratione
1799 555 1999 650 Alfragani,
2025 587 2105 632 cum
2119 563 2189 633 iam

144 670 248 739 ferat.
1192 657 1382 731 Bessarion
1400 685 1442 730 ex
1459 657 1609 731 Graecia
1625 660 1809 746 rediisset,
1834 664 1986 735 contulit
2005 687 2040 733 se
2055 662 2190 756 Regio·

250 768 440 840 incesserat
463 780 580 837 autem
598 764 741 858 utrique
762 764 935 855 cupiditas
960 764 1144 834 adeundae
1193 761 1587 845 montannsVenetias,
1615 788 1710 832 anno
1736 763 1925 836 millesimo
1948 766 2189 860 quadringen·
2225 768 2238 786 ‘

143 873 289 958 ltaliae,
316 866 537 942 Purbacchio
553 882 587 939 et
601 866 902 957 Regiomontano,
930 880 1005 938 tum
1022 881 1062 935 ut
1078 869 1144 934 do·
1193 865 1341 950 tesimo‚
1367 880 1494 960 quarto
1519 880 1553 935 et
1568 868 1792 956 sexagesimo.
1844 865 1914 939 Hic
1937 884 1972 941 et
1994 870 2127 941 librum
2146 875 2189 942 de

143 991 219 1049 ctos
243 978 339 1045 viros
362 975 399 1042 in
425 972 526 1044 ltalia
557 972 723 1042 audirent
752 966 1020 1066 (celebrabatur
1046 968 1143 1037 enim
1193 968 1379 1059 triangulis
1398 992 1523 1058 magna
1541 969 1725 1059 diligentia
1743 971 1971 1062 conscripsit,
1998 987 2031 1044 et
2055 975 2190 1046 refuta-

142 1075 339 1150 Blanchini
355 1073 490 1171 fama),
511 1090 586 1147 tum
604 1087 644 1145 ut
662 1070 818 1143 Graecae
837 1072 980 1163 linguae
999 1095 1143 1164 operam
1193 1071 1306 1141 tiones
1322 1073 1559 1165 quadraturae
1574 1072 1716 1157 circuli,
1742 1095 1829 1166 quas
1843 1070 2012 1146 Nicolaus
2027 1072 2190 1149 Cusanus

142 1187 283 1263 darent,
305 1181 342 1250 in
359 1204 429 1273 qua
444 1181 561 1249 fontes
576 1171 702 1247 harum
718 1176 849 1246 artium
864 1174 1040 1246 contineri
1057 1174 1144 1243 scie·
1193 1177 1450 1245 demonstrasse
1483 1176 1691 1265 putabatur:
1734 1172 1887 1247 Romam
1920 1191 2040 1270 postea
2074 1180 2191 1266 rediit,

140 1290 250 1368 bant,
276 1298 311 1356 et
325 1282 567 1353 Ptolemaeum
584 1304 646 1350 sua
665 1279 786 1367 lingua
809 1280 1012 1372 loquentem
1029 1278 1144 1365 legere
1192 1277 1254 1347 ubi
1272 1278 1384 1347 libros
1395 1275 1550 1346 Graecos
1566 1293 1600 1348 ct
1615 1276 1762 1348 Latinos
1778 1278 1905 1370 partim
1923 1303 1984 1351 sua
2001 1307 2113 1355 manu
2127 1285 2191 1354 de·

141 1391 324 1460 volebant.
377 1384 535 1478 Eratque
560 1377 721 1453 hortator
734 1380 941 1467 Bessarion,
968 1394 1008 1451 ut
1024 1404 1141 1449 secum
1192 1381 1353 1472 scripsit,
1377 1379 1513 1474 (pinxit
1536 1381 1630 1449 enim
1657 1382 1840 1453 literarum
1866 1383 1994 1472 figuras
2018 1398 2051 1455 et
2078 1412 2190 1458 venu-

140 1491 462 1588 proliciscerentur.
496 1483 626 1556 Narrat
644 1484 749 1555 etiam
764 1483 1083 1575 Regiomontanus,
1107 1505 1144 1550 se
1193 1496 1291 1553 state.
1311 1497 1345 1554 et
1369 1474 1538 1553 facilitate
1560 1479 1721 1580 magna)
1739 1485 1866 1576 partim
1892 1510 2020 1576 magna
2041 1490 2190 1579 pecnnia

141 1595 422 1675 adolescentem,
457 1614 537 1659 cum
566 1588 703 1659 videret
726 1589 816 1657 duos
842 1585 1143 1678 ingeniosissimos
1193 1585 1345 1655 describi
1361 1585 1508 1656 curavit.
1559 1583 1629 1657 Hic
1645 1603 1680 1658 et
1696 1588 1888 1658 certamina
1906 1589 1938 1657 ei
1954 1614 2034 1660 cum
2053 1590 2190 1685 Trape-

141 1701 260 1778 viros,
295 1688 555 1765 Purbacchium
585 1705 620 1763 et
647 1689 874 1761 Franciscum
903 1689 1142 1760 Mantuanum
1193 1688 1312 1759 nontin
1347 1688 1516 1758 acerrima
1547 1690 1710 1775 fuerunt,
1751 1690 1852 1760 cuius
1883 1686 2190 1780 hallucinationes,

143 1804 184 1873 iu
217 1794 440 1870 versionibus
482 1788 726 1885 geographicis
761 1791 954 1863 Ptolemaei
988 1788 1143 1870 haerere,
1193 1818 1272 1862 cum
1291 1785 1475 1862 Theonem
1494 1786 1822 1883 reprehendissent,
1843 1792 1994 1884 ingenue
2012 1797 2190 1873 refutavit.

143 1921 290 1999 propter
307 1900 483 1972 inscitiam
504 1896 661 1968 Graecae
676 1897 832 1986 linguae,
856 1897 960 1966 valde
976 1895 1144 1977 doluisse,
1194 1894 1379 1986 Peragrata
1398 1894 1520 1978 ltalia,
1547 1895 1653 1965 rediit
1670 1895 1864 1980 Viennam,
1890 1897 1953 1967 ubi
1978 1899 2042 1971 etsi
2064 1902 2191 1971 docere

146 2011 240 2106 quod
269 2008 385 2078 fontes
412 2002 587 2094 inspicere
620 2024 693 2069 non
730 2014 864 2091 posset,
896 2023 962 2068 nec
987 1997 1144 2069 Graecae
1193 2010 1375 2088 coeperat,
1412 2012 1529 2067 tamen
1543 2011 1707 2068 evocatus
1730 1996 1865 2089 aRege
1881 1995 2057 2086 Matthia,
2090 2017 2125 2075 et
2146 2006 2191 2075 ab

144 2112 287 2201 linguae
305 2119 549 2200 praeceptores
572 2098 736 2184 baberet,
764 2126 911 2195 eamque
936 2103 983 2172 ob
1003 2122 1142 2170 causam
1193 2098 1371 2192 Episcopo
1395 2098 1651 2189 Strigoniensi,
1685 2103 1824 2191 magnis
1847 2103 1892 2172 ab
1913 2115 2065 2196 utroque
2088 2130 2189 2197 prae·

143 2239 181 2285 se
195 2213 389 2284 decrevisse
403 2209 595 2302 aliquando
614 2204 753 2277 ltaliam
768 2205 877 2275 adire.
917 2204 1069 2274 Moleste
1086 2217 1143 2271 tu·
1195 2204 1275 2272 miis
1299 2206 1451 2272 donatus
1473 2216 1533 2272 est.
1585 2200 1661 2275 Rex
1687 2205 1792 2274 etiam
1824 2205 2032 2294 pensionem
2064 2210 2095 2277 ei
2125 2234 2191 2279 an·

144 2320 234 2388 lerat
250 2316 464 2394 adolescens,
492 2311 529 2377 in
546 2309 709 2378 versione
725 2309 970 2400 descriptionis
985 2303 1143 2378 Danubii
1194 2331 1301 2376 nuam
1327 2304 1504 2390 decrevit,
1531 2329 1656 2376 aureos
1676 2304 1901 2396 Hungaricos
1921 2307 2009 2379 200.
2062 2308 2131 2381 Hic
2156 2328 2191 2382 et

144 2421 247 2492 toties
265 2430 419 2486 erratum
439 2437 526 2506 esse.
578 2409 668 2479 Nam
684 2435 766 2480 cum
781 2412 819 2479 in
838 2424 933 2481 textu
949 2409 993 2480 sit
1017 2408 1145 2504 impo-
1194 2409 1266 2498 regi
1290 2422 1323 2479 et
1348 2405 1527 2501 Episcopo
1549 2409 1781 2480 instrumenta
1803 2409 1989 2481 fabricavit
2008 2415 2053 2482 ad
2069 2415 2194 2489 obser-¹

144 2520 217 2614 πὴ,
244 2542 334 2608 quae
356 2528 407 2584 est
425 2525 580 2595 meatus,
606 2512 670 2580 ubi
695 2512 818 2584 influit
839 2513 930 2582 alius
944 2511 1078 2589 amnis,
1104 2522 1146 2580 ut
1194 2514 1474 2581 vandosmotus.
1512 2508 1602 2581 Nam
1619 2509 1787 2605 Episcopi
1803 2538 1929 2605 magna
1946 2529 2019 2584 erat
2035 2518 2189 2589 eruditio

145 2628 189 2693 ad
210 2618 393 2688 Patavium
410 2611 536 2685 Ocnus
554 2613 674 2683 inttui:
689 2614 728 2682 in
742 2610 967 2685 Danubium:
992 2625 1144 2685 verterat
1194 2616 1233 2684 in
1254 2610 1310 2683 his
1325 2614 1537 2705 disciplinis.
1588 2613 1635 2685 Et
1658 2613 1756 2695 Rex,
1783 2616 1944 2710 quamvis
1961 2642 2066 2688 nemo
2085 2619 2189 2690 Prin·

146 2727 320 2813 interpres
338 2719 460 2789 multis
478 2717 565 2786 loeis
581 2717 778 2799 scissiones,
805 2717 907 2810 quasi
923 2731 1057 2787 caetera
1074 2716 1144 2785 flu-
1194 2719 1312 2810 cipum
1328 2717 1403 2787 eius
1419 2717 1541 2788 aetatis
1558 2718 1762 2787 bellicosior
1775 2733 1861 2804 erat,
1887 2733 2005 2791 tamen
2023 2745 2096 2793 non
2115 2737 2190 2795 erat

146 2826 243 2907 mina
257 2824 327 2892 sint
344 2819 503 2892 Danubii
520 2813 677 2889 brachia.
725 2817 845 2887 Simili
862 2814 1144 2889 hallucinatione
1194 2821 1294 2891 rudis
1316 2820 1560 2890 doctrinaede
1583 2821 1738 2891 motibus
1763 2822 1984 2893 coelestibus.
2036 2822 2192 2897 Narrant

144 2925 336 3017 descriptio
363 2922 451 2993 Padi
486 2922 670 2990 obscurata
708 2935 770 2992 est.
822 2918 892 2990 Sed
929 2915 1143 2992 Purbacchii
1194 2938 1228 2994 et
1250 2922 1458 3010 gravissimo
1481 2923 1608 2991 morbo
1640 2937 1816 2993 servatum
1848 2947 1921 2994 esse
1945 2921 2192 2999 Mathematici

141 3030 334 3102 consilium
358 3029 401 3095 de
428 3020 495 3094 hac
519 3022 805 3114 peregrinatione
829 3046 925 3091 mors
954 3023 1143 3091 immatura
1194 3025 1356 3095 consilio.
1408 3023 1498 3092 Nam
1515 3049 1594 3093 cum
1614 3023 1748 3096 Medici
1765 3028 1900 3096 nullam
1919 3029 1955 3096 in
1980 3023 2192 3102 humoribug

141 3130 349 3202 antevertit:
385 3152 455 3221 quo
482 3125 637 3196 extincto
662 3125 776 3194 luctus
796 3123 902 3193 etiam
922 3122 1144 3213 Regiomon-
1195 3150 1334 3197 causam
1361 3127 1477 3196 morbi
1503 3119 1829 3216 deprehenderent,
1854 3152 1894 3199 ac
1917 3131 2192 3205 animadvertis·

140 3253 267 3308 tanum
299 3230 429 3314 movit,
468 3242 507 3298 ut
534 3226 673 3297 facilius
703 3223 878 3296 Viennam
914 3228 1144 3319 relinqueret.
1193 3242 1271 3300 sent
1287 3237 1425 3300 tantum
1440 3226 1628 3297 mirificum
1643 3253 1717 3299 esse
1729 3230 1935 3319 languorem
1952 3237 2087 3317 cordis,
2110 3235 2191 3306 Ma-

141 3337 346 3412 Comitatur
372 3333 480 3423 igitur
505 3328 751 3400 Bessarionem
776 3330 982 3399 redeuntem
1008 3329 1044 3397 in
1074 3328 1138 3397 lta·
1193 3328 1403 3403 thematicus
1420 3330 1572 3414 monuit,
1595 3328 1928 3424 propterEelipsin,
1952 3360 2042 3428 quae
2058 3339 2190 3409 minata

145 3443 250 3525 liant,
273 3465 352 3509 cum
373 3437 443 3505 iam
461 3457 535 3502 non
558 3432 681 3525 procul
698 3456 716 3500 a
734 3431 912 3502 tricesimo
930 3455 1026 3501 anno
1042 3432 1142 3500 abes·
1194 3437 1309 3505 fuerat
1332 3431 1442 3521 Regis
1461 3432 1572 3513 vitae,
1600 3428 1691 3502 hanc
1714 3435 1992 3506 imbecillitatem
2015 3440 2190 3511 virtutum

142 3558 207 3616 set.
260 3540 398 3614 Romae
428 3561 510 3608 cum
539 3534 780 3627 Trapezontio
808 3556 911 3626 saepe
938 3555 1143 3624 congressus
1195 3537 1357 3608 vitalium
1376 3535 1545 3607 extitisse:
1567 3559 1632 3604 nec
1651 3560 1790 3607 causam
1809 3537 1848 3607 in
1868 3533 2066 3612 honoribus
2082 3568 2190 3636 quae·

141 3663 208 3718 est.
261 3642 443 3715 Lustravit
466 3654 499 3710 et
514 3633 765 3721 bibliothecas,
790 3661 881 3730 quae
905 3638 1015 3726 magis
1038 3637 1142 3708 etiam
1194 3643 1340 3710 rendam
1357 3663 1450 3723 esse,
1475 3641 1537 3708 sed
1553 3651 1691 3708 tantum
1707 3640 1825 3709 cordis
1840 3641 1931 3711 vires
1947 3645 2053 3714 rebus
2071 3647 2190 3715 suavi-

139 3751 383 3820 accenderunt
402 3769 501 3826 eum,
526 3756 567 3813 ut
583 3739 740 3811 Graecae
764 3739 905 3830 linguae
922 3764 1064 3832 operam
1080 3742 1143 3809 da·
1195 3746 1260 3814 bus
1276 3744 1457 3814 fovendas,
1510 3739 1561 3814 lta
1579 3737 1656 3812 Rex
1670 3743 1863 3815 convaluit,

141 3868 211 3924 ret.
240 3851 382 3921 Ardens
398 3847 507 3937 igitur
522 3839 588 3914 hac
604 3844 808 3936 cupiditate,
830 3844 940 3913 multa
958 3866 1018 3913 sua
1034 3866 1141 3912 manu

140 3954 349 4046 descripsit,
375 3966 409 4022 et
423 3947 616 4020 Ptolemaei
631 3948 742 4018 libros
759 3945 826 4016 sibi
844 3946 1035 4016 familiares
1047 3946 1144 4016 tecit.

140 4058 252 4129 Tunc
275 4072 309 4129 et
325 4054 513 4142 Dialognm
537 4063 658 4121 contra
674 4047 925 4120 Cremonensis
949 4045 1143 4119 Theoricas

137 4159 297 4252 scripsit.
348 4152 544 4250 Aliquanto
580 4165 659 4245 post
684 4149 883 4221 Ferrariam
915 4176 951 4222 se
982 4151 1144 4236 contulit,

140 4263 209 4335 ubi
225 4276 310 4334 tunc
332 4274 431 4329 erant
447 4251 669 4325 Blanchinus
688 4268 723 4324 et
739 4248 953 4324 Theodorus
968 4251 1083 4338 Gaza,
1109 4266 1144 4323 et

143 4364 332 4437 Guarinus
355 4362 404 4431 ibi
423 4357 559 4430 Graece
576 4359 734 4428 docebat.
786 4353 856 4426 Hic
881 4358 1025 4428 navavit
1045 4379 1144 4446 egre-

142 4470 241 4560 giam
270 4489 412 4559 operam
446 4464 483 4532 in
513 4459 649 4533 Graeca
677 4460 817 4549 lingna,
851 4460 1004 4550 amplius
1031 4483 1143 4528 anno:

144 4584 359 4662 tantumque
379 4566 523 4648 didicit,
556 4579 595 4634 ut
618 4576 654 4632 et
676 4585 796 4632 versus
820 4585 941 4649 graece
965 4562 1145 4647 scriberet,

143 4674 211 4770 qni
230 4664 347 4741 adhuc
364 4682 501 4752 extant,
533 4681 565 4735 et
591 4665 749 4756 expedite
773 4663 905 4732 versari
924 4664 961 4732 in
978 4659 1143 4733 Philoso-
1297 4656 1351 4732 Eo
1383 4657 1459 4749 ipso
1490 4669 1648 4748 tempore
1671 4656 1752 4730 Rex
1778 4657 1985 4730 Pannoniae
2019 4658 2192 4735 Matthias

145 4775 230 4871 phis
241 4772 387 4845 Graecis
402 4783 529 4864 posset.
559 4767 628 4840 Hic
644 4768 713 4836 iam
721 4764 964 4837 Ptolemaeum
980 4762 1144 4836 et'l’heo-
1195 4763 1329 4834 bellum
1348 4760 1460 4831 movit
1474 4760 1643 4830 adversus
1658 4755 1859 4846 Bohemos,
1885 4788 2044 4857 quaeres
2063 4766 2192 4837 multr-

146 4881 206 4952 nis
222 4875 495 4949 commentarios
511 4873 674 4943 conferre
690 4871 815 4960 coepit.
854 4865 1051 4962 Aliquanto
1067 4880 1146 4960 post
1196 4890 1276 4937 rum
1294 4864 1493 4932 vicinarum
1508 4862 1695 4952 regionum
1712 4864 2007 4956 tranquillitatem
2025 4870 2193 4942 turbavit.

146 4982 332 5055 discedens
352 4975 537 5059 Ferraria,
568 4974 666 5045 venit
687 4973 724 5042 in
751 4970 978 5040 Academiam
1003 4969 1147 5041 Patavi·
1197 4963 1354 5039 Bohemi
1367 4965 1495 5056 partim
1510 4962 1723 5035 Casimirum
1739 4962 1910 5037 Poloniae
1925 4966 2060 5059 Regem
2077 4995 2193 5042 accer-

146 5110 244 5168 nam,
269 5073 638 5169 ubiaPhilosopbiae
654 5073 823 5146 studiosis
839 5087 1000 5163 rogatus,
1026 5073 1148 5143 Alfra-
1197 5074 1342 5150 sebaut,
1385 5065 1514 5158 partim
1545 5090 1693 5157 regnum
1719 5062 1812 5136 Dnci
1843 5067 2017 5141 Saxoniae
2044 5067 2193 5145 Alberto

146 5210 281 5280 ganum
294 5184 437 5278 publice
451 5180 644 5252 enarravit.
697 5175 804 5247 Extat
827 5175 998 5266 praefatio
1024 5175 1075 5247 ibi
1092 5200 1148 5246 re-
1198 5175 1337 5246 tradere
1353 5170 1593 5255 conabantur,
1620 5169 1747 5261 partim
1770 5168 1973 5244 invitabant
1992 5171 2196 5259 Matthiam,

146 5292 266 5371 citata,
286 5288 324 5357 io
341 5310 410 5379 qua
427 5308 500 5354 non
517 5283 634 5352 solum
649 5278 856 5370 disciplinas
872 5278 1063 5370 praedicat,
1086 5280 1147 5348 sed
1199 5277 1274 5372 qui,
1300 5286 1342 5345 ut
1356 5287 1432 5345 erat
1446 5270 1656 5355 acerrimus,
1680 5273 1871 5345 antevertit
1887 5291 2052 5346 caeteros.
2103 5275 2194 5348 Cum

147 5393 255 5467 etiam
279 5412 408 5478 magno
428 5388 582 5458 candore
597 5384 751 5456 celebrat
768 5375 1060 5462 Mathematicos‚
1086 5380 1148 5473 qui
1199 5378 1310 5471 igitur
1337 5373 1545 5459 Pannonia,
1578 5370 1722 5443 Austcia
1758 5387 1794 5445 et
1816 5389 1889 5450 tota
1914 5378 2045 5449 vicinia
2071 5380 2197 5471 plenae

148 5513 236 5569 tuuc
262 5493 302 5563 iu
318 5489 418 5564 ltalia
435 5488 522 5561 clari
545 5488 711 5566 fuerunt,
737 5498 771 5557 et
789 5483 961 5580 quossibi
981 5483 1151 5555 devinxe·
1200 5493 1317 5555 essent
1349 5477 1588 5624 tumultum,
1626 5471 1934 5567 Regiomontanus
1966 5482 2197 5576 tranquillam

1295 3887 1349 3960 Eo
1371 3904 1531 3980 tempore
1552 3888 1857 3979 Regiomontanus
1882 3906 1916 3963 et
1938 3889 2117 3985 Episcopo
2136 3896 2189 3965 illi

1195 3994 1333 4066 tabulas
1365 3992 1602 4063 directionum
1639 3992 1866 4084 conscripsit,
1901 4018 2051 4089 quarum
2087 3999 2189 4069 initia

1195 4095 1332 4168 etiamsi
1349 4097 1394 4164 ab
1414 4096 1494 4165 aliis
1510 4095 1678 4187 sumpsit,
1704 4107 1823 4165 tamen
1840 4120 1967 4189 magna
1983 4123 2067 4191 pars
2088 4103 2191 4175 lucu-

1194 4200 1368 4271 brationis
1390 4192 1497 4268 huius
1517 4213 1568 4269 est
1592 4198 1702 4290 ipsius
1720 4198 1877 4291 propria.
1927 4196 1974 4271 Et
1988 4196 2075 4274 haec
2091 4205 2192 4273 labo·

1194 4328 1274 4374 rum
1291 4301 1566 4372 communicatio
1592 4301 1683 4371 iusta
1712 4314 1747 4372 et
1776 4303 1881 4372 laude
1900 4303 2104 4394 dignissima
2127 4321 2190 4389 est,

1195 4406 1330 4497 priores
1353 4404 1483 4474 artium
1507 4402 1640 4472 semina
1663 4405 1803 4474 tradere
1826 4407 1993 4497 posteris,
2019 4420 2053 4477 et
2074 4423 2192 4500 poste-

1194 4531 1305 4579 rosea
1331 4506 1483 4576 fideliter
1501 4527 1710 4576 conservare
1737 4519 1771 4577 et
1795 4507 1985 4582 illustrare.
