4664 6022
79 263 144 339 tot
190 228 194 235 ’

515 258 681 338 DllCL.
720 257 796 338 DE
839 257 1042 336 ratur.
1083 251 1145 329 IN
1183 246 1387 328 AESCH.
1422 246 1499 323 ΕΤ
1540 248 1674 325 DEM.

2039 261 2112 334 102

71 435 258 531 producit,
296 460 371 506 nou
404 459 495 528 ager.
554 416 706 532 Cunque
738 433 1093 508 animadvertissent!
1117 424 1320 522 Praefatio
1353 431 1395 499 in
1428 421 1628 498 Aeschinis
1657 434 1696 498 et
1729 429 1994 504 Demosthenis
2022 455 2113 505 ora·

70 560 173 629 saepe
190 539 398 609 immaturas
415 553 546 630 segetes
564 541 693 610 demeti
713 564 839 630 magno
856 541 1005 619 damno,
1033 552 1067 607 et

68 641 228 711 fructum
244 640 376 711 laboris
389 643 582 733 superioris
598 645 731 732 perire,
758 656 969 732 proventum
982 641 1065 710 uui-

69 766 214 812 versum
236 743 303 812 soli
323 745 473 834 tempori
498 745 672 827 tribuere,
708 759 742 814 et
766 745 939 834 patienter
961 767 1064 833 expe-

68 844 156 914 ctari
179 844 373 914 voluerunt
396 846 529 916 iustum
552 848 672 916 messis
696 862 844 936 tempus.
898 845 948 914 lta
974 840 1065 913 mihi

67 945 101 1015 in
118 945 277 1034 singulis
300 946 460 1037 partibus
481 949 681 1032 literarum,
707 948 876 1037 temporis
901 942 1064 1016 habenda

67 1048 157 1118 ratio
173 1049 338 1132 videtur,
361 1064 446 1119 utet
463 1052 720 1120 admoveantur
736 1055 779 1119 ad
798 1074 854 1119 eas
868 1065 959 1118 artes
976 1053 1062 1119 ado-

68 1151 260 1234 lescentes,
293 1150 424 1240 quibus
447 1152 580 1241 ingenii
613 1153 800 1223 infirmitas
828 1152 1063 1244 adsequendis
1140 1207 1147 1221 .

72 1275 132 1344 par
153 1264 232 1336 est,
266 1265 302 1321 et
325 1252 496 1344 tantisper
526 1254 752 1324 detineantur
775 1256 810 1322 in
843 1249 917 1333 his,
949 1255 1063 1325 donec

69 1353 282 1424 maturuerit
310 1353 503 1436 iudicium,
541 1380 606 1426 nec
628 1380 773 1425 messem
795 1370 985 1447 properent
1009 1357 1059 1423 fa-

66 1478 144 1525 cere
159 1468 247 1525 ante
262 1466 412 1545 tempus.
463 1453 511 1526 Et
528 1458 609 1549 quia
626 1458 729 1527 facile
750 1459 967 1527 iuvenilibus
983 1457 1063 1524 ani-

64 1557 132 1626 mis
147 1557 295 1649 obrepit
310 1558 450 1627 satietas
463 1559 656 1650 praesentis
671 1560 798 1644 studii,
827 1573 868 1629 ut
884 1560 921 1628 in
943 1584 983 1627 eo
1000 1561 1062 1627 dc-

63 1658 174 1733 tiueri
199 1659 264 1728 diu
284 1659 361 1728 sine
380 1683 510 1750 magno
533 1662 678 1752 negocio
703 1687 776 1730 uon
801 1663 954 1751 possint,
981 1662 1060 1728 ideo

64 1760 240 1851 gradibus
275 1774 443 1854 tanquam
486 1788 610 1832 caveae
644 1765 854 1833 includendi
884 1763 1061 1831 videntur.

63 1858 140 1935 Ubi
159 1862 331 1932 omnibus
345 1863 457 1932 animi
475 1866 608 1935 viribus
622 1879 792 1955 cogantur
808 1867 846 1933 iu
867 1890 978 1936 unum
995 1864 1062 1932 ali-

63 1965 185 2057 quod,
218 1988 260 2033 ac
289 1978 423 2034 certum
453 1968 658 2055 negocium,
692 1981 865 2060 quantum
891 1968 974 2036 satis
1000 1979 1061 2050 est,

64 2065 289 2137 incumbere.
339 2062 405 2136 Est
420 2071 589 2154 omnino,
611 2081 653 2140 ut
668 2070 711 2136 de
726 2070 804 2137 aliis
822 2070 989 2138 omuibus
1004 2092 1062 2136 re-

64 2168 154 2251 bus,
177 2168 319 2237 utiliter
331 2183 572 2260 praeceptum,
595 2166 767 2266 βραδέως
780 2164 962 2242 σπεύδειν.
1009 2167 1060 2237 lta

66 2270 105 2339 iu
125 2269 258 2341 studiis
276 2294 350 2339 uon
371 2270 466 2340 aliud
488 2274 634 2362 perinde
657 2275 780 2356 refert,
814 2297 919 2366 quam
942 2295 987 2338 ne
1004 2271 1061 2338 iu-

65 2371 275 2462 tempestive
292 2396 532 2464 properemus.
584 2373 688 2445 Nunc
709 2375 765 2458 fit,
791 2389 832 2444 ut
851 2398 932 2442 cum
947 2374 1061 2441 varias

67 2472 278 2565 disciplinas
324 2489 560 2565 pervagentur
611 2478 688 2545 sinc
741 2477 868 2546 ordine
916 2476 1063 2566 sineque

69 2576 227 2658 ratitum,
283 2576 418 2644 nullam
461 2580 601 2667 penitus
642 2593 853 2666 cognoscant
892 2578 1063 2668 nullaque

67 2678 172 2747 dere
198 2679 393 2768 prudenter
414 2678 570 2749 iudicare
592 2694 735 2774 queant.
796 2676 842 2749 Et
858 2692 898 2747 ut
918 2701 1062 2747 errones

67 2779 190 2849 nullos
210 2793 326 2848 certos
353 2780 443 2848 lares
466 2776 617 2867 habeut,
650 2805 824 2875 nusquam
848 2782 946 2848 domi
968 2793 1062 2859 suru,

68 2893 103 2951 et
121 2892 164 2951 ut
185 2880 307 2975 iuquit
332 2880 525 2952 Martialis:
557 2882 729 2977 Quisquis
752 2885 886 2977 ubique
915 2879 1062 2960 habitat,

69 2987 221 3051 maxime
249 3006 425 3076 nusquam
459 2979 615 3066 habitat,
657 2988 703 3055 ita
731 2985 820 3069 itti,
837 3009 916 3054 cum
945 3001 1061 3054 tamen

69 3085 238 3154 omnibus
260 3085 460 3176 disciplinis
486 3088 556 3156 sint
575 3083 750 3180 hospites,
778 3088 913 3154 nnllam
932 3082 1063 3154 habeut

66 3186 296 3256 familiariter
329 3200 462 3260 notam.
536 3188 660 3282 Neque
693 3191 788 3257 enim
825 3190 898 3256 fieri
936 3201 1061 3277 potest,

67 3289 372 3382 quemadmodum
401 3290 545 3382 reliquit
571 3293 741 3382 scripturn
770 3285 991 3380 Xenophon,
1023 3304 1063 3356 ut

69 3390 130 3483 qui
152 3390 268 3460 multa
288 3391 394 3460 simul
411 3391 510 3475 facit,
536 3394 656 3461 omnia
680 3393 746 3460 rite
763 3392 885 3472 faciat,
910 3414 974 3457 nec
990 3390 1061 3455 suf-

70 3493 144 3562 teir
177 3493 321 3561 animus
352 3492 518 3561 iuvenilis
545 3496 651 3562 variis
682 3517 722 3562 ac
748 3492 897 3560 diversis
923 3490 1062 3559 studiis.

70 3590 150 3663 Hoc
164 3593 204 3662 in
220 3594 370 3663 consilio
389 3595 456 3665 luit
479 3597 662 3666 autoribus
678 3597 850 3684 graduum
870 3594 905 3661 in
923 3589 1063 3663 scholis.

70 3693 194 3788 Neque
217 3719 282 3784 ego
304 3720 400 3764 ntrnc
421 3722 622 3791 quenquam
648 3722 721 3765 esse
746 3712 831 3787 puto
856 3711 926 3764 taur
947 3695 1062 3784 impu-

73 3798 235 3880 dentem,
262 3799 322 3891 qui
338 3793 428 3866 banc
445 3801 616 3868 rationem
639 3805 806 3867 damnare
822 3799 922 3866 ausit.
963 3793 1061 3883 Quid

72 3900 230 3969 enimin
256 3901 384 3969 studiis
406 3903 667 3970 conducibilius
695 3914 746 3969 est
778 3899 927 3968 ordine?
968 3891 1064 3964 huuc

73 4003 244 4072 elassibus
266 4003 503 4094 gradibusque
533 4004 632 4072 factis
656 4027 863 4072 conservare
885 4003 1063 4068 conaban-

75 4116 142 4173 tur.
204 4103 278 4173 Vos
296 4105 400 4173 etiam
417 4105 675 4194 adolescentes,
703 4119 741 4175 ut
759 4118 889 4196 quauta
915 4104 983 4170 lide
1002 4126 1061 4191 po·

75 4216 139 4276 test
153 4206 229 4275 lieri
246 4230 286 4275 ac
303 4207 493 4295 religione,
520 4208 610 4276 detis
627 4230 790 4299 operam,
817 4221 857 4273 ut
873 4205 910 4270 iu
928 4204 1064 4270 discen-

76 4311 139 4394 do,
164 4309 258 4377 iusto
275 4312 427 4400 quodam
446 4308 744 4379 ordineutamiui.
797 4305 885 4375 Nam
901 4300 966 4372 hac
980 4328 1065 4371 con-

77 4408 220 4479 fusanea
244 4410 401 4479 discendi
427 4411 582 4494 ratioue,
616 4411 685 4477 nisi
703 4409 800 4480 Deus
816 4408 945 4498 aliquis
962 4429 1064 4493 opem

81 4512 195 4583 tulerit
221 4513 344 4580 accisis
365 4516 485 4597 rebus,
519 4536 643 4581 vereor
662 4536 707 4580 ne
724 4536 778 4581 res
795 4506 971 4578 humanae
984 4509 1069 4575 fun-

2 4624 5 4631 '
82 4613 171 4686 ditus
187 4627 405 4688 evertantur.
456 4614 551 4687 Diri.

701 4813 1064 4836 *ῤ’-ω

1548 533 1679 600 tiones.

1113 682 1206 767 Non
1241 694 1367 784 ignoro
1404 691 1588 785 equidem,
1624 707 1795 785 quantum
1831 722 1922 768 onus
1954 702 2110 787 subeam,

1115 821 1292 892 quamque
1318 795 1505 886 ancipitem
1534 820 1574 863 ac
1599 797 1778 864 difficilem
1809 822 1882 867 rem
1909 804 2108 893 suscipiam,

1115 925 1194 968 curn
1213 898 1538 988 interpretationem
1558 893 1682 967 barrum
1702 899 1902 970 orationum
1920 901 2108 975 Aeschinis

1115 1025 1153 1069 ac
1169 994 1418 1070 Demosthenis
1440 997 1619 1088 polliceor.
1668 998 1791 1090 Neque
1806 1002 1901 1071 enim
1920 1008 2106 1076 urediocris

1115 1116 1166 1171 est
1190 1103 1323 1190 ingenii
1348 1101 1701 1197 prudentissiuurruru
1729 1098 1923 1174 Oratorum
1947 1109 2107 1196 consilia,

1115 1219 1332 1297 virtutesque
1358 1205 1395 1271 in
1422 1204 1581 1272 oratione
1608 1207 1821 1294 perspicere,
1856 1231 1920 1276 nec
1947 1211 2105 1300 vulgaris

1114 1307 1276 1389 artificis,
1311 1307 1449 1375 divinas
1471 1304 1614 1373 illorum
1637 1311 1846 1390 sententias,
1881 1309 2001 1380 latinis
2024 1338 2103 1381 ver-

1113 1408 1168 1476 bis
1184 1424 1463 1497 repraeseutare,
1491 1422 1524 1473 et
1548 1422 1714 1500 tauquam
1741 1408 1929 1496 imaginem
1948 1413 2104 1505 aliquam

1113 1533 1254 1598 graecae
1285 1509 1457 1590 orationis
1487 1501 1662 1577 exhibere.
1720 1507 1817 1597 Quid
1847 1516 1941 1603 quod
1964 1538 2104 1583 causam

1113 1610 1225 1701 ipsam
1260 1612 1336 1679 sine
1376 1634 1577 1699 graecarum
1621 1605 1848 1680 historiarum
1891 1617 2103 1704 cognitione,

1113 1715 1188 1782 sine
1211 1706 1357 1783 scie'utia
1380 1714 1496 1801 legum
1522 1724 1555 1780 et
1576 1735 1714 1780 morum
1732 1709 1952 1800 Atticorum,
1979 1741 2023 1785 ne
2040 1721 2103 1787 ad-

1112 1815 1211 1907 sequi
1234 1815 1378 1907 quidem
1400 1815 1521 1905 possis.
1578 1811 1650 1882 Nos
1676 1839 1758 1882 vero
1787 1831 1923 1905 praeter
1950 1833 2103 1889 caeteras

1113 1917 1334 1986 difficultates
1359 1916 1448 1984 mira
1482 1915 1602 2005 iuopia
1635 1918 1970 1987 commentariorum
1997 1921 2102 1989 etiam

1112 2020 1322 2088 laboramus.
1375 2015 1523 2087 Accedit
1539 2012 1625 2096 hoc,
1653 2019 1747 2108 qnod
1765 2018 1802 2085 in
1818 2020 1898 2088 aliis
1912 2021 2047 2090 artibus
2063 2047 2102 2091 ac

1112 2120 1243 2201 literis,
1276 2121 1484 2189 tractatione
1506 2133 1539 2188 et
1559 2119 1684 2188 studiis
1709 2114 1917 2205 hominum,
1950 2124 2103 2192 multae

1112 2222 1266 2292 tenebris
1285 2234 1381 2290 eruta
1406 2221 1518 2290 lucem
1537 2244 1709 2309 accepere.
1762 2219 1897 2291 Graeca
1922 2224 1982 2315 qui
1998 2249 2103 2294 exco-

1112 2324 1225 2392 lerent
1246 2334 1282 2393 et
1303 2323 1539 2405 illustrarent,
1574 2322 1761 2390 defuerunt
1786 2317 1956 2392 hactenus
1972 2326 2009 2392 in
2037 2322 2101 2394 hac

1112 2426 1267 2497 natione.
1320 2423 1421 2512 Quae
1438 2448 1517 2493 cum
1533 2425 1626 2511 apud
1642 2447 1697 2490 me
1713 2424 1845 2511 cogito,
1869 2426 1983 2494 sentio
2001 2428 2102 2519 equi-

1113 2530 1211 2609 dem,
1237 2527 1273 2593 iu
1292 2528 1387 2618 quod
1404 2525 1658 2593 mediscrimeu
1676 2526 1879 2606 couiiciam,
1907 2553 1986 2595 curu
2004 2552 2102 2596 suru-

1112 2653 1250 2697 morum
1269 2624 1463 2697 Oratorum
1488 2626 1746 2695 laudatissimas
1769 2628 1956 2696 conciones
1974 2655 2104 2719 propo-

1112 2756 1172 2800 no.
1230 2729 1322 2799 Nolo
1353 2743 1470 2797 autem
1497 2729 1654 2815 longiore
1685 2730 1846 2796 oratione
1870 2732 2102 2799 temeritatem

1113 2856 1293 2913 excusare,
1318 2845 1379 2900 aut
1395 2833 1438 2898 de
1454 2854 1611 2899 mearum
1630 2829 1759 2897 virium
1775 2831 2013 2902 imbecillitate
2026 2857 2103 2900 am-

1112 2935 1275 3004 bitiosius
1291 2934 1428 3002 dicere.x
1454 2929 1507 3000 De
1522 2931 1642 3000 animo
1659 2957 1697 2998 ac
1708 2933 1888 3000 voluntate
1905 2959 1985 3002 vere
2000 2959 2102 3025 prae·

1112 3037 1230 3105 dicare
1256 3060 1414 3125 possum,
1449 3058 1504 3100 rue
1529 3057 1665 3122 semper
1691 3029 1757 3100 hoc
1780 3051 1968 3122 spectasse,
2001 3049 2041 3105 ut
2063 3036 2102 3103 in

1112 3133 1176 3207 hac
1200 3133 1318 3206 schola
1352 3137 1467 3204 studia
1494 3130 1720 3202 honestarum
1751 3137 1879 3202 artium
1906 3138 2102 3209 excitarem.

1110 3238 1235 3332 Neque
1252 3264 1346 3307 nesrac
1360 3239 1407 3306 ob
1423 3237 1527 3303 aliam
1545 3248 1682 3304 earrsam
1701 3232 1761 3302 has
1779 3237 1954 3304 orationes
1970 3263 2103 3329 propo-

1112 3343 1185 3423 sui,
1219 3366 1324 3432 quam
1349 3356 1387 3408 ut
1412 3339 1630 3406 inventutem
1657 3340 1699 3402 ad
1728 3340 1878 3423 optimos
1903 3353 2042 3406 autores
2069 3353 2103 3408 et
2171 3414 2174 3419 ,

1112 3443 1316 3529 magistros,
1348 3451 1421 3507 tum
1449 3438 1689 3524 intelligendi,
1724 3438 1953 3505 turudiceudi
1972 3463 2104 3527 cogno·

1111 3545 1258 3612 scendos
1279 3541 1480 3608 invitarem.
1537 3538 1661 3630 Neque
1681 3562 1763 3604 vero
1782 3538 1934 3608 alienum
1958 3541 2105 3610 videba-

1112 3660 1189 3729 tur,
1221 3660 1388 3736 tanquam
1413 3657 1551 3729 gustum
1577 3641 1720 3707 illorum
1747 3641 1889 3708 facturis
1906 3666 2105 3733 proponere

1113 3772 1169 3815 eas
1190 3747 1386 3828 orationes,
1418 3768 1507 3836 qnae
1524 3745 1708 3811 doctorum
1736 3743 1895 3810 omnium
1917 3768 2102 3827 consensu,

1112 3850 1280 3917 omnilsus
1312 3847 1348 3913 in
1382 3840 1448 3912 hoe
1471 3869 1597 3930 genere
1623 3844 1761 3932 scriptis
1787 3846 2051 3931 praeferuntur,
2086 3870 2105 3912 e

1113 3952 1262 4042 quibus,
1287 3948 1420 4017 tametsi
1445 3946 1609 4039 pleraque
1630 3971 1694 4013 rios
1711 3947 1865 4032 fugiant,
1892 3961 2007 4014 tamen
2024 3969 2106 4034 pos-

1113 4054 1222 4120 simus
1241 4050 1391 4142 plurima
1411 4052 1612 4139 decerpere,
1640 4048 1768 4138 quibus
1783 4048 1899 4116 studia
1916 4062 2034 4117 nostra
2052 4049 2107 4115 lo-

1114 4155 1347 4244 cupletentur.
1400 4148 1514 4219 Notus
1533 4164 1583 4219 est
1602 4147 1812 4215 versiculus:

1164 4274 1218 4337 Est
1236 4276 1366 4359 quodam
1383 4275 1503 4355 prodire
1520 4287 1607 4332 tenus
1624 4275 1649 4331 si
1665 4293 1728 4330 nou
1749 4269 1834 4329 datur
1849 4271 1939 4332 ultra.

1115 4389 1271 4457 Proinde
1291 4411 1392 4476 spero
1421 4412 1474 4452 roc
1492 4409 1563 4451 ntur
1580 4383 1768 4451 difficulter
1784 4408 1801 4447 a
1821 4380 1924 4447 bonis
1941 4379 2026 4446 viris
2044 4402 2106 4445 ve-

1117 4493 1212 4558 uiaru
1240 4491 1507 4578 impetraturum
1534 4499 1624 4567 esse,
1659 4487 1752 4575 quml
1783 4481 1896 4547 maius
1924 4481 2108 4569 aliquanto

1119 4593 1302 4679 negocium
1332 4589 1502 4679 suscipio,
1543 4612 1647 4678 (ptam
1683 4583 1746 4652 hae
1768 4596 1907 4649 nostrae
1940 4582 2109 4649 viticulae

1118 4696 1308 4762 videantur
1325 4693 1473 4759 laturae:
1497 4689 1619 4780 Neque
1635 4687 1727 4754 enim
1745 4683 2109 4753 infirmitaterurueam

1119 4795 1317 4863 dissimulo.
1370 4791 1418 4862 Et
1433 4807 1549 4860 tatuen
1567 4812 1708 4879 operam
1726 4790 1834 4864 (laelio,
1859 4799 1897 4851 nt
1913 4778 2002 4850 hauc
2016 4809 2111 4865 cura,

1121 4897 1323 4984 diligentia,
1356 4911 1389 4962 ct
1413 4895 1498 4971 fide,
1533 4891 1682 4984 quaein
1711 4887 1833 4977 primis
1859 4885 1893 4951 iu
1922 4887 2111 4975 interprete

1122 5000 1334 5090 requiritur,
1367 5020 1433 5062 sare
1445 4996 1523 5061 iam.
1584 4992 1652 5061 Sed
1677 4994 1720 5054 de
1736 5012 1812 5054 meo
1828 4987 1975 5054 corrsilio
1991 4990 2037 5053 die
2049 5011 2108 5052 en·

1123 5104 1207 5169 dum
1239 5114 1289 5167 est
1320 5097 1474 5185 petreius,
1510 5100 1602 5184 quod
1640 5096 1683 5159 de
1709 5117 1749 5155 eu
1778 5104 1895 5176 postea
1920 5113 1961 5154 ex
1985 5101 2112 5153 eventu

233 5142 396 5264 Proef.
430 5151 480 5230 in
510 5142 679 5230 Aesch.
710 5150 757 5224 et
782 5140 918 5224 Dens.
1125 5205 1133 5219 .

1123 5200 1313 5271 radicaturi
1349 5199 1434 5265 sitis.
1501 5195 1602 5264 Nuuc
1638 5193 1743 5259 ol'frcii
1777 5191 1831 5255 sui
1865 5185 2114 5255 commonendi

903 4979 952 5017 su.
974 4956 1070 5017 tots.

922 5049 1054 5070 ‘⁸‘
1095 5028 1100 5131 l

109 5312 119 5325 ⁸
147 5312 255 5368 ¹³¹⁰&st
280 5311 399 5381 primum
418 5307 498 5361 ‘³¹¹¹'ss
525 5325 589 5361 ‘¹¹⁰¹
609 5305 733 5357 ⁰‘³¹³⁰'¹‘
752 5302 961 5384 (¹⁸.¹²¹³‘¹‘¹5‘⁰2
990 5316 1070 5383 quam
1097 5242 1207 5372 lsum
1230 5303 1424 5380 auditores,
1457 5321 1538 5362 narn
1566 5310 1603 5361 ut
1630 5297 1818 5383 prudentes
1849 5290 2019 5375 agricolae
2042 5313 2114 5361 nou

179 5382 250 5436 ride.
289 5380 391 5432 Recusa
406 5381 475 5449 apud
491 5377 565 5431 Crat.
575 5376 642 5446 alp-t.
657 5391 681 5441 p.
690 5373 769 5435 636„
787 5391 813 5423 ru
830 5373 983 5424 Declamat.
1006 5370 1030 5419 t.
1055 5367 1062 5416 l

184 5473 209 5526 Ρ,
224 5451 283 5524 φ’,
307 5449 336 5501 in
359 5448 441 5503 sem
455 5446 487 5499 ῃ,
509 5466 535 5516 9,
550 5446 593 5498 59,
618 5369 1076 5513 ,empg„q,„,1‚1‚p,375‚¹'
1099 5400 1104 5500 l
1125 5418 1272 5474 sumunt
1296 5427 1437 5493 operam
1462 5399 1500 5464 iu
1526 5398 1717 5463 exercendo
1742 5393 1851 5461 sterili
1879 5391 1973 5471 solo,
2007 5391 2054 5457 ita
2078 5389 2116 5457 iu

1540 5497 1590 5565 Ἰ*
