4664 6022
74 106 143 188 ts?

67 284 197 369 sinn,
212 304 290 353 non
311 278 559 375 Magistratus,
588 305 662 375 non
678 293 801 367 mera,
832 307 907 352 nou
930 294 1064 353 caetera

64 398 280 458 ornamenta
299 384 429 456 amisit.
483 383 608 454 Postea
628 379 784 455 Gotthos
802 409 1005 478 quanquam
1022 408 1064 454 ex

63 486 265 583 longinqua
279 488 467 557 obsidione
480 487 561 556 irati
578 482 821 557 vehementius
837 503 962 572 essent,
976 487 1064 577 legi·

63 610 146 684 mus
166 588 219 661 its
239 591 443 660 moderatos
465 611 549 658 esse·
564 589 601 657 in
619 589 765 659 victoria
792 590 902 669 iram,
927 602 967 660 ut
986 590 1063 659 edi-

60 706 161 767 um
184 688 295 763 etiam
319 691 540 783 propositum
563 690 691 775 fuerit,
717 703 757 759 ut
778 705 981 782 parceretur
1004 686 1061 760 his

60 794 126 893 qui
146 792 192 865 ln
210 794 341 884 tempta
364 788 650 864 Christianorum
675 793 931 882 confugissent,
962 809 997 865 et
1020 806 1062 864 ut

60 898 150 971 urbs
171 894 252 967 sine
276 896 381 965 caede
400 896 624 987 diriperetur.
677 892 790 988 Atqui
815 891 882 966 hoc
902 910 1059 988 tempore

65 1010 206 1073 tantum
220 999 347 1078 abfuit,
363 1011 403 1067 ut
417 1024 435 1066 a
453 998 560 1067 sacris
575 999 681 1067 rebus
695 998 931 1069 abstinuerint
945 999 1059 1067 victo-

58 1124 136 1188 το,
157 1114 295 1172 utnon
312 1100 475 1191 cupidius
491 1101 635 1169 aliunde
656 1100 814 1190 praedati
836 1101 918 1175 sint.
946 1098 1057 1171 *Cae-

67 1208 124 1276 des
144 1204 261 1274 factae
283 1214 356 1274 tota
379 1204 467 1271 urbe
488 1203 696 1273 miserorum
720 1201 869 1286 civium3
898 1204 991 1272 bona
1007 1202 1058 1269 ci·

63 1305 184 1378 vitatis
201 1328 283 1396 pars
299 1304 465 1373 incendio
481 1305 612 1391 deleta;
639 1304 755 1373 studia
772 1306 931 1374 omnium
946 1300 1054 1372 hone-

62 1424 199 1479 starum
221 1429 450 1498 rerumquae
475 1406 527 1475 ibi
547 1407 763 1493 floruerunt,
789 1407 897 1475 armis
917 1419 1057 1476 conter-

61 1513 149 1597 rita,
173 1510 443 1582 obmutuerunt.
503 1503 647 1579 Abolita
671 1519 754 1578 sunt
778 1523 810 1578 et
837 1503 941 1593 haec,
968 1532 1057 1602 quae

60 1615 90 1685 si
103 1611 337 1696 mansissent,
362 1609 761 1700 instaurare·collapsam
779 1613 902 1680 urbem
921 1610 1057 1702 potuis-

60 1728 159 1801 sent,
185 1727 320 1784 veteres
347 1709 596 1803 Magistratus,
627 1714 737 1802 leges,
767 1714 880 1782 forma
904 1713 1056 1782 iudicio-

60 1840 152 1893 mm.

162 1915 297 1989 lustius
319 1917 428 2007 igitur
449 1912 507 1987 hic
529 1919 602 1987 dies
626 1916 686 2009 qui
709 1917 778 1986 fuit
802 1916 917 2007 pridie
944 1938 1057 1986 nonas

60 2020 165 2103 Maii,
193 2044 234 2090 eo
252 2020 348 2090 enim
363 2020 525 2111 proximo
541 2043 636 2088 anno
653 2019 739 2087 urbs
755 2031 851 2109 capta
867 2033 937 2102 est,
962 2019 1057 2088 inter

61 2139 159 2197 atros
172 2145 283 2217 quam
299 2118 468 2192 Alliensis
484 2134 701 2192 numeretur.
749 2121 802 2189 Ac
819 2100 944 2189 verdor
958 2121 1055 2189 futu-

60 2252 154 2311 rum,
179 2239 222 2297 nt
235 2226 281 2294 ad
300 2236 460 2315 posteros
481 2218 539 2292 hie
553 2224 629 2293 dies
650 2221 762 2291 multo
783 2221 900 2291 verius
916 2219 1055 2291 Allien-

60 2331 107 2402 sis
133 2328 301 2397 videatur
325 2325 381 2395 illi
406 2328 487 2397 urbi
520 2325 649 2408 fuisse,
694 2348 800 2418 quam
827 2324 922 2394 ullus
949 2324 1053 2393 alius:

62 2429 296 2525 nequeenim
320 2428 423 2497 facile
446 2451 481 2497 se
504 2451 545 2496 ex
566 2441 663 2498 tanta
685 2426 881 2496 calamitate
896 2428 982 2495 urbs
998 2448 1056 2494 re-

61 2532 206 2605 creabit
261 2526 316 2600 Ac
331 2530 413 2598 vide
429 2543 603 2624 quantum
620 2530 725 2598 distet
748 2530 793 2597 ab
809 2528 978 2619 exemplis
992 2551 1055 2596 ve-

58 2651 176 2719 terum
192 2631 471 2712 Germanorum,
496 2627 604 2701 huius
619 2631 788 2700 exercitus
802 2630 948 2700 facinus.
985 2628 1055 2700 Ca-

59 2739 156 2809 rolus
171 2735 312 2828 primus
326 2735 481 2826 depulsis
498 2735 543 2802 ab
564 2735 653 2803 urbe
667 2731 931 2821 Langobardis,
955 2756 975 2801 a
993 2758 1055 2802 va-

62 2842 176 2911 stitate
188 2838 318 2909 urbem
333 2850 438 2929 atque
457 2835 593 2908 ltaliam
613 2829 809 2926 prohibuit.
861 2830 964 2911 Otho
982 2835 1055 2925 pri-

58 2965 135 3013 mus
156 2938 328 3011 liberavit
354 2962 431 3007 earn
454 2935 660 3027 Berengarii
690 2937 889 3030 tyrannide.
943 2934 992 3006 Et
1014 2950 1055 3007 ut

56 3044 171 3115 multa
186 3041 362 3126 omittam,
380 3040 593 3111 fortissimus
608 3064 647 3107 ac
662 3038 941 3128 sapientissimus
949 3037 1055 3106 Prin-

739 106 900 189 aaut.
928 104 1237 185 DE·'CAPTA·
1262 94 1447 189 ROMA.
1544 144 1553 167 ·

2042 112 2115 189 tas

1114 285 1195 354 bem
1213 306 1351 375 semper
1364 299 1533 379 tanquam
1550 308 1775 381 communem
1786 289 1935 383 patriam
1945 289 2108 359 omnium·

1113 387 1272 476 gentium
1288 380 1451 457 homines
1466 389 1654 460 coluerint.
1704 386 1902 463 Nonne'tot
1918 391 2016 461 urbis
2030 412 2107 461 ωο-

1113 489 1210 573 ritis,
1235 489 1340 559 etiam
1357 490 1387 558 si
1404 490 1490 583 quid
1512 505 1684 582 peccasset
1699 492 1884 578 Pontifex,
1910 494 2108 562 condonari

1112 590 1260 661 debuit?
1288 589 1389 691 Nunc
1403 590 1586 662 Pontificis
1601 610 1781 685 peccatum
1798 596 1952 665 furiosus
1971 594 2106 665 exerci-

1113 707 1169 762 tus
1193 692 1384 783 parricidio
1410 695 1585 779 vindieat,
1615 697 1701 767 dum
1724 700 1906 768 sceleratas
1927 721 2054 766 manus
2071 697 2104 765 ei

1111 795 1349 879 urhiiniicit,
1381 820 1471 888 quae
1494 797 1598 868 nobis
1620 801 1787 870 omnibus
1808 824 1873 889 pro
1896 801 2008 891 patria
2028 821 2103 869 esse

1112 899 1225 970 debet.
1276 897 1400 986 Longe
1422 898 1517 966 enim
1543 898 1644 990 plura
1669 902 1838 972 beneficia
1862 903 1907 971 ab
1928 925 1967 970 ea
1991 922 2104 972 unus·

1111 1000 1261 1092 quisque
1285 1012 1452 1071 nostrum,
1470 1003 1619 1092 accepit,
1650 1029 1754 1097 quam
1776 1006 1820 1074 ab
1844 1028 1884 1072 eo
1909 1003 2007 1087 loco,
2039 1002 2104 1095 qui

1111 1114 1312 1171 nascentem
1355 1103 1510 1191 primum
1552 1106 1697 1196 excepit.
1755 1102 1813 1177 Ad
1849 1100 1941 1175 hanc
1974 1106 2101 1175 urbem

1109 1226 1231 1272 omnes
1268 1205 1528 1273 controversiae
1568 1208 1730 1277 omnium
1773 1209 1930 1299 gentium
1965 1207 2103 1276 delatae

1110 1319 1203 1377 stant.
1255 1303 1351 1375 Haec
1373 1319 1542 1399 tanquam
1566 1308 1604 1376 in
1628 1311 1785 1379 excubiis
1804 1333 1941 1400 semper
1963 1308 2032 1378 fuit
2054 1310 2100 1375 ad

1110 1407 1329 1476 retinendam
1345 1408 1564 1497 religionem.
1617 1408 1695 1481 Hoc
1711 1435 1848 1502 semper
1864 1412 1899 1478 in
1916 1411 2019 1480 terris
2033 1411 2100 1478 do-

1110 1509 1345 1578 ctissimorum
1359 1505 1548 1580 hominum
1564 1513 1785 1583 domicilium
1801 1515 1878 1583 fuit.
1931 1510 2028 1581 Haec
2042 1511 2101 1580 fu-

1108 1612 1241 1705 gientes
1258 1635 1380 1680 omnes
1404 1606 1568 1684 honestas
1591 1627 1682 1685 artes
1699 1640 1740 1685 ex
1756 1614 1903 1686 Graecia
1920 1614 2101 1684 exulantes

1109 1714 1253 1805 excepit.
1304 1710 1373 1783 Hic
1390 1737 1504 1804 nuper
1517 1740 1640 1789 omnes
1663 1718 1776 1788 bonae
1791 1718 1998 1808 disciplinae
2019 1729 2100 1786 tan-

1110 1840 1215 1909 quam
1239 1829 1381 1884 renatae
1402 1832 1501 1886 sunt:
1528 1814 1623 1889 Hinc
1645 1820 1685 1889 in
1701 1843 1824 1889 omnes
1845 1834 1955 1889 terras
1971 1840 2100 1909 propa-

1108 1930 1207 2008 gatae
1223 1931 1325 2002 sunt,
1349 1941 1424 1986 non
1439 1917 1542 1988 aliter
1557 1933 1663 2014 atque
1681 1923 1813 1991 semina
1830 1922 1973 2010 frugum
1988 1922 2027 1989 in
2042 1931 2099 1988 to-

1110 2035 1185 2091 tum
1206 2034 1380 2090 terrarum
1404 2021 1545 2105 orbem,
1579 2044 1599 2090 a
1620 2021 1842 2115 Triptolemo
1864 2046 1981 2114 sparsa
2005 2034 2100 2092 sunt.

1108 2115 1144 2193 0
1161 2121 1317 2211 ingratos
1333 2116 1515 2205 homines,
1540 2124 1603 2216 qui
1624 2125 1655 2193 si
1670 2119 1756 2194 haec
1777 2123 1948 2195 beneficia
1965 2122 2101 2192 intelli-

1107 2237 1206 2315 gunt,
1224 2222 1360 2293 nullam
1376 2235 1503 2314 putant
1518 2247 1554 2294 se
1570 2224 1620 2294 sic
1636 2227 1787 2297 merenti
1802 2225 1936 2295 civitati
1950 2224 2099 2316 gratiam

1108 2324 1260 2396 debere?
1289 2320 1326 2394 Ο
1341 2339 1518 2410 amentes,
1542 2327 1571 2395 si
1590 2350 1664 2396 non
1680 2328 1895 2417 intelligunt.

1180 2424 1358 2497 Nonnulli
1372 2428 1493 2496 odiose
1510 2429 1683 2518 eolligunt
1696 2430 1796 2500 urbis
1810 2429 1894 2501 vitia
1911 2443 1946 2500 et
1961 2427 2099 2498 incom-

1108 2530 1224 2613 moda,
1245 2553 1335 2621 quae
1349 2527 1491 2597 indeed
1508 2530 1594 2600 alias
1608 2546 1728 2621 gentes
1744 2544 1993 2623 pervenerunt.
2026 2528 2099 2600 Sed

1108 2646 1159 2702 est
1181 2631 1286 2700 astuti
1309 2625 1482 2713 hominis,
1514 2634 1609 2725 quod
1633 2635 1731 2705 dolet
1753 2634 1975 2718 meminisse,
2000 2630 2099 2726 quod

1108 2733 1219 2825 placet
1240 2731 1414 2801 oblivisci.
1472 2729 1550 2804 Hoc
1574 2749 1649 2807 erat
1671 2732 1882 2821 humanius,
1913 2733 2099 2805 commoda

1107 2858 1312 2925 agnoscere,
1351 2848 1385 2904 et
1410 2848 1483 2903 tam
1510 2837 1633 2906 multis
1658 2839 1850 2909 benefactis
1871 2836 2098 2907 incommoda

1107 2940 1319 3007 condonare.
1379 2933 1499 3024 Quae,
1537 2939 1798 3033 qualiacunque
1832 2955 1931 3024 sunt,
1966 2938 2099 3009 talibus

1107 3054 1200 3109 certe
1216 3038 1382 3106 remediis
1399 3038 1526 3128 corrigi
1543 3065 1617 3111 non
1633 3056 1810 3132 poterunt.
1861 3041 1974 3111 Nemo
1992 3040 2099 3109 dubi·

56 3169 155 3235 ceps,
175 3166 262 3214 avus
275 3139 796 3226 CaroletuusMaximilianus,
817 3155 1055 3233 quantocon-
1108 3155 1155 3210 tet
1179 3139 1363 3232 parricidii
1384 3162 1458 3209 esse
1485 3163 1606 3226 reum,
1640 3143 1702 3235 qui
1732 3145 1824 3233 patri
1854 3144 1978 3212 leviter
2006 3140 2098 3209 deli-

60 3247 144 3317 silio
169 3241 314 3315 Gallum
337 3246 524 3313 ducentem
549 3242 742 3311 maximum
760 3266 799 3310 ac
820 3242 1052 3310 fortissimum
1106 3244 1198 3310 ranti
1216 3243 1336 3309 oculos
1352 3241 1514 3320 effodiat,
1540 3256 1600 3312 aut
1616 3245 1793 3334 praecidat
1807 3266 1943 3312 manus.
1998 3240 2097 3329 Quid

58 3348 253 3419 exereitum
286 3347 331 3414 ad
359 3347 504 3430 urbem,
537 3345 717 3415 irritatum
740 3356 846 3436 atque
869 3366 1052 3411 accensum
1107 3345 1214 3433 igitur
1230 3337 1297 3409 hoe
1316 3341 1413 3409 aliud
1437 3356 1488 3412 est
1503 3366 1609 3434 quam
1635 3345 1888 3437 parricidium,
1913 3358 1983 3413 tarn
2002 3357 2097 3414 atro-

59 3453 145 3522 odio
172 3446 252 3519 lulli
272 3447 472 3528 Pontifieis,
497 3449 580 3516 inde
604 3469 717 3539 usque
735 3470 754 3514 a
776 3444 966 3529 Ravenna,
992 3445 1053 3513 ubi
1107 3469 1161 3515 ces
1179 3467 1309 3536 poenas
1323 3445 1368 3525 de
1385 3444 1494 3534 patria
1510 3458 1655 3538 propter
1668 3448 1786 3517 nescio
1802 3471 1892 3541 qnae
1907 3460 2021 3516 errata
2036 3468 2097 3514 su-

59 3553 213 3622 maxima
228 3573 346 3644 pugna
363 3547 790 3620 exercitumPontificium
804 3548 934 3617 vicerat
950 3562 1054 3641 atque
1107 3548 1226 3616 mere?
1261 3544 1382 3638 ltaque
1406 3546 1547 3617 miseret
1569 3572 1712 3618 menon
1732 3550 2018 3621 modofortunae
2036 3570 2098 3616 ur-

61 3657 263 3747 fugaverat,
286 3655 329 3721 ad
347 3652 508 3723 ultimam
523 3649 662 3721 Galliae
678 3674 786 3734 oram,
814 3651 852 3718 in
870 3648 1051 3739 Belgicum
1107 3652 1178 3734 bis,
1213 3651 1271 3718 sed
1298 3649 1402 3718 etiam
1425 3650 1575 3718 aliarum
1599 3652 1774 3740 gentium:
1816 3673 1977 3741 magnam
2000 3649 2097 3717 enim

63 3758 224 3840 retraxit,
251 3779 296 3822 ne
313 3779 382 3847 qua
400 3753 500 3823 clade
518 3756 603 3823 urbs
620 3755 665 3822 ab
681 3752 771 3851 irato
789 3754 920 3822 victore
937 3753 1054 3820 affice-
1107 3753 1248 3822 ruinam
1265 3753 1438 3820 bonarum
1457 3776 1574 3819 rerum
1591 3755 1685 3844 apud
1702 3777 1824 3822 omnes
1841 3755 2012 3834 nationes,
2038 3745 2098 3819 hic

65 3872 168 3932 retur.
221 3856 327 3928 Nunc
343 3870 460 3926 autem
477 3881 498 3925 o
514 3869 713 3946 temporum
736 3855 870 3937 labem,
897 3854 958 3922 ille
981 3857 1053 3943 ipse
1108 3854 1207 3924 urbis
1223 3876 1339 3936 casus,
1366 3867 1405 3922 ut
1420 3877 1554 3937 vereor,
1581 3849 1715 3935 trahet,
1739 3857 1809 3924 nisi
1827 3853 2016 3946 respexerit
2032 3873 2098 3923 nos

69 3960 246 4044 exercitus,
271 3982 375 4053 quem
391 3954 520 4050 Caesar
535 3958 721 4027 universae
738 3954 859 4025 ltaliae
876 3957 1051 4047 praesidio
1106 3954 1202 4025 Deus
1219 3978 1360 4046 prosus
1376 3978 1510 4022 summa
1526 3956 1696 4040 bonitate,
1719 3952 1894 4026 ethorum
1910 3956 2097 4038 malorum,

71 4086 134 4133 esse
146 4063 281 4145 voluit,
306 4060 503 4129 inauditam
528 4061 771 4129 crudelitatem
794 4060 830 4126 in
851 4059 937 4126 urhe
955 4058 1054 4149 prin·
1107 4082 1196 4152 quae
1217 4059 1443 4149 impendent,
1469 4058 1623 4127 remedia
1639 4061 1852 4143 ostenderit,
1878 4083 1940 4127 vos
1955 4081 2097 4151 quoque

10 4184 15 4251 .'
74 4166 140 4260 cipe
155 4165 268 4235 totius
283 4160 417 4245 ltaliae,
445 4163 516 4231 imo
534 4163 643 4230 totins
659 4161 756 4229 orbis
773 4159 935 4229 exercuit.
972 4159 1052 4228 Non
1107 4162 1288 4244 existimo,
1321 4182 1399 4225 curn
1427 4157 1609 4228 interitum
1634 4162 1876 4230 nobilissimae
1900 4161 1998 4231 urbis
2032 4161 2098 4227 do-

75 4267 218 4358 exempla
242 4279 399 4335 veterum
417 4261 698 4345 Germanorum,
724 4263 967 4349 nondignitas
992 4287 1054 4329 ur·
1106 4264 1197 4354 lere,
1232 4277 1306 4332 tum
1332 4261 1613 4350 impendentium
1636 4265 1810 4331 malorum
1836 4277 1930 4331 metu
1959 4275 2099 4349 pertur-
2201 4324 2207 4333 .

78 4367 136 4454 bis,
159 4394 234 4437 non
251 4367 406 4455 ingentia
431 4366 597 4434 beneficia
619 4366 742 4435 collata
761 4365 798 4430 in
823 4388 945 4432 omnes
968 4388 1054 4454 gen-
1107 4365 1184 4433 bari
1272 4360 1415 4432 Etenim
1450 4388 1529 4431 cum
1561 4365 1630 4431 coli
1660 4366 1792 4454 patriae
1824 4360 2021 4431 honoribus
2051 4362 2096 4429 ab

10 4526 17 4535 .
82 4482 134 4551 tes,
166 4472 340 4540 flexerunt
365 4471 489 4537 eosacl
515 4467 803 4540 misericordiam.
864 4465 955 4553 Quis
980 4492 1053 4532 non
1106 4467 1275 4535 omnilms
1297 4465 1478 4547 debuerit,
1513 4479 1631 4534 tamen
1661 4491 1678 4534 a
1704 4468 1809 4535 nobis
1833 4464 2001 4546 maxime,
2035 4465 2098 4556 qui

82 4571 179 4642 doleat
205 4572 429 4664 usqueadeo
456 4572 686 4639 deformatam
719 4592 789 4635 esse
817 4593 892 4636 eam
917 4569 1054 4650 urbem,
1078 4558 1081 4645 l
1107 4569 1226 4657 lingua
1251 4567 1404 4636 civitatis
1426 4566 1579 4651 utimur,
1613 4569 1745 4660 quique
1768 4570 1869 4657 plura
1891 4588 1997 4655 quam
2015 4567 2098 4635 vul-

83 4695 153 4762 quae
166 4677 253 4744 olim
278 4696 416 4756 rerum,
444 4686 481 4741 ut
503 4671 621 4764 inquit
637 4670 827 4758 Virgilius,
855 4665 1051 4758 pulcherri-
1077 4692 1080 4789 ι
1106 4694 1186 4757 gus,
1217 4668 1383 4737 beneficia
1409 4669 1452 4735 ab
1477 4668 1537 4736 illa
1563 4670 1779 4760 accepimus,
1814 4669 1849 4735 id
1880 4665 1955 4735 fieri
1981 4669 2095 4741 dehet.

84 4794 139 4860 ma,
162 4777 332 4866 Princeps
347 4774 488 4867 imperii
506 4774 666 4841 omnium
686 4773 841 4861 gentium
859 4773 937 4853 fnit,
964 4796 1053 4863 quae
1077 4830 1080 4873 ξ
1107 4771 1164 4839 lus
1179 4773 1284 4840 nohis
1299 4795 1378 4840 cum
1397 4772 1502 4859 vulgo
1519 4794 1705 4839 conrnurne
1722 4784 1782 4849 est,
1810 4770 1923 4838 studia
1945 4771 2096 4861 optima-

84 4895 138 4947 uua
150 4879 304 4970 exemplu
320 4877 421 4969 plura
439 4878 610 4947 virtutum
628 4874 786 4966 protulit,
810 4899 914 4966 qnam
930 4897 1051 4941 omnes
1076 4878 1080 4923 ¹
1105 4900 1182 4943 rum
1199 4875 1347 4952 artium,
1372 4896 1445 4940 non
1462 4888 1545 4941 sunt
1561 4874 1782 4955 communia,
1809 4896 1897 4965 quae
1913 4872 2016 4960 longe
2030 4896 2096 4939 an-

84 4977 194 5075 nbiqne
208 4983 298 5052 aliae
313 4980 487 5049 civitates:
513 5003 603 5070 quae
618 4978 721 5046 nohis
737 4979 840 5065 leges,
867 5000 956 5068 quae
971 4976 1052 5044 lite·
1104 4977 1273 5045 tecellunt
1297 4974 1376 5041 aliis
1394 4975 1560 5041 omnibus
1578 4969 1744 5043 humanis
1765 4976 1881 5048 rebus.
1936 4973 2008 5041 Vos
2030 4972 2097 5061 igi·

17 5132 24 5165 .
84 5097 141 5166 tes,
170 5108 261 5179 quae
290 5082 496 5175 religiones,
534 5105 624 5172 quae
652 5068 928 5162 humanitatem,
962 5103 1051 5170 qnae
1104 5093 1161 5148 tur
1185 5103 1266 5147 vere
1288 5076 1465 5165 Quirites,
1501 5078 1638 5169 quoties
1661 5094 1731 5149 tam
1759 5078 1931 5146 funestam
1957 5077 2096 5143 luctuo-

16 5168 30 5279 l
84 5198 184 5257 omnes
198 5183 363 5257 honestas
382 5183 607 5275 disciplinas,
633 5206 723 5276 quae
741 5181 1050 5274 deniqueomnem
1103 5204 1247 5273 samque
1270 5180 1404 5271 patriae
1424 5180 1659 5268 direptionem
1683 5178 1937 5260 recordamini,
1964 5199 2094 5266 expen-

21 5286 27 5299 '
84 5275 153 5359 bene
167 5288 310 5362 vivendi
325 5286 499 5359 rationem
514 5286 619 5357 nobis
636 5283 799 5368 tradidit,
825 5296 865 5353 ut
883 5277 974 5352 hane
988 5307 1050 5352 ur-
1102 5284 1175 5354 dite
1195 5307 1321 5377 quaea
1339 5280 1440 5351 vobis
1460 5281 1573 5350 officia
1592 5280 1655 5351 tali
1681 5278 2093 5374 temporerequirantur.

13 5464 25 5661 l

13 5670 23 5795 t
