4664 6022
143 273 224 352 ros
537 265 698 357 nucu
740 266 816 347 ou
847 265 1093 353 omnmo
1127 205 1563 346 umrsrnonuu
1596 266 1810 351 avano.
1894 314 1897 319 -
2121 282 2198 358 sos

143 475 165 518 a
199 445 350 519 caeteris
383 445 647 528 animantibus,
680 457 716 517 et
737 438 855 517 Deum
885 445 1093 516 invocantes
1125 466 1146 516 a
1197 441 1321 536 spicit,
1347 445 1440 516 etad
1456 439 1870 539 buncdirigitcursuru,
1902 455 1991 525 etin
2009 455 2080 528 alto
2098 463 2188 530 mari

143 549 459 642 contemptoribus
470 546 537 621 Dei
552 549 735 621 differunt.
790 545 866 619 lmo
883 549 953 619 nisi
968 545 1073 619 aDco
1092 561 1145 616 te·
1197 547 1323 638 procul
1344 561 1440 617 extra
1466 561 1577 618 terrae
1601 565 1828 641 conspectum
1850 572 1990 629 avectus
2015 574 2115 631 notat
2137 563 2187 632 si-

143 677 331 745 gnemur,
363 667 397 722 et
414 647 501 723 binc
516 653 561 723 ad
575 663 753 723 aeternam
768 647 835 722 Dei
850 648 1145 721 cousuetudinem
1195 649 1300 725 desa,
1331 642 1480 734 Uriam,
1514 646 1709 741 Orionem,
1742 652 1922 744 Pleiadas,
1955 675 1989 731 et
2015 661 2102 732 alias
2128 665 2186 735 in·

141 781 233 828 voce
262 749 450 846 Evangelii
480 757 763 838 traduceremur,
802 775 915 843 genus
946 747 1144 822 humanum
1195 750 1369 842 signiores
1390 751 1528 836 stellas,
1565 778 1653 848 quas
1675 768 1844 849 tanquam
1874 763 1981 833 duces
2009 780 2187 859 sequatur,

141 861 296 943 frustra,
335 871 370 928 et
394 860 437 928 ad
462 857 609 930 exitium
633 868 771 928 tantum
802 869 927 945 natum
959 868 1068 936 esset,
1110 867 1145 926 et
1195 853 1244 924 ita
1266 876 1332 923 nos
1353 846 1441 923 baec
1469 854 1543 924 duo
1572 871 1754 950 praerepta
1788 859 1826 930 iu
1859 876 1979 934 nostra
2007 869 2186 955 guberna-

143 986 250 1047 vere,
275 973 316 1032 ut
331 959 436 1031 etiam
453 959 629 1053 sapientes
644 951 1041 1050 Ethniciscrlpserunt,
1075 956 1145 1027 mi·
1196 955 1293 1024 tione
1320 953 1507 1048 praecipua
1531 980 1606 1027 esse
1628 960 1809 1035 ducamus.
1860 959 1957 1036 Haec
1981 990 2119 1060 semper
2146 973 2185 1043 iu

142 1063 316 1139 serrimus
341 1075 430 1132 esset
454 1063 616 1133 omniurn
638 1059 875 1132 animantium
909 1054 1035 1143 h'omo,
1080 1056 1143 1153 qui
1195 1071 1385 1148 conspectu
1401 1057 1492 1143 sint,
1514 1053 1600 1130 haec
1615 1075 1738 1150 regant
1755 1088 1880 1136 omues
1894 1069 2096 1158 conciones,
2121 1077 2185 1145 de-

143 1192 222 1239 uon
240 1166 356 1235 solnm
372 1189 562 1256 corporum
584 1162 721 1234 morbis
747 1176 782 1235 et
806 1161 931 1245 morti,
966 1176 1005 1232 ut
1037 1185 1144 1253 pecu·
1194 1159 1442 1245 liberationes,
1468 1162 1687 1232 etactiones.
1739 1164 1859 1237 l'itato
1875 1167 1913 1238 in
1930 1173 2091 1262 docendo
2105 1178 2186 1268 opi.

142 1272 229 1355 des,
255 1267 431 1338 obnoxius
447 1280 517 1351 est,
541 1265 727 1337 sedetiam
743 1265 867 1335 multis
887 1263 966 1335 aliis
988 1264 1143 1354 ingenti·
1197 1263 1339 1346 nionrs,
1368 1285 1454 1356 quas
1476 1263 1543 1332 scis
1568 1265 1659 1335 veris
1674 1260 1852 1338 Ecclesiae
1877 1267 2017 1342 iudiciis
2040 1278 2184 1351 reiectas

143 1374 215 1445 bus
230 1370 416 1441 doloribus
431 1368 469 1438 in
484 1363 552 1439 hac
565 1368 638 1438 vita
661 1367 902 1451 excruciatur,
939 1367 1000 1461 qni
1021 1366 1143 1436 bestiis
1194 1387 1285 1434 esse:
1319 1361 1400 1434 Non
1417 1367 1951 1457 pagnatodeomuibnsrebus,
1983 1379 2070 1447 etsi
2096 1384 2185 1475 quid

142 1473 261 1568 ignoti
277 1487 372 1544 sunt.
400 1469 556 1573 Quantis
570 1469 871 1555 contentionibus,
889 1483 924 1540 et
938 1492 1046 1563 quam
1063 1470 1143 1540 ina·
1193 1467 1347 1551 incidet,
1381 1469 1517 1561 dequo
1541 1468 1715 1540 iudicabis
1738 1476 1946 1545 certandum
1969 1501 2059 1565 esse,
2093 1487 2187 1555 reler

143 1578 257 1650 nibus
278 1574 492 1664 franguntur
512 1573 642 1644 summi
664 1573 735 1642 viri
747 1571 787 1643 in
802 1570 980 1664 imperiis,
1004 1568 1143 1643 Hercu·
1194 1571 1238 1639 ad
1254 1568 1472 1663 superiores,
1505 1584 1545 1641 ut
1566 1570 1642 1642 sine
1660 1571 1809 1644 dissidio
1823 1577 1968 1668 publico
1987 1585 2184 1657 remedium

143 1681 220 1765 les,
242 1674 456 1768 Pompeius,
482 1672 616 1762 lulius,
641 1670 745 1761 Cato,
771 1674 880 1745 etalii
896 1673 1144 1745 innumerabi-
1193 1684 1374 1767 quaerant.

144 1783 213 1867 les,
235 1779 393 1874 quicum
409 1791 481 1849 tota
500 1776 552 1847 eis
568 1777 637 1849 vita
655 1776 693 1846 in
711 1776 848 1866 magnis
861 1776 1041 1847 aerumnis
1056 1801 1142 1847 con·
1296 1772 1427 1864 Magna
1442 1787 1494 1845 est
1510 1787 1658 1846 naturae
1674 1769 1851 1851 humanae
1866 1781 2073 1869 infirmitas,
2107 1812 2184 1860 ma-

106 1880 110 1887 ’
145 1896 289 1974 sumpta
325 1895 433 1967 esset,
472 1881 618 1952 tandem
651 1878 900 1970 indignissima
930 1893 1045 1950 morte
1076 1904 1143 1972 op-
1193 1900 1284 1968 guae
1311 1888 1345 1947 et
1366 1876 1484 1948 variae
1508 1890 1592 1948 sunt
1616 1878 1841 1968 ingeniorum
1864 1885 2184 1978 dissimilitudines,

143 1982 279 2082 pressi,
304 2007 411 2079 quem
429 1981 597 2053 viderunt
613 1996 779 2074 portum,
803 1981 840 2051 iu
858 2005 930 2076 quo
944 1981 1142 2075 acquiesce-
1193 1979 1326 2050 multae
1360 1992 1506 2051 naturae
1541 1979 1709 2067 biliosae,
1752 1983 1961 2069 iracundae,
2011 2014 2184 2081 morosae,

147 2087 252 2163 rent?
279 2083 447 2168 Nullum,
470 2084 556 2178 quia
570 2085 648 2154 luce
665 2080 852 2174 Evangelii
868 2083 1046 2154 carebant.
1082 2082 1143 2156 Sic
1194 2104 1381 2173 pugnaces.
1435 2079 1505 2153 Sed
1521 2104 1607 2166 nos,
1639 2084 1700 2178 qui
1718 2086 1798 2155 aliis
1811 2088 1995 2179 diligentia
2011 2097 2185 2183 regendo·

98 2186 102 2191 ¹
145 2190 259 2285 igitur
283 2187 337 2259 illi
361 2187 430 2256 viri
454 2199 671 2280 praestantes
693 2187 826 2257 virtute
847 2184 992 2277 periisse
1016 2186 1143 2255 viden·
1193 2208 1273 2254 rum
1299 2208 1439 2254 morum
1463 2184 1672 2257 antecellere
1693 2189 1882 2273 debemus,
1917 2216 2020 2265 nosse
2040 2197 2184 2270 morbos

147 2304 230 2378 tur,
252 2303 294 2363 ot
306 2312 409 2382 saepe
432 2281 691 2381 pulcherrimae
712 2289 827 2359 violae
848 2287 887 2358 in
912 2301 1004 2358 terra
1027 2288 1143 2359 calca-
1194 2299 1334 2358 nostros
1362 2299 1520 2376 oportet,
1558 2310 1603 2356 ne
1627 2290 1828 2361 errantibus
1851 2292 2036 2366 affectibus
2064 2299 2183 2372 frenos

97 2460 107 2489 λ
145 2410 208 2469 tae
228 2393 396 2486 pedibus,
427 2390 620 2462 intereunt.
676 2385 726 2463 Et
749 2403 866 2463 tamen
889 2389 949 2462 isti
975 2383 1042 2461 hoc
1064 2391 1143 2460 fue-
1194 2389 1362 2462 laxemus.
1398 2386 1481 2460 Non
1499 2403 1613 2479 potest
1627 2390 1703 2460 fieri
1719 2391 1756 2461 in
1774 2386 1840 2463 hac
1854 2397 2065 2468 confusione
2080 2400 2184 2490 vitae,

97 2490 101 2555 ἶ
146 2510 238 2569 runt
263 2493 481 2580 miseriores,
506 2495 708 2587 quodcum
732 2515 862 2584 magno
881 2514 987 2565 sensu
1007 2492 1143 2566 doloris
1193 2491 1283 2584 quin
1308 2490 1420 2561 multa
1444 2491 1592 2582 indigna
1616 2493 1796 2579 accidant,
1827 2521 1936 2589 quae,
1967 2500 2037 2570 uisi
2062 2517 2183 2578 nostra

97 2618 100 2623 ·
146 2594 299 2670 extincti
317 2608 411 2667 sunt.
1194 2592 1339 2665 lenitate
1356 2608 1544 2678 sanentur,
1569 2617 1709 2666 causam
1728 2598 1865 2687 magnis
1879 2600 2066 2672 discordiis
2082 2629 2184 2697 prae.

256 2695 477 2787 Aspiciamns
491 2698 600 2790 igitur
614 2691 804 2767 hominurn
819 2695 948 2779 vitam,
979 2693 1144 2767 conside·
1195 2698 1279 2765 bere
1298 2710 1455 2787 possunt.
1505 2695 1576 2766 Sed
1598 2697 1753 2789 prolecto
1779 2701 1947 2773 omnibus
1966 2707 2183 2794 gubernato-

97 2782 103 2877 ,’
148 2822 270 2871 ternus
283 2820 372 2894 quae
386 2824 442 2871 res
455 2824 521 2871 nos
536 2824 556 2871 a
570 2800 692 2873 bestiis
703 2800 892 2887 discernat,
911 2798 1041 2870 deinde
1056 2798 1141 2892 quid
1194 2799 1296 2869 ribus
1323 2797 1432 2867 multa
1456 2797 1611 2888 ingentia
1633 2799 1859 2873 incommoda
1882 2807 2065 2878 toleranda
2088 2827 2182 2896 sunt,

146 2913 327 2996 praestent
353 2901 441 2974 boni
477 2903 599 2988 malis,
645 2904 742 2973 unde
767 2903 841 2974 siut
868 2918 1011 2973 aeterna
1037 2901 1143 2971 bona.
1194 2896 1351 2972 utDeus
1374 2900 1483 2970 multa
1507 2916 1541 2972 et
1563 2925 1691 2991 magna
1713 2903 1799 2974 vitia
1825 2905 1863 2973 in
1887 2909 1992 2979 nobis
2013 2911 2184 2986 immensa

97 3062 100 3073 .
142 3000 312 3097 Cumque
353 2997 440 3075 haee
482 3004 611 3074 donari
646 3027 731 3073 voce
762 2999 950 3093 Evangelii
981 3002 1145 3087 sciamus,
1195 3002 1437 3071 misericordia
1453 3001 1591 3076 tolerat.
1633 3002 1736 3075 Hanc
1750 3005 1950 3078 animorum
1968 3017 2184 3087 moderatio-

104 3154 112 3185 -,
144 3103 437 3197 magnitudinem
452 3104 568 3173 divini
583 3104 741 3174 muneris
755 3126 999 3193 agnoscamus,
1024 3102 1143 3172 etDeo
1195 3127 1278 3170 uem
1294 3103 1364 3171 nisi
1381 3103 1586 3185 induemus,
1611 3105 1761 3195 cogitate
1777 3131 1918 3201 quaeso,
1944 3116 2024 3204 quis
2043 3117 2089 3186 sit
2106 3142 2186 3189 mo·

143 3207 280 3299 gratias
301 3228 463 3295 agamus,
500 3206 595 3298 quod
619 3199 687 3274 boc
712 3202 949 3275 ministerium
976 3204 1144 3288 instituit,
1196 3207 1282 3287 dus,
1308 3202 1387 3299 quis
1403 3203 1482 3273 linis
1500 3204 1654 3273 rixarum
1670 3207 1838 3278 iuturus?
1889 3209 1928 3280 Si
1950 3217 1994 3281 de
2016 3219 2183 3289 omnibus
2220 3209 2225 3217 ’

143 3323 182 3382 et
195 3323 358 3380 nostrum
372 3306 529 3378 officium
543 3307 734 3397 diligenter
747 3320 782 3377 et
795 3306 948 3377 fideliter
962 3306 1144 3376 faciamus.
1195 3308 1320 3390 rebus,
1344 3328 1434 3400 quae
1448 3305 1552 3376 nobis
1569 3306 1826 3397 displicebunt,
1852 3310 1942 3382 bella
1962 3340 2103 3388 movere
2122 3345 2185 3390 vo·

251 3408 380 3480 Nostra
405 3434 472 3480 vox
496 3433 571 3479 non
592 3421 730 3480 tantum
754 3422 857 3480 sonat
887 3420 1070 3500 praecepta
1099 3409 1144 3477 de
1195 3408 1377 3478 luerimus.

146 3511 331 3596 snoribus,
363 3525 401 3582 ut
419 3510 618 3596 Socratica,
648 3523 710 3581 aut
726 3508 926 3592 Platonica,
959 3534 1050 3604 quae
1068 3532 1144 3578 non
1295 3506 1387 3580 Cum
1403 3523 1519 3580 autem
1537 3512 1581 3580 de
1597 3505 1653 3580 his
1667 3513 1806 3584 duabus
1820 3514 2024 3608 virtutibus,
2049 3524 2094 3593 de
2108 3538 2185 3597 stu·

143 3606 298 3687 inchoat
319 3612 428 3684 vitam
451 3626 650 3695 aeternam,
692 3614 752 3683 sed
786 3627 839 3684 est
868 3636 1041 3704 organum
1071 3636 1144 3705 quo
1195 3612 1256 3682 dio
1299 3611 1457 3683 veritatis
1508 3625 1545 3684 et
1585 3635 1706 3684 amore
1746 3621 1976 3708 concordiae,
2027 3625 2184 3716 plurima

141 3710 251 3791 Dens
281 3740 362 3786 vere
396 3729 432 3786 et
461 3717 539 3786 siue
557 3716 632 3787 ulla
657 3714 882 3787 dubitatione
904 3717 942 3785 in
964 3713 1146 3784 mentibus
1175 3714 1265 3786 ¹dici
1289 3715 1444 3806 possint,
1471 3728 1506 3786 et
1524 3714 1635 3787 multa
1659 3718 1818 3813 quotidie
1845 3721 1970 3813 legatis
1990 3723 2079 3818 ipsi,
2110 3753 2187 3802 non

141 3818 371 3891 credentium
388 3829 441 3888 est
463 3817 584 3887 efficax
602 3829 751 3910 propter
769 3817 903 3904 tilium,
937 3830 972 3888 et
996 3817 1145 3907 largitur
1196 3843 1257 3888 ero
1272 3816 1455 3912 prolixior.
1507 3815 1666 3890 Tantum
1689 3845 1803 3893 unum
1826 3839 2074 3915 argumentum
2096 3832 2188 3903 reci·

97 3912 110 3975 '-
141 3920 248 3995 bona
265 3933 425 4006 aeterna,
457 3944 568 4016 quae,
601 3935 641 3992 ut
656 3943 780 3989 omnes
793 3935 946 4000 norunt,
978 3920 1145 3990 omnibus
1196 3923 1298 4005 mbo,
1324 3921 1420 4014 quod
1435 3915 1524 3989 mihi
1539 3920 1606 4011 ipsi
1625 3923 1784 4014 quotidie
1800 3925 1951 4003 inculco.
1983 3930 2095 4003 Nulla
2109 3934 2187 4008 dies

143 4021 351 4097 interituris
365 4021 562 4093 commodis
585 4033 620 4093 et
641 4023 861 4095 ornamentis
886 4024 988 4112 longe
1011 4022 1145 4090 antcie-
1196 4024 1271 4092 abit
1283 4023 1373 4115 quin
1389 4020 1538 4110 cogitem
1553 4024 1598 4092 de
1613 4023 1677 4093 lilii
1690 4022 1756 4094 Dei
1771 4041 1896 4115 morte,
1926 4045 1961 4102 et
1974 4035 2186 4108 adnn‘rando

142 4124 376 4199 reudasunt.
427 4121 474 4197 Ut
493 4124 601 4215 igitur
616 4124 710 4193 bona
725 4137 865 4195 aeterna
880 4124 1069 4217 praecipue
1084 4146 1145 4192 er·
1197 4148 1326 4215 agone,
1367 4123 1404 4193 in
1436 4147 1507 4218 quo
1532 4138 1616 4195 ante
1641 4140 1791 4197 mortem
1816 4130 1952 4203 luctans
1970 4133 2046 4226 ipse
2066 4161 2184 4210 secum

141 4228 305 4325 peteuda
322 4237 424 4310 sunt,
459 4225 508 4296 ita
533 4226 685 4297 sciamus
702 4225 940 4297 ministerium
956 4223 1145 4315 Evangelii
1197 4223 1574 4316 sanguinemsudavib
1631 4223 1725 4297 Eum
1750 4253 1899 4320 agonem
1921 4234 2097 4325 ingressus
2120 4264 2186 4332 pro

142 4353 332 4405 summum
348 4329 497 4418 gradum
518 4352 592 4398 esse
607 4327 769 4397 omnium
786 4329 1023 4399 functionum.
1196 4325 1352 4399 Ecclesia
1367 4340 1547 4420 precatur,
1574 4352 1655 4398 cum
1677 4354 1782 4401 suum
1796 4336 2027 4426 sacrificium,
2058 4355 2099 4412 ut
2121 4365 2186 4433 po·

255 4427 353 4503 Haec
367 4441 554 4524 postquam
570 4430 748 4520 praelatus
763 4454 862 4514 sum,
896 4453 992 4501 nunc
1015 4451 1077 4499 vos
1100 4429 1164 4507 de,
1189 4429 1304 4502 ‘stulat
1319 4429 1511 4500 sacerdotis
1526 4430 1702 4517 officium,
1722 4434 1838 4507 otlert.

141 4531 293 4609 duobus
309 4533 524 4624 praeceptis,
548 4556 639 4627 quae
653 4544 739 4603 sunt
752 4532 914 4601 omnium
929 4554 1084 4615 summa,
1112 4543 1147 4601 et
1299 4530 1368 4603 Hic
1383 4533 1472 4601 duas
1487 4555 1544 4602 res
1560 4532 1647 4623 petit
1667 4533 1705 4604 in
1722 4531 1880 4608 Ecclesia
1904 4540 2057 4625 servari,
2080 4537 2187 4610 l‘eri-

143 4632 547 4730 coutinentplaeraque
567 4636 658 4715 alia,
692 4633 1024 4719 commonefaciam,
1055 4657 1146 4725 quo-
1199 4649 1305 4705 tatem
1323 4647 1358 4704 et
1373 4631 1622 4708 Concordiam.
1674 4633 1728 4706 De
1747 4641 1892 4711 scritate
1908 4641 2042 4729 inquit:
2068 4640 2186 4727 Pater,

141 4760 233 4823 rum
256 4735 411 4829 primum
436 4752 512 4823 est,
539 4751 581 4808 ut
595 4732 783 4826 Evangelii
806 4734 1016 4827 puritatem,
1048 4736 1146 4829 quod
1197 4736 1375 4807 sanctifica
1392 4758 1452 4806 eos
1476 4737 1514 4804 in
1540 4736 1699 4811 veritate.
1753 4736 1933 4834 Ecquam
1957 4744 2185 4816 iudicet-esse

137 4862 250 4913 ssunc
264 4834 332 4909 Dei
347 4838 518 4909 beneficio
535 4839 574 4909 in
593 4838 723 4909 nostrie
736 4833 905 4908 Ecclesiis
919 4851 1042 4918 sonat,
1069 4860 1144 4906 non
1197 4839 1392 4920 veritatem,
1412 4838 1581 4923 ostendit,
1607 4837 1790 4932 inquiens:
1817 4843 1943 4912 Sermo
1960 4862 2041 4915 tuus
2055 4860 2106 4915 est
2122 4870 2186 4917 ve-

140 4930 279 5017 sitsatis
294 4940 474 5031 corrumpi
488 4954 550 5012 aut
572 4940 785 5024 adulterari,
819 4943 878 5009 sed
903 4940 1145 5031 incorruptam
1198 4941 1295 5013 ritas.
1321 4937 1574 5009 Deconcordia
1590 4963 1675 5010 vero
1690 4940 1793 5011 dicit:
1820 4941 1926 5015 Pater
1940 4963 2069 5030 sancte,
2086 4971 2187 5020 servs

140 5040 336 5117 veritatem
347 5042 538 5115 tueamini.
591 5036 755 5113 Alterum
773 5052 1086 5133 praereptumest,
1106 5053 1148 5111 ut
1199 5065 1260 5112 eos
1284 5041 1323 5111 in
1344 5040 1491 5111 nomine
1515 5053 1597 5125 tuo,
1637 5066 1727 5136 quos
1750 5043 1882 5116 dedisti
1903 5043 2010 5132 milri,
2054 5063 2091 5120 ut
2113 5050 2187 5121 sint

141 5144 342 5235 diligenter
355 5145 518 5229 caveatis,
542 5166 601 5229 ne,
629 5158 691 5214 aut
706 5145 911 5233 dogmatum
927 5142 1149 5234 corruptelis,
1198 5165 1332 5228 uuum,
1354 5142 1545 5229 sieutuos,
1569 5141 1606 5212 id
1620 5156 1693 5229 est,
1718 5144 1853 5217 sincera
1870 5149 2115 5223 benevolentia
2130 5152 2189 5220 in·

141 5261 214 5323 aut
227 5245 308 5316 aliis
321 5245 491 5317 inanibus
511 5245 597 5316 risis
616 5245 843 5316 concordiam
868 5242 1048 5337 publicam
1071 5257 1148 5316 tur·
1199 5261 1253 5318 ter
1265 5269 1303 5316 se
1318 5242 1472 5317 devincti
1488 5245 1578 5330 sint,
1596 5268 1663 5317 nee
1680 5248 1831 5319 excitent
1844 5250 2000 5327 dissidia.

143 5347 257 5424 betis.
297 5343 375 5418 Etsi
390 5349 502 5418 multa
516 5346 584 5416 alia
601 5371 745 5442 quoque
762 5346 915 5440 praecipi
933 5369 1071 5419 necesse
1086 5359 1150 5433 est,
1303 5344 1362 5418 Aa
1395 5343 1502 5420 buius
1531 5345 1647 5419 nostri
1675 5348 1806 5420 summi
1837 5349 2039 5426 Sacerdotis
2071 5379 2190 5446 preses

145 5468 292 5536 samen,
313 5463 352 5521 ut
368 5450 586 5540 gubernator
601 5448 640 5519 in
656 5451 741 5522 navi
758 5461 876 5520 mente
900 5462 1044 5541 portum
1063 5472 1150 5539 pro·
1201 5449 1437 5538 adiungamus
1451 5471 1518 5521 nos
1533 5472 1677 5545 quoque
1694 5452 1895 5526 voluntates
1912 5470 1946 5526 et
1961 5469 2061 5526 votas
2093 5472 2193 5550 peta·-

203 5556 383 5623 Murram.
401 5556 508 5621 Osse.
520 5554 606 5622 Vos.
620 5553 684 5623 xl.
1706 5550 1757 5627 46
