4664 6022
138 262 213 339 ιιι
745 256 906 342 nucu
939 258 1016 339 nu
1050 254 1569 359 v1rxAncusrnv1.
2105 261 2185 361 see

140 434 352 523 aPraesecto
366 432 533 508 Romano
548 433 809 521 Mediolanum,
835 449 875 508 ut
892 449 1068 509 exerceret
1082 435 1135 508 ibi
1187 446 1375 526 postquam
1398 433 1489 506 vidit
1510 435 1603 507 serio
1623 430 1693 508 hoc
1716 449 1836 528 petere
1853 432 2096 532 Episcopum,
2120 440 2189 510 ob-

140 539 381 611 adolescentes
400 539 440 608 in
462 538 624 608 dicendo.
686 534 901 632 Quanquam
924 555 1041 610 autem
1058 539 1137 610 ani·
1189 548 1370 626 temperat.
1432 534 1589 608 ibicum
1612 533 1846 610 Manichacus
1862 554 1898 611 et
1913 537 2122 612 Donatistas
2138 543 2190 613 ita

141 666 201 712 mo
226 641 298 712 iam
322 655 396 712 erat
418 640 590 711 alieniore
614 636 891 726 aMauichaeis,
916 655 1036 712 tamen
1052 667 1137 735 por·
1188 638 1390 724 refutasset,
1414 653 1456 709 ιιι
1478 640 1638 736 plerique
1654 641 1813 713 redirent
1835 644 1881 712 ad
1896 643 2105 726 sanitatem,
2132 668 2190 715 re·

142 758 220 815 tum
235 756 357 814 tenere
376 743 514 813 nullum
537 736 654 813 adhuc
670 755 819 832 poterat.
871 696 921 815 Et
935 768 976 813 er
995 746 1138 815 dubita·
1189 739 1281 832 liqui
1297 763 1381 810 vcro
1396 740 1530 833 oppido
1545 746 1769 829 excederent,
1798 745 1992 816 constituta
2008 747 2191 840 tranquil-

25 894 31 903 .
142 845 241 917 none
255 844 338 931 1112,
363 858 403 916 ut
418 843 510 929 fit
499 868 538 913 ιιι
553 840 784 914 Academrcas
797 870 985 938 opiniones
1001 847 1140 932 rncrdrt
1190 842 1340 912 litate'
1308 865 1384 911 erus
1406 836 1601 930 Ecclesiae,
1636 843 1801 916 Valerius
1822 847 1957 918 sevivo
1975 842 2192 920 curathunc

143 948 207 1018 diu
239 943 334 1017 nihil
362 946 541 1017 affirmans
571 947 615 1014 de
644 946 827 1038 religione.
894 946 1012 1038 Quam
1033 950 1138 1021 multi
1190 943 1271 1034 eligi
1292 940 1529 1068 Episcopum,
1564 959 1604 1017 ut
1626 949 1842 1040 prospiceret
1875 943 1985 1019 huius
2007 946 2191 1021 Ecclesiae

144 1073 241 1121 nunc
264 1072 405 1142 quoque
427 1072 507 1118 cum
533 1072 569 1119 se
589 1049 752 1120 evolvere
776 1074 817 1120 ex
839 1049 1140 1142 disputationibus
1190 1046 1426 1117 incolumitati
1443 1048 1547 1118 etiam
1561 1049 1601 1118 in
1616 1065 1808 1142 posterum.
1860 1049 1902 1121 ld
1926 1074 2060 1122 munus
2077 1053 2190 1123 admi·

144 1176 221 1222 non
237 1164 404 1243 possunt,
429 1174 574 1242 prorsus
589 1150 679 1220 fiunt
695 1148 829 1224 dideot?
880 1152 949 1225 Sed
966 1153 1140 1239 divinitus
1191 1147 1358 1219 nistravit
1379 1147 1518 1220 circiter
1533 1153 1766 1245 quadraginta
1786 1175 1918 1237 annos,
1943 1178 2016 1247 quo
2031 1168 2187 1247 tempore

145 1278 187 1325 ex
207 1248 277 1324 hoc
290 1253 475 1342 naufragio
491 1248 713 1342 Augustinus
735 1268 876 1349 ereptus
893 1270 965 1342 est,
990 1259 1087 1349 quod
1107 1269 1141 1327 et
1191 1249 1289 1320 varia
1312 1250 1346 1320 ei
1367 1274 1446 1320 cum
1466 1252 1590 1324 multis
1609 1249 1797 1325 haereticis
1819 1255 2013 1325 certamina
2032 1258 2185 1328 luerunt.

145 1354 268 1427 matris
291 1350 493 1451 lachrymae
523 1379 588 1445 pro
613 1379 653 1426 eo
678 1355 971 1449 interpellabant,
997 1358 1142 1450 etipse,
1192 1351 1362 1443 Magnam
1378 1353 1646 1426 multitudinem
1664 1352 1994 1428 exEthnicisetiam
2012 1359 2060 1428 ad
2070 1354 2184 1429 Evan-

146 1480 351 1553 quanquam
372 1457 412 1526 in
433 1457 658 1529 dubitatione
688 1461 912 1542 versabatur,
943 1460 1068 1531 audire
1087 1475 1142 1531 ta-
1192 1454 1324 1545 getium
1352 1456 1542 1549 pertraxit,
1575 1484 1664 1553 quos
1684 1458 1823 1530 facilius
1847 1460 1963 1545 flexit,
1989 1483 2075 1531 cum
2091 1461 2182 1532 vide-

145 1584 228 1630 men
253 1561 369 1631 bonos
386 1556 577 1645 Doctores,
610 1583 650 1630 ac
672 1561 786 1651 legere
801 1584 916 1634 sacras
932 1563 1051 1636 literas
1066 1587 1140 1634 non
1192 1570 1272 1626 rent
1288 1556 1363 1627 eius
1380 1558 1578 1629 doctrinam
1601 1561 1773 1632 divinitus
1793 1560 2021 1654 comprobari
2036 1562 2182 1635 miracu-

146 1662 293 1737 destitit.
343 1658 472 1733 Narrat
486 1685 523 1732 se
540 1675 624 1733 tunc
641 1661 822 1736 inPlotini
837 1666 950 1737 lrbros
964 1665 1142 1753 1nc1drssc,
1192 1659 1248 1728 lis
1299 1658 1619 1756 Delevitrcliquias
1638 1659 1911 1734 Atrianorum⁹
1899 1687 1939 1732 ιιι
1956 1677 2033 1735 tota
2049 1665 2183 1752 vicinia,

146 1765 185 1833 in
209 1764 339 1861 quibus
361 1746 496 1836 suerint
514 1766 688 1858 quaedam
719 1768 763 1836 de
787 1781 913 1839 natura
941 1767 1009 1838 Dei
1034 1782 1069 1838 et
1097 1771 1141 1839 de
1193 1760 1333 1879 publice
1356 1760 1542 1833 revincens
1564 1763 1742 1836 Foelicem
1760 1761 1956 1837 Arrianum
1972 1790 2096 1837 coram
2111 1765 2182 1839 Ma-

146 1869 256 1939 verbu
281 1880 445 1949 aeterno,
477 1891 567 1960 quae
592 1868 721 1939 imitati
750 1885 834 1941 sunt
850 1864 1079 1961 Philosophi,
1107 1883 1142 1942 et
1193 1863 1349 1953 gistrutu
1399 1861 1607 1958 Profligavit
1627 1881 1662 1938 et
1671 1862 1919 1939 Mantchaeos
1945 1870 2008 1937 sed
2025 1870 2182 1941 omniurn

147 1983 260 2041 astute
277 1970 533 2043 transtulerunt
549 1971 593 2040 ad
606 1993 697 2057 sese,
721 1969 992 2043 utChristianae
1009 1973 1143 2045 doctri-
1193 1965 1422 2036 durissimum
1445 1982 1621 2041 certamen
1644 1995 1675 2040 er
1667 1969 1763 2043 suit
1786 1995 1866 2042 cnm
1881 1968 2105 2058 Donatistis,
2127 1971 2181 2067 qui

147 2097 214 2143 nae
239 2073 412 2145 autoritas
432 2086 691 2144 extenuaretur.
743 2072 813 2145 Sed
836 2088 954 2146 tamen
970 2070 1141 2165 Augusti·
1193 2092 1267 2138 non
1285 2082 1422 2140 tautum
1438 2073 1670 2145 concionibus
1695 2086 1729 2143 et
1753 2073 1891 2164 scriptis
1907 2070 2181 2145 turbabantEc·
2222 2100 2225 2119 ·

146 2199 216 2245 nus
230 2176 280 2246 ait
297 2198 333 2246 se
350 2169 566 2266 deprehensa
587 2178 730 2261 fraude,
757 2200 816 2246 eos
837 2178 948 2249 libros
964 2178 1141 2248 abiecisse.
1194 2169 1336 2256 elesius,
1354 2173 1413 2241 sed
1427 2173 1611 2244 manifesta
1628 2177 1664 2244 vi
1680 2176 1941 2267 grassabantur·
1984 2170 2180 2248 Eratlactio
2220 2126 2225 2281 i

147 2277 283 2349 Mirum
298 2291 472 2349 certamen
489 2279 527 2346 iu
552 2278 619 2348 hac
633 2272 783 2348 historia
799 2280 1017 2373 conspicitur
1030 2280 1142 2349 animi
1193 2270 1550 2360 circumcellionum,
1576 2277 1638 2372 qui
1651 2301 1715 2371 per
1728 2278 1826 2346 illam
1842 2302 1942 2346 oram
1952 2271 2180 2371 Africaepas-

147 2379 315 2475 inquieti,
341 2380 462 2450 omnia
477 2381 694 2473 exquirentis
706 2396 740 2451 et
760 2382 992 2474 explorantis,
1017 2395 1057 2453 ut
1079 2407 1142 2452 ve·
1193 2374 1259 2443 sim
1275 2375 1439 2446 seditiose
1454 2379 1689 2468 vagabantur,
1708 2393 1827 2450 etase
1842 2379 2178 2451 dissentienteselios

144 2484 288 2554 ritatem
316 2482 487 2555 inveniat.
543 2481 661 2552 Multa
688 2501 811 2556 monet
833 2481 901 2555 hoc
930 2485 1141 2576 exemplum,
1193 2476 1470 2566 interficiebant,
1495 2494 1558 2551 aut
1582 2482 1673 2553 male
1697 2482 1926 2554 mulctabant.
1988 2478 2042 2551 Hi
2058 2481 2225 2554 tunul-

145 2585 331 2669 videlicet,
352 2584 514 2656 doctrina
531 2599 564 2656 et
577 2584 807 2655 meditatione
820 2610 908 2679 opus
925 2610 1019 2668 esse,
1045 2602 1080 2658 et
1095 2589 1139 2656 ad
1191 2593 1249 2651 tus
1281 2580 1404 2651 edictis
1435 2594 1470 2653 et
1498 2585 1682 2656 severitate
1703 2583 1983 2676 Imperatorum,
2020 2584 2083 2655 vix
2110 2597 2179 2656 tau·
2220 2564 2225 2727 1

145 2689 403 2777 agnoscendam
431 2688 532 2756 etad
556 2688 778 2757 retinendam
806 2689 1002 2760 veritatem.
1062 2686 1141 2758 Αιι-
1192 2683 1273 2751 dem
1295 2682 1407 2754 sedati
1430 2699 1523 2758 sunt.
1583 2684 1739 2758 Maxime
1759 2700 1878 2758 autem
1902 2678 2142 2808 Augustind
2131 2710 2181 2757 tn·

146 2788 283 2859 diens'
272 2788 381 2878 rgitur
401 2782 633 2859 Ambrosium
659 2802 791 2860 attente
807 2815 845 2859 ac
863 2791 944 2875 diu,
970 2814 1048 2860 curn
1067 2812 1139 2858 una
1190 2783 1271 2853 festi
1296 2798 1397 2854 erant
1418 2785 1644 2870 Donatistae,
1681 2805 1714 2862 et
1740 2789 1824 2885 quia
1844 2787 1924 2858 ab·
1912 2811 1992 2878 spso
2022 2789 2181 2861 acerrime

145 2905 234 2961 esset
256 2891 363 2961 etiam
390 2903 520 2969 mater,
557 2892 702 2959 tandem
728 2886 977 2961 Manichaeam
1010 2903 1138 2961 sectam
1191 2886 1455 2976 refutabantur,
1494 2903 1527 2961 et
1556 2891 1639 2987 quia
1669 2891 1745 2961 eius
1775 2889 1960 2981 diligentia
1993 2893 2181 2982 perlectum

145 3004 265 3085 aperte
286 2990 476 3083 relinquit,
511 3004 545 3060 et
567 2993 777 3063 sententiam
798 2988 988 3085 Evangelii
1005 2994 1139 3085 ample·
1192 3000 1284 3068 erat,
1310 3003 1349 3059 ut
1362 2988 1558 3083 Imperator
1572 2991 1753 3064 saevitiam
1770 3017 1892 3063 eorum
1909 2987 2177 3075 coherceret,'et

145 3096 263 3167 ctitur.
313 3088 454 3183 Cogitat
471 3092 577 3165 etiam
593 3096 637 3164 dc
654 3095 815 3164 ducenda
831 3121 959 3182 uxore,
981 3097 1139 3185 ablegata
1190 3090 1373 3161 facultates
1389 3117 1475 3187 quas
1489 3090 1669 3166 Ecclesiae
1682 3096 1843 3187 ipsorum
1857 3096 2053 3181 tenebant
2077 3108 2172 3167 ιιιιιι-

145 3194 357 3271 concubina.
408 3189 606 3288 Aliquanto
621 3210 701 3288 post
716 3198 836 3269 relicta
850 3199 936 3269 artis
950 3198 1140 3289 professio-
1190 3192 1368 3262 ferrentur
1390 3198 1434 3264 ad
1461 3194 1536 3287 pias
1557 3195 1750 3282 Ecclesias,
1778 3221 1824 3267 ne
1845 3195 1948 3316 impis
1937 3193 2178 3269 Doctoreset

146 3324 191 3369 ne
219 3311 334 3370 totum
359 3320 395 3367 se
418 3297 516 3368 dedit
532 3319 711 3370 sacrarum
728 3299 912 3371 literarum
928 3301 1073 3386 studiis,
1105 3316 1139 3371 et
1191 3318 1315 3365 eorum
1346 3299 1531 3386 satellites,
1565 3301 1628 3393 qui
1655 3299 1692 3368 in
1712 3298 1897 3391 provincia
1925 3300 2179 3389 grassabantur,

146 3401 239 3471 veris
267 3394 459 3494 lachrymis
486 3380 648 3492 deplorat
676 3412 810 3493 priores
848 3426 930 3474 suas
966 3403 1138 3475 tenebras
1190 3397 1261 3466 1llts
1275 3398 1489 3474 fruerentur
1540 3399 1632 3472 Cum
1655 3416 1774 3474 autern
1796 3425 1898 3492 saepe
1915 3425 1997 3472 cum
2016 3401 2092 3472 illis
2104 3425 2180 3473 con·

144 3503 237 3575 iam
261 3503 324 3572 diu
346 3517 457 3577 mater
479 3528 552 3573 una
576 3517 714 3586 manet,
741 3508 854 3577 donec
872 3506 1139 3598 baptismoini-
1189 3522 1327 3589 gressus
1341 3502 1386 3573 sit
1400 3502 1639 3595 Augustinus,
1665 3503 1931 3594 disputandum
1947 3504 2113 3624 publicis
2123 3503 2225 3600 Sy·

144 3607 227 3678 tiari
252 3607 366 3677 lilium
392 3607 492 3682 vidit,
542 3605 668 3680 Postea
694 3632 774 3680 cum
795 3609 940 3679 redirc⁹
929 3636 968 3679 ιιι
987 3609 1138 3701 patriam
1191 3602 1295 3671 nodis
1322 3617 1357 3675 et
1385 3630 1502 3676 coram
1529 3606 1814 3726 Magistratibus,
1848 3631 1930 3677 cum
1961 3629 2071 3697 saepe
2101 3607 2178 3676 insi·

145 3721 307 3802 cuperet,
338 3734 413 3781 non
437 3711 587 3781 voluit
577 3734 651 3802 xpse
674 3713 719 3781 ab
737 3711 929 3781 eadivelli
976 3708 1139 3804 Cumque
1190 3704 1259 3773 diis
1280 3704 1351 3775 vita
1373 3708 1449 3777 cius
1468 3709 1576 3800 petita
1600 3710 1661 3794 sit,
1695 3704 1781 3779 haec
1805 3706 1950 3798 negocia
1970 3721 2005 3778 et
2033 3706 2180 3801 pericula

144 3825 259 3885 mater.
279 3812 318 3882 in
339 3812 466 3884 itinere
488 3828 628 3883 mortua
650 3828 756 3899 esset,
796 3815 907 3885 multa
931 3813 1030 3905 prius
1057 3836 1138 3883 cum
1190 3805 1327 3877 duriter
1351 3833 1431 3879 eum
1462 3824 1704 3883 exercuerunt.
1759 3809 1879 3899 Quare
1903 3834 1976 3879 non
2009 3810 2181 3883 existime-
2223 3884 2225 3889 .

144 3915 218 3984 lilio
234 3916 277 3983 de
298 3914 580 4000 immortalitate,
606 3917 649 3986 de
670 3915 831 3988 doctrina
847 3911 1069 3999 Christiana,
1094 3916 1139 3984 de
1190 3931 1270 3978 mus
1285 3909 1392 3982 fuisse
1409 3913 1567 3983 ociosum
1582 3907 1822 4006 Episcopum,
1847 3927 1908 3984 aut
1923 3924 2071 3989 tantum
2095 3935 2181 3983 cert·
2223 3962 2225 4005 ;

143 4011 321 4087 Ecclesiae
339 4016 520 4086 aerumnis
536 4016 730 4102 collocuta,
753 4017 829 4111 ip‘se
848 4032 1047 4109 susceptum
1072 4019 1139 4085 iter
1189 4010 1321 4081 moniis
1342 4015 1416 4084 suis
1439 4028 1662 4108 occupatum.
1722 4016 1840 4105 Longe
1864 4016 1969 4086 aliter
1991 4014 2038 4085 de
2053 4038 2098 4087 eo
2113 4014 2181 4085 viro
2223 4012 2225 4029 '

145 4142 220 4188 non
234 4117 372 4202 omisit,
397 4119 608 4211 rediensque
623 4119 661 4188 in
677 4116 834 4191 Africam
850 4144 930 4195 curu
946 4120 1018 4191 suis
1032 4120 1137 4189 soda-
1190 4113 1414 4187 sentiendum
1437 4133 1507 4201 est,
1541 4116 1602 4211 qui
1626 4134 1711 4189 tunc
1738 4120 1812 4188 fere
1832 4118 1929 4187 solus
1959 4117 2002 4187 in
2031 4115 2184 4191 exmbtls

144 4219 259 4304 libus,
292 4219 331 4287 iu
363 4220 476 4309 patria
503 4220 714 4313 aliquandiu
739 4236 905 4315 tanquam
935 4223 973 4292 in
1001 4244 1138 4297 secessu
1189 4216 1257 4286 suit
1276 4241 1343 4307 pro
1357 4216 1516 4292 Ecclesia
1531 4215 1685 4303 Christi,
1718 4222 1781 4316 qui
1797 4220 1987 4311 puritatem
2004 4220 2183 4291 doctrinae

146 4321 244 4393 vixit.
297 4317 385 4390 Inde
402 4338 547 4413 propter
561 4324 744 4399 doctrinae
761 4326 890 4395 lamam
907 4339 1072 4396 evocatus
1087 4336 1139 4394 est
1190 4332 1314 4388 contra
1339 4335 1392 4394 tot
1415 4322 1542 4415 impias
1564 4323 1755 4410 factiones,
1782 4346 1870 4416 quae
1894 4320 2133 4395 multitudine
2152 4332 2183 4392 et
2223 4384 2225 4389 .

150 4426 195 4492 ab
211 4419 387 4513 Episcopo
411 4421 638 4515 Hipponensi
656 4426 797 4496 Valerio
821 4430 865 4497 ad
890 4450 1020 4498 munus
1040 4448 1139 4516 pres-
1190 4424 1346 4511 potentia
1361 4426 1552 4496 instructae
1567 4438 1685 4510 erant,
1711 4440 1840 4497 etcum
1863 4423 1931 4517 piis
1950 4424 2139 4497 assiduum
2152 4432 2183 4495 tt
2213 4432 2217 4441 '

145 4526 291 4618 hyterii:
319 4524 357 4593 in
381 4549 448 4618 qua
465 4527 743 4598 functionecum
767 4523 907 4599 scholae
925 4525 1139 4599 eiusEccle-
1190 4520 1396 4598 ἄσπονδιον
1416 4526 1551 4597 bellum
1574 4529 1764 4617 gerebant,
1796 4525 1976 4612 defendit,
2010 4527 2084 4622 qui
2103 4548 2182 4599 con·

146 4628 217 4695 siae
233 4641 422 4716 praeesset,
446 4629 756 4701 dicitursodalitio
772 4631 871 4700 illam
887 4631 1045 4720 regulam
1060 4654 1138 4700 mo-
1189 4623 1417 4699 siliaDucum
1436 4626 1762 4720 etlmperatorum⁹
1751 4653 1789 4699 ιιι
1804 4628 1926 4702 multrs
1939 4629 2181 4725 rebus,

146 4754 227 4803 rum
256 4743 288 4799 et
317 4730 563 4801 exercitiorum
593 4731 874 4823 praescripsisse,
915 4755 1007 4825 quae
1033 4745 1147 4809 extat.
1189 4729 1234 4798 ad
1250 4730 1428 4820 publicam
1444 4755 1567 4850 pacem
1580 4733 1824 4824 pertinebant,
1845 4730 2073 4821 gubernavit.
2113 4728 2181 4805 Er-
2222 4732 2225 4885 p

136 4827 219 4901 'Nec
239 4830 337 4901 aliud
361 4846 446 4902 tunc
467 4833 536 4904 init
560 4832 651 4903 illud
677 4831 899 4923 Collegium,
931 4834 1146 4911 nisicoetus
1189 4843 1265 4901 tant
1282 4833 1376 4901 enim
1392 4833 1567 4903 multae
1537 4858 1612 4905 erus
1628 4836 1672 4904 ad
1687 4833 1863 4925 praesedes
1881 4833 2053 4925 epistolae
2070 4832 2225 4941 grsri-

145 4927 390 5015 scholasticus,
416 4959 458 5003 ex
472 4959 545 5028 quo
559 4934 713 5004 liberum
730 4935 945 5007 eratdiscere
960 4937 1144 5020 omnibus,
1189 4945 1243 5003 ter
1259 4935 1426 5054 scriptae.
1458 4936 1560 5005 cuius
1583 4936 1757 5007 iudicium
1778 4950 1813 5006 et
1830 4932 1970 5006 ltalrcos
1984 4888 2225 5031 Episcopus

145 5058 206 5124 qur
197 5018 319 5103 aliud
336 5037 429 5105 vrtae
444 5059 555 5125 genus
568 5036 791 5127 appetebant
842 5024 1053 5111 Elaiautcm
1069 5037 1137 5108 soli
1188 5037 1360 5109 reveritos
1380 5061 1454 5107 esse
1478 5037 1649 5113 videmus.
1709 5035 1789 5110 Ut⁹
1778 5034 2180 5126 igiturHomerusbcul

142 5130 328 5252 Episcopi
331 5137 637 5208 concionabantur
652 5160 732 5207 cum
743 5140 909 5225 aderant,
934 5153 1053 5211 umen
1063 5137 1137 5215 Va-
1188 5133 1365 5229 Principis
1378 5139 1492 5209 officia
1510 5140 1711 5230 complexus
1727 5152 1781 5209 est
1795 5134 1862 5208 hoc
1878 5140 2074 5213 versiculo.

143 5235 286 5308 lerius⁹
275 5238 377 5307 ιιιιιίι
397 5233 659 5324 Augustinum,
694 5260 733 5309 se
760 5255 961 5330 praesente,
981 5241 1139 5319 concio·¹
1200 5232 1626 5322 Appdrmovssaoetsdese
1640 5233 1974 5323 ἆιαθόικιαῐῑρὸιῐε
1990 5236 2153 5324 simbus.
2223 5304 2225 5315 .

91 5384 96 5392 -
142 5340 238 5406 nari:
275 5338 370 5430 quod
397 5361 599 5431 quanquam
614 5338 1143 5433 gravatimtaciebatAugusti7
1187 5343 1237 5414 sic
1253 5345 1408 5416 debono
1423 5341 1601 5436 Episcopo
1617 5344 1688 5413 dici
1712 5356 1843 5436 potest.
2222 5342 2225 5455 l

32 5506 38 5519 ,
142 5461 228 5527 uus,
252 5463 298 5511 nc
312 5434 482 5532 Episcopi
496 5440 790 5515 existimationem
801 5443 996 5532 minueret,
1018 5457 1139 5531 ternctt
1229 5454 1426 5546 Αμφότεριι
1440 5455 1568 5533 smerde
1578 5478 1748 5544 κισμητιιρ
1761 5451 1847 5541 ἧδ’
1827 5452 1996 5597 oyrpqrq'c

2221 3548 2225 3641 l
