4664 6022
138 316 218 395 Μ
870 322 1029 404 DECL.
1064 324 1140 399 DE
1179 320 1449 399 LEGIBUS.
1992 326 1996 335 '
2107 325 2185 402 910

138 495 410 583 bernatoribus,
433 509 601 573 tsmenet
616 498 690 591 ipse
704 515 823 574 manet
839 502 877 570 in
899 464 1069 584 statione,
1096 526 1136 570 ac
1158 572 1160 577 ,
1185 512 1224 569 ut
1242 496 1339 569 Deus
1354 497 1468 570 iustus
1484 510 1519 570 et
1533 497 1663 567 vindex
1687 498 1858 570 scelerum
1881 495 2080 587 coherceat,
2106 514 2182 572 toto

135 599 310 671 maiorem
335 612 473 692 partem
494 602 781 698 delinquentium
803 604 877 672 suis
899 606 1065 675 manibus
1090 607 1132 672 ad
1185 626 1266 672 eum
1286 617 1427 692 pectore
1444 625 1518 670 oro.
1573 598 1626 670 Ac
1644 602 1732 672 tales
1748 603 1946 673 orationem
1963 605 2008 673 de
2023 603 2183 674 bonitate

134 701 311 799 supplicia
333 703 440 795 rapit.
495 702 577 776 Non
600 705 795 797 puniebant
819 707 954 777 iudices
977 703 1133 777 Pharao·
1185 705 1321 795 legum,
1356 716 1389 774 et
1417 704 1555 773 ordinis
1584 703 1699 773 divini
1727 705 1765 774 in
1795 706 2053 796 gubernatione
2078 707 2182 790 vitae,

135 820 241 891 netu,
265 800 531 890 Alexandrum,
556 803 796 894 Antiochum,
822 805 1040 896 britonium,
1065 808 1135 880 Ca·
1185 802 1316 877 nihilo·
1334 808 1444 898 magis
1476 809 1645 892 audiunt,
1678 833 1785 902 quam
1815 804 2057 903 Polyphemus
2086 812 2180 902 apud

136 906 307 999 ligulam,
335 908 534 998 Neronem,
560 925 598 983 et·
612 912 893 981 innumerabiles
909 914 1016 996 alios,
1041 936 1132 1004 quo·
1184 908 1382 980 Homerum
1406 911 1507 981 audit
1528 908 1690 1004 Ulyssem
1714 913 1758 980 de
1781 912 1912 982 iudicio
1937 911 2000 983 Dei
2028 912 2182 1006 loquen-

137 1035 211 1107 quo
242 1013 351 1083 modo
380 1013 535 1105 pollutos
566 1015 734 1085 omnibus
763 1015 995 1107 temporibus.
1056 1013 1132 1086 llos
1185 1027 1273 1099 tem,
1298 1014 1356 1084 cui
1373 1015 1563 1106 respondet
1583 1009 1639 1082 his
1655 1014 1789 1093 verbis:
1851 1046 1857 1057 ·

136 1128 256 1189 umen
279 1138 403 1186 omnes
419 1116 540 1187 divina
557 1114 739 1203 Nemesis,
764 1134 802 1190 ut
819 1120 905 1188 olim
930 1121 1132 1198 vocabatur,

135 1221 313 1313 oppressit
329 1219 430 1290 iustis
447 1218 589 1312 poeuis,
615 1235 647 1290 et
662 1223 839 1315 opprimet
852 1224 1020 1294 omnibus
1038 1237 1133 1293 aeta-

136 1322 244 1394 tibus.
298 1318 346 1393 Et
359 1321 584 1394 verissimum
596 1337 648 1394 est
663 1326 797 1395 dictum
815 1326 921 1395 illud:
1101 1360 1110 1369 ·
1184 1322 1346 1396 Sciamus
1367 1335 1484 1392 autem
1506 1319 1593 1391 tales
1612 1345 1685 1391 non
1702 1335 1840 1393 tantum
1860 1336 2008 1393 naturae
2027 1321 2179 1390 infirmi-

1184 1440 1255 1497 tate
1279 1450 1444 1518 peccare‚
1476 1425 1538 1493 sed
1563 1419 1660 1494 haud
1685 1425 1795 1495 dubie
1816 1452 1835 1495 a
1859 1425 2012 1495 diabolis
2041 1424 2180 1514 agitari.

1055 1590 1058 1594 .
1185 1529 1305 1620 Quare
1322 1528 1382 1597 alii
1402 1526 1648 1608 modestiores,
1671 1528 1732 1623 qui
1748 1529 1957 1620 disciplinae
1979 1529 2098 1597 lreuos
2114 1552 2179 1619 pa·

1183 1635 1340 1716 tiuntur,
1381 1629 1675 1702 consuetudinem
1701 1655 1824 1702 eorum
1853 1632 2014 1722 lugiunt,
2049 1653 2178 1723 eosque

135 1724 183 1803 Et
201 1727 406 1801 notissimae
420 1743 504 1804 sunt
517 1732 813 1807 comminationes
829 1732 1003 1803 divinitus
1020 1735 1132 1804 tradi·
1183 1735 1282 1807 velut
1307 1747 1420 1827 pestes
1440 1747 1475 1805 et
1496 1725 1704 1829 ἀλάστορας
1710 1785 1722 1819 ,
1757 1735 1940 1806 civitatum
1963 1746 1997 1803 et
2017 1734 2177 1821 gentium

135 1846 209 1905 tae:
235 1830 310 1923 Qui
325 1832 482 1924 gladium
496 1837 687 1929 acceperit,
710 1837 829 1928 stadio
844 1837 987 1928 peribit.
1027 1842 1130 1910 ltem:
1183 1840 1307 1910 sitent.
1368 1835 1435 1907 llis
1461 1861 1546 1907 vero
1574 1838 1867 1919 modestioribus,
1901 1838 1964 1931 qui
1988 1835 2178 1926 disciplina

136 1935 356 2010 Scortatores
378 1950 413 2009 et
437 1939 617 2011 adulteros
639 1940 812 2011 iudicabit
825 1936 934 2017 Deus.
974 1935 1023 2011 Et
1043 1942 1133 2011 aliae
1183 1955 1374 2032 reguntur,
1399 1942 1461 2034 qui
1484 1952 1517 2010 et
1535 1963 1608 2009 esse
1623 1939 1743 2010 Deum
1760 1942 1974 2033 sapientem,
1995 1939 2130 2010 iustum
2144 1952 2178 2008 et

139 2040 280 2113 multae.
318 2038 428 2112 Hunc
443 2054 559 2115 totum
574 2043 738 2113 ordinem
756 2043 1024 2136 gubernationis
1040 2044 1133 2113 vitae
1184 2046 1361 2115 vindicem
1377 2057 1549 2128 statuunt,
1566 2056 1599 2113 et
1614 2043 1689 2114 eius
1700 2043 1790 2113 iram
1808 2058 1841 2115 et
1856 2066 1988 2136 poenas
2002 2053 2179 2125 metuunt,

136 2137 315 2215 humanae
330 2144 505 2217 sancitum
519 2145 705 2231 divinitus,
731 2149 955 2218 considerare
971 2147 1133 2240 quotidie
1183 2150 1256 2229 scio
1272 2173 1346 2218 non
1367 2148 1541 2238 ingratam
1565 2147 1853 2217 assentationem
1874 2148 1919 2217 de
1933 2145 2051 2236 legum
2072 2144 2179 2215 boni-

136 2246 329 2334 debemus,
368 2270 410 2319 ac
438 2247 546 2320 simul
581 2251 711 2340 gratias
741 2275 844 2342 agere
872 2250 1132 2341 sapientissimo
1183 2266 1265 2323 tate.
1326 2250 1421 2337 Hos,
1454 2274 1533 2319 cum
1557 2250 1679 2321 norint
1700 2272 1757 2318 eas
1780 2246 1848 2321 Dei
1873 2272 1994 2319 vocem
2017 2270 2109 2331 esse,
2143 2258 2180 2316 et

134 2349 329 2433 conditori,
353 2363 482 2421 etcum
494 2374 605 2436 orare,
632 2366 672 2422 ut
689 2347 786 2423 hunc
803 2354 966 2423 ordinem
981 2368 1134 2439 tueatur,
1183 2380 1264 2425 cum
1287 2356 1431 2425 videant
1450 2349 1547 2423 hunc
1569 2353 1733 2422 ordinem
1760 2352 1965 2445 politicum,
1998 2348 2066 2420 Dei
2088 2370 2178 2443 opus

1259 1172 1351 1238 Nulla
1368 1169 1449 1236 loris
1465 1170 1636 1257 Cyclopum
1650 1177 1767 1236 animos
1781 1178 1946 1237 reverentis
1959 1177 2066 1257 tangit.

239 1476 310 1544 Non
331 1481 423 1557 urbs,
449 1500 514 1542 uon
530 1483 632 1565 ragio,
659 1504 721 1545 non
736 1497 815 1547 aetas
830 1489 892 1546 ulla
908 1489 1002 1546 severi

236 1580 350 1647 Iudicii
364 1586 532 1667 exemplis,
555 1607 619 1649 nou
636 1586 744 1651 domus
761 1592 824 1651 ulls
839 1603 929 1652 caret.

135 2476 177 2523 ac
206 2466 344 2524 nostras
374 2465 510 2523 mentes
537 2452 576 2521 in
605 2456 770 2543 regendis
798 2456 959 2527 moribus
982 2456 1133 2529 adiuvet.
1184 2482 1275 2545 esse,
1299 2473 1334 2529 et
1353 2479 1485 2528 munsss
1511 2456 1604 2525 vitae
1627 2469 1768 2526 nostrae
1793 2453 2042 2539 utilissimum,
2076 2452 2178 2523 obte-
2303 2514 2311 2528 ,

135 2551 234 2625 Haec
247 2553 311 2648 qui
326 2552 480 2635 iaciunt,
509 2553 707 2644 intelligere
724 2572 926 2654 utcunque,
957 2561 1044 2654 quid
1059 2559 1132 2631 Lex
1183 2575 1258 2632 stor
1274 2575 1419 2653 propter
1433 2558 1568 2638 Deum,
1594 2571 1634 2628 ut
1651 2581 1753 2649 saepe
1773 2559 1995 2652 multumque
2013 2556 2179 2647 cogitent,

136 2657 199 2741 sit,
226 2668 407 2745 poterunt.
457 2653 542 2728 Non
556 2658 652 2727 enim
674 2659 776 2733 initia
796 2663 914 2753 legum
931 2676 1014 2733 sunt
1029 2688 1049 2732 a
1065 2663 1134 2735 So·
1184 2665 1246 2760 qui
1261 2666 1332 2736 sint
1346 2665 1463 2753 legum
1479 2663 1612 2746 fontes,
1634 2661 1772 2755 etquid
1789 2662 1834 2731 sit
1857 2674 1953 2731 totus
1970 2661 2060 2730 ordo
2084 2657 2179 2751 poli-

137 2757 231 2826 lonis
256 2768 318 2828 aut
338 2754 630 2831 Decemvirorum
653 2761 799 2846 tabulis,
828 2766 901 2835 imo
926 2767 1132 2859 nequidem
1184 2770 1288 2838 ticus:
1323 2779 1357 2836 et
1380 2760 1446 2836 hac
1474 2764 1688 2854 cbgitatione
1706 2786 1781 2833 sese
1806 2763 1999 2833 exuscitent
2023 2763 2068 2831 ad
2090 2755 2177 2831 haec

136 2858 272 2930 abillis
294 2859 407 2928 saxeis
427 2860 572 2935 tabulis.
623 2862 693 2935 Sed
716 2865 771 2936 lex
788 2882 840 2939 est
853 2885 995 2938 aeterna
1009 2881 1043 2939 et
1064 2870 1133 2937 im-
1183 2870 1304 2941 divina
1327 2870 1421 2939 bona
1451 2867 1670 2953 veneranda,
1705 2879 1740 2937 et
1762 2867 1806 2936 ad
1836 2865 2076 2936 obedientiam
2100 2862 2177 2936 Deo

134 2973 232 3031 mota
254 2960 427 3053 sapientis
449 2977 483 3037 et
506 2962 644 3036 iusticia
661 2963 750 3055 Dei,
775 2971 877 3041 cuius
893 2971 983 3040 radii
1008 2972 1047 3040 in
1069 2996 1132 3041 na·
1182 2973 1357 3054 debitam,
1380 2996 1420 3041 ac
1442 2970 1652 3062 disciplinae
1673 2992 1842 3040 amorem.
1895 2966 1977 3039 Scio
1997 2967 2101 3039 aliter
2118 2990 2179 3038 ac-

134 3074 236 3134 turas
257 3063 497 3156 intelligentes
519 3069 634 3161 sparsi
657 3084 763 3156 sunt,
787 3086 829 3142 ut
842 3087 983 3144 nostrae
998 3086 1132 3142 mentes
1183 3075 1252 3167 cipi
1267 3075 1464 3144 orationem
1479 3074 1523 3142 de
1537 3071 1725 3161 disciplina
1739 3094 1759 3141 a
1772 3071 1988 3153 iunioribus,
2005 3083 2040 3142 et
2055 3093 2075 3141 a
2089 3082 2178 3140 natu

135 3179 173 3238 et
205 3165 321 3236 nostri
352 3190 471 3239 mores
504 3193 585 3241 eum
618 3187 737 3243 mente
762 3174 885 3244 divina
917 3189 1131 3265 congruant:
1182 3178 1444 3267 grandioribus,
1471 3175 1708 3269 quiiamnon
1724 3174 1840 3243 solum
1860 3187 1990 3259 aetate,
2016 3171 2179 3243 doctrina

134 3292 244 3363 msam
267 3291 367 3341 suam
393 3271 602 3363 sapientiam
630 3289 664 3344 et
690 3276 864 3346 iusticiam
881 3274 978 3349 Deus
998 3291 1032 3349 et
1050 3302 1133 3347 voce
1183 3294 1217 3352 et
1239 3303 1307 3350 usu
1322 3277 1514 3350 adsuefacti
1536 3288 1637 3360 sunt,
1663 3290 1703 3345 ut
1727 3277 1874 3368 propius
1892 3275 2065 3367 aspiciant
2084 3269 2177 3344 hanc

134 3370 349 3460 declaravit,
381 3373 488 3445 editis
518 3373 718 3447 illustribus
745 3380 958 3451 testimoniis
983 3380 1022 3449 in
1045 3383 1132 3452 edu·
1182 3383 1249 3456 Dei
1273 3381 1502 3474 sapientiam,
1534 3392 1568 3450 et
1592 3378 1731 3450 ordinis
1757 3373 2082 3471 pulchritudinem,
2115 3376 2176 3446 scd

138 3473 254 3546 estam
281 3472 521 3549 lsrailitarum
555 3502 596 3548 ex
619 3477 801 3576 Aegypto,
837 3496 872 3554 et
904 3506 1006 3575 saepe
1033 3484 1132 3556 alias.
1182 3486 1287 3559 etiam
1310 3482 1570 3555 calamitatibus
1593 3495 1627 3552 et
1644 3480 1768 3572 poenis
1786 3481 1916 3552 eruditi
1937 3493 2038 3564 sunt,
2064 3479 2177 3549 utiu-

135 3572 310 3667 Quotidie
334 3602 420 3651 vero
440 3602 637 3674 poenarum
670 3584 840 3679 exemplis
868 3610 946 3659 eam
968 3587 1133 3657 declarat.
1182 3589 1315 3659 dicium
1332 3602 1366 3659 et
1381 3587 1471 3655 iram
1487 3583 1557 3656 Dei
1573 3584 1683 3675 magis
1698 3597 1871 3655 metuant.
1921 3579 2014 3654 Cum
2029 3581 2178 3652 enimse

135 3672 216 3751 lltsi
231 3692 347 3752 autem
362 3705 490 3774 magns
507 3698 560 3757 sst
573 3698 721 3758 naturae
742 3682 920 3761 humanae
935 3687 1134 3776 infirmitas,
1182 3694 1259 3787 ipsa
1282 3689 1485 3783 experimur
1504 3701 1652 3759 eventus
1674 3701 1771 3759 certo
1793 3687 2007 3781 respondere
2029 3681 2178 3756 commi-

134 3792 255 3853 tsmen
273 3783 532 3880 qualiscunque
543 3811 641 3858 nunc
655 3805 719 3877 est,
738 3787 835 3863 Deus
850 3792 996 3888 reliquit
1012 3793 1049 3862 in
1066 3818 1131 3862 no·
1182 3794 1390 3866 nationibus
1409 3791 1559 3877 divinis,
1584 3790 1722 3861 firmior
1741 3790 1782 3862 tit
1802 3789 1984 3876 adsensio,
2010 3785 2106 3858 lctus
2118 3809 2177 3857 sa-

134 3882 194 3957 bis
217 3880 327 3957 huius
352 3909 438 3958 suae
467 3889 556 3981 legis
582 3889 821 3980 intellectum,
853 3908 889 3968 et
912 3897 1131 3967 voluntatem
1182 3899 1255 3992 pit,
1291 3909 1333 3968 ut
1352 3895 1423 3967 dici
1450 3894 1558 3977 solet,
1589 3893 1637 3966 ita
1665 3916 1733 3964 nos
1755 3916 1881 3964 omnes
1908 3887 2176 3963 commonefacti

135 4002 272 4075 armat,
298 4002 340 4062 nt
356 4013 478 4082 regere
493 4005 636 4065 externa
652 3998 830 4081 membra,
864 4023 925 4069 seu
938 4015 978 4071 ut
995 4013 1134 4083 vocant,
1183 3999 1324 4093 poenis,
1350 4001 1394 4068 ad
1410 3996 1618 4068 modestiam
1636 4020 1854 4069 revocemur.
1892 3992 1973 4066 Etsi
1993 3992 2103 4085 igitur
2120 3991 2178 4061 iu-

133 4103 275 4162 motum
291 4093 536 4166 voluntarium
549 4096 674 4188 possit:
700 4113 733 4171 et
749 4101 893 4194 quidem
910 4103 988 4173 vult
1005 4105 1131 4173 adsue-
1182 4117 1310 4174 ventus
1332 4100 1485 4171 ferocior
1507 4111 1578 4184 est,
1604 4112 1721 4169 tamen
1746 4099 1826 4168 ideo
1842 4092 1929 4169 haec
1951 4097 2026 4190 ipsa
2047 4094 2178 4186 guber-

133 4191 212 4263 lieri
230 4188 406 4283 homines,
424 4211 465 4270 ut
481 4198 620 4270 discant
634 4199 759 4292 legem,
785 4218 821 4276 et
834 4205 978 4277 videant
994 4229 1034 4275 er
1052 4207 1133 4300 qui·
1182 4206 1281 4277 natio
1302 4204 1447 4298 politica
1468 4203 1629 4274 instituta
1649 4213 1720 4283 est,
1744 4215 1785 4273 ut
1799 4200 1982 4284 doctrina,
2006 4196 2179 4291 imperiis,

134 4296 206 4367 bus
226 4296 386 4369 fontibus
401 4325 491 4394 quae
506 4303 827 4377 demonstrationes
851 4320 1029 4379 extructae
1049 4310 1134 4394 siut,
1183 4332 1321 4382 carcere
1340 4307 1481 4378 erudiat
1501 4306 1744 4390 iuventutem,
1775 4317 1812 4375 et
1835 4303 2026 4375 cicuratsm
2048 4326 2089 4371 ac
2110 4300 2178 4368 do-

135 4408 174 4470 et
204 4398 328 4472 frenos
358 4401 522 4476 inliciant
552 4408 756 4478 errantibus
788 4409 1060 4502 cupiditatibus,
1093 4437 1140 4483 ac·
1183 4413 1308 4484 mitam
1328 4410 1446 4482 flectat
1476 4410 1521 4479 ad
1553 4407 1770 4499 agnitionem
1792 4402 1879 4489 Dei,
1908 4420 1949 4479 ut
1972 4400 2178 4495 gravissime

135 4524 266 4593 magns
299 4526 384 4576 cura
412 4521 535 4599 regam
565 4523 711 4581 externa
734 4513 911 4600 membra,
940 4537 985 4584 ne
1010 4529 1133 4586 contra
1183 4514 1317 4586 Paulus
1332 4509 1547 4607 inquit,Lex
1563 4523 1615 4581 est
1630 4512 1865 4603 paedagogus,
1885 4521 1921 4580 et
1935 4506 2082 4578 additur
2099 4502 2176 4576 laus

136 4604 250 4696 legem
268 4602 337 4677 Dei
359 4608 501 4683 iaciant.
539 4609 637 4683 llaec
657 4635 738 4682 curn
762 4614 835 4688 sint
853 4616 1055 4704 notissima,
1078 4633 1132 4690 ta·
1183 4616 1411 4710 amplissima,
1433 4639 1513 4685 cum
1527 4613 1648 4706 inquit
1662 4635 1737 4683 esse
1753 4613 2006 4705 paedagogum,
2022 4600 2177 4678 nthri·

137 4730 219 4777 men
247 4709 352 4781 multi
374 4734 449 4783 non
473 4712 589 4787 solum
610 4713 816 4788 infrunitate
838 4719 894 4788 vel
919 4721 1132 4811 negligentia
1183 4736 1276 4792 stum
1299 4739 1548 4810 agnoscamus,
1573 4717 1610 4784 id
1633 4728 1703 4796 est,
1730 4716 1891 4785 docendo
1913 4726 1948 4784 et
1972 4710 2177 4800 castigando

135 4824 301 4905 peccant,
333 4815 394 4883 sed
429 4810 597 4889 horribili
626 4819 748 4890 surore
780 4834 1013 4893 contemnunt
1042 4825 1135 4916 ipsas
1184 4824 1334 4894 rudibus
1351 4820 1501 4891 instillat
1517 4817 1619 4889 initia
1635 4814 2014 4911 sapientiaecoelestis‚
2037 4826 2073 4884 et
2089 4836 2177 4904 pau·

136 4917 251 5007 leges,
281 4917 379 4987 velut
403 4916 574 4992 iniustum
597 4944 783 4992 carcerem.
803 4938 844 4995 ut
861 4921 1015 5016 Gorgias
1036 4929 1133 5017 apud
1183 4927 1284 4998 latim
1312 4918 1477 5017 provebit
1509 4921 1703 5006 discentes,
1741 4933 1775 4991 et
1805 4917 1996 5011 compescit
2020 4928 2177 4986 errantes

135 5014 324 5089 Platonem
340 5019 508 5112 disputat,
524 5022 654 5114 Legem
670 5037 863 5120 tyrannum
880 5050 965 5111 esse,
980 5042 1013 5098 et
1030 5030 1133 5098 dein·
1184 5030 1355 5123 impetus,
1385 5038 1429 5101 ut
1448 5039 1584 5097 mentes
1603 5023 1794 5094 admittant
1815 5021 2014 5092 doctrinam
2036 5019 2082 5089 de
2100 5015 2177 5087 lilio

135 5121 183 5194 de
203 5120 356 5193 effrenes
384 5138 497 5195 ruunt
518 5127 556 5195 in
580 5127 701 5197 omnia
724 5128 865 5201 scelera.
923 5130 1029 5200 Tales
1050 5145 1134 5203 sunt
1182 5130 1264 5206 Dei.
1311 5127 1383 5201 Nec
1400 5128 1598 5201 existimate
1615 5150 1675 5197 eos
1690 5125 1753 5220 qui
1768 5125 1887 5196 laxant
1902 5123 2023 5193 frenos
2037 5118 2178 5209 cupidi·

134 5224 261 5309 multi,
285 5249 360 5295 non
382 5238 520 5297 tantum
544 5229 648 5323 pauci
664 5227 836 5324 Cyclopes
858 5255 900 5302 ac
921 5230 1135 5330 Laestrygo-
1183 5236 1334 5316 tatibus,
1358 5255 1424 5302 nec
1447 5231 1618 5301 desinunt
1642 5251 1747 5300 ruere
1766 5241 1889 5298 contra
1911 5221 2177 5303 conscientiam,

135 5350 201 5399 nes
223 5329 319 5419 apud
339 5325 560 5417 Homemm,
585 5333 645 5402 sed
668 5333 837 5403 omnibus
855 5336 1077 5427 temporibus
1095 5337 1134 5407 in
1181 5333 1260 5407 Deo
1278 5332 1427 5427 placere.
1477 5332 1667 5404 Manifesta
1688 5342 1773 5401 suut
1795 5328 1891 5398 enim
1916 5321 2003 5397 bees
2017 5322 2177 5394 oracula:

135 5452 266 5521 genere
278 5426 436 5503 humano
452 5432 577 5523 ingens
591 5434 785 5506 multitudo
802 5450 852 5508 est
868 5437 993 5508 talium
1010 5441 1134 5511 furen·
1182 5437 1304 5509 Nolite
1322 5460 1460 5518 errare,
1492 5431 1591 5505 Dens
1614 5457 1689 5504 non
1714 5431 1896 5503 irridetur.
1947 5426 2195 5505 scortatores,-

135 5544 192 5604 ter
213 5530 519 5608 contemnentium
540 5536 746 5610 universam
767 5540 1013 5635 disciplinam:
1045 5568 1135 5639 quos
1183 5525 1355 5623 adulteri,
1379 5534 1579 5611 homicidae
1593 5558 1669 5609 nnn
1690 5533 1923 5637 possidebunt
1935 5552 2086 5623 reguum
2100 5524 2181 5603 Dei.
