4664 6022
132 290 210 371 886

596 282 757 364 nucu
805 279 882 359 ua
932 268 1427 383 tnonarrnuotnn
1467 269 1697 353 cocum.

131 481 368 562 cognatarum
406 486 530 535 morsu
567 460 768 547 abstinent,
805 457 1020 550 gladiatores
1047 477 1133 525 vero
1184 461 1221 523 ct
1241 442 1412 521 Aiacem?
1464 418 1716 538 intelligebant
1737 445 1835 518 euim
1855 441 1986 519 borum
2009 446 2179 519 virtutem

136 573 272 645 motuis
291 567 459 640 caedibus
478 567 518 637 in
538 588 612 637 sese
633 576 755 638 ruunt.
815 560 939 656 ltaque
959 572 994 633 et
1008 555 1134 633 honor

134 687 175 748 et
188 699 253 750 oro
273 694 399 747 omncs
414 670 610 757 studiosos,
637 679 679 740 ut
692 664 790 740 omni
805 688 935 758 genere
952 663 1060 737 officii
1076 662 1133 732 iu-

131 803 223 865 ,vare
239 776 370 868 Remp.
387 787 422 845 et
435 773 529 846 tueri
543 796 770 844 communem
785 769 1014 841 concordiam
1029 763 1135 836 anni-

133 896 281 966 tuntur,
311 878 352 949 ld
376 877 525 968 dignum
548 887 600 947 cst
614 875 719 945 bonis
738 873 825 942 viris
841 887 876 944 et
889 870 967 943 Deo
982 881 1134 960 gratum,

141 1000 177 1056 et
201 997 244 1055 ut
263 980 426 1052 Psalmus
444 977 579 1073 inquit,
614 970 685 1047 hoc
708 976 898 1065 agentibus
920 971 1018 1046 Deus
1035 969 1136 1058 dabit

135 1085 440 1159 benedictionem.
484 1079 670 1153 Postremo
684 1078 768 1172 quia
786 1102 860 1149 non
876 1091 948 1149 tam
964 1099 1040 1144 mea
1055 1098 1136 1144 ora-

137 1192 256 1273 tione,
281 1210 389 1280 quam
412 1185 602 1256 autoritate
622 1196 658 1254 et
672 1183 844 1252 sententia
859 1180 1077 1272 optimorum
1102 1188 1137 1245 et

136 1288 527 1386 praestantissimorum
542 1301 709 1357 autorum
730 1307 794 1354 vos
815 1279 1006 1365 adhortor,
1031 1278 1137 1349 libuit

136 1397 183 1466 in
195 1393 267 1463 tine
287 1383 440 1464 adiicere
464 1387 697 1459 memorabile
717 1386 852 1457 dictum
875 1385 1047 1468 Senecae,
1075 1380 1137 1475 qni

141 1497 246 1570 sicin
262 1509 440 1588 postremo
456 1493 551 1562 libro
566 1493 612 1561 de
633 1491 686 1561 ira
709 1490 769 1560 ait:
796 1487 892 1561 Dum
909 1488 1003 1558 inter
1018 1480 1138 1555 homi-

142 1621 208 1671 nes
240 1620 383 1682 sumus,
415 1595 574 1666 colamus
603 1588 881 1676 humanitatem,
913 1613 987 1660 non
1016 1585 1139 1660 timori

142 1702 331 1794 cuiqnam,
362 1722 435 1768 non
466 1696 624 1790 periculo
653 1695 783 1780 simus,
815 1693 1048 1776 detrimenta,
1081 1690 1139 1759 in-

138 1804 276 1885 iurias,
309 1800 487 1884 convitia,
513 1797 756 1869 vellicationes
783 1809 1073 1878 contemnamus,
1105 1803 1140 1861 et

143 1928 272 1996 magno
300 1904 421 1976 animo
452 1902 574 1973 brevia
597 1902 752 1971 ieramus
774 1899 1018 1981 incommoda,
1053 1897 1138 1964 dum

138 2008 372 2100 respicimus,
405 2006 502 2100 quod
527 2003 648 2089 aiunt,
681 2025 932 2098 versamusque
953 2022 1039 2085 nos,
1071 1997 1140 2066 im-

140 2110 345 2182 mortalitas
361 2108 489 2180 aderit.
541 2106 640 2181 Dixi.

977 2549 1025 2590 an.
1050 2526 1143 2590 1537.

963 2632 1137 2662 ῸΝ

53 2614 57 2621 ¹
163 2527 231 2602 No.
247 2525 310 2601 46.

153 2638 326 2671 W

327 2756 403 2845 De
432 2754 778 2868 ingratitudine
808 2756 969 2842 cuculi.

218 2921 301 2992 apud
327 2919 402 2974 Crat.
422 2917 537 3038 Mylae3
555 2916 629 2983 167„
656 2914 684 2968 in
704 2915 856 2970 Declamat.
875 2915 909 2969 Τ.
926 2913 948 2966 l.
967 2932 993 2984 p.
1007 2912 1084 2975 6⁴3..
1115 2912 1144 2965 in

253 2990 372 3044 Servest.
392 2986 415 3040 l.
435 2988 497 3068 p.·5
570 2996 596 3037 et
615 2985 686 3055 apud
706 2983 822 3039 Richard
841 2983 875 3037 ll.
895 3000 922 3054 p.
938 2983 981 3038 87.
997 3014 1032 3026 -
1069 2980 1145 3035 llanc

253 3058 405 3112 orationem
424 3064 553 3127 scriptam
572 3072 630 3108 esse
648 3055 678 3106 in
698 3053 789 3108 lacobi
807 3052 966 3122 Scheuclii,
991 3051 1145 3106 conciona-

253 3128 324 3183 toris
343 3120 547 3195 Frelbergensis
566 3122 700 3191 ingratum
718 3122 840 3178 animum
861 3140 924 3191 erga
941 3120 1145 3176 blelantbonem

256 3199 357 3252 docent
375 3193 512 3264 Epistolae
534 3190 596 3248 Vol.
611 3191 658 3246 lll.
677 3212 706 3265 p.
721 3192 782 3246 416.
800 3200 827 3244 et
842 3190 903 3244 427.

150 3378 279 3451 Oratio
306 3372 354 3445 de
380 3368 660 3468 ingratitudine
682 3370 827 3456 cuculi,
850 3365 982 3440 habito
1004 3373 1045 3440 in
1056 3391 1147 3462 pro·

149 3485 315 3554 motione
347 3477 618 3571 Mapncromm
650 3494 674 3543 a
707 3474 885 3560 Decono,
920 3475 1023 3568 May.
1046 3473 1147 3542 Am-

150 3578 303 3656 brosio
326 3573 680 3664 luterbocensi,
707 3596 805 3646 anno
826 3577 1146 3648 Mamm

151 3719 291 3811 Scitis,
317 3721 589 3805 Adolescentes,
614 3714 680 3791 hos
700 3736 819 3791 coetus
837 3719 1046 3813 disciplinae
1063 3748 1146 3792 cau-

151 3860 191 3906 sa
207 3829 392 3901 institutos
408 3848 500 3908 esse,
522 3837 562 3893 ut
577 3823 791 3894 conveniant
808 3818 878 3893 huc
894 3823 948 3892 illi
963 3827 1024 3918 qui
1045 3849 1146 3916 prae-

152 3949 237 4009 sunt
253 3927 484 4011 Academiae,
508 3927 553 3995 ad
570 3925 788 4017 inspicienda
806 3925 1000 3997 inventutis
1017 3927 1146 4016 studia,

153 4052 188 4109 et
212 4035 349 4125 reliqua
369 4028 564 4099 multitudo
586 4052 651 4099 suo
674 4027 790 4098 officio
820 4029 995 4110 declaret,
1027 4053 1064 4098 se
1085 4031 1147 4100 ds-

153 4136 279 4210 lectari
302 4131 358 4203 his
379 4130 643 4222 congressibus,
675 4131 715 4198 in
738 4131 869 4224 quibus
890 4145 926 4203 et
952 4133 1147 4203 doctissimi

153 4238 320 4313 homiues
360 4232 599 4318 conveniunt,
657 4246 693 4302 et
731 4228 910 4305 habentur
951 4236 1148 4320 orationes,

154 4339 307 4434 sumptis
329 4334 506 4420 materiis,
541 4359 582 4404 ex
603 4358 730 4425 magna
753 4338 905 4428 quadam
931 4336 1147 4428 optirnarum

154 4444 286 4518 artium
306 4439 493 4523 varietate,
527 4461 616 4533 quac
637 4452 721 4508 sunt
745 4438 850 4508 utiles
871 4439 962 4510 vitae
982 4463 1022 4510 ac
1036 4440 1148 4510 moti-

153 4552 233 4621 bus.
285 4540 339 4615 Ac
355 4565 440 4612 vero
455 4539 603 4609 iuvenes
623 4564 664 4609 eo
685 4541 784 4610 decet
796 4540 967 4612 libentius
981 4542 1149 4614 iuteresse

154 4647 212 4719 his
233 4644 393 4739 pompis,
425 4642 509 4736 quia
533 4645 647 4713 bonae
668 4641 780 4711 menti
800 4643 940 4714 nullum
957 4659 1009 4715 est
1022 4647 1148 4716 iucun-

156 4752 236 4822 dius
257 4745 513 4840 spectaculum,
539 4768 646 4841 quam
669 4744 789 4814 videre
813 4747 900 4816 tales
915 4760 1036 4818 coetus
1052 4749 1149 4817 viro·

156 4876 237 4923 rum
271 4847 518 4918 excellentium
556 4844 733 4938 ingeniis,¹
773 4849 954 4935 doctrina,
1004 4849 1149 4920 virtute.

156 4952 246 5025 Nam
270 4964 306 5021 et
329 4951 404 5041 ipsa
427 4949 569 5018 virtutis
584 4944 814 5040 pulchritudo
834 4951 872 5020 in
891 4952 1149 5043 praestantibus

156 5055 262 5138 viris,
278 5051 418 5121 oculos
441 5065 545 5144 alque
561 5051 699 5121 animos
719 5046 907 5123 hominum
928 5054 1075 5124 mirifice
1091 5079 1148 5124 ca·

156 5159 220 5250 pit.
271 5150 320 5224 Et
341 5154 439 5223 iuvat
461 5177 520 5223 eos
545 5155 640 5223 viros
661 5152 810 5239 intueri,
836 5156 897 5249 qni
916 5169 1000 5227 sunt
1015 5155 1150 5249 praeci-

155 5282 226 5350 pua
247 5268 455 5328 ornamenta
487 5254 642 5346 Reipub.
702 5252 763 5327 An
788 5258 995 5328 existimatis
1019 5258 1150 5330 exerci-

155 5375 232 5433 tum
257 5357 434 5430 Graecum
458 5359 502 5426 ad
525 5355 672 5427 Troiam
697 5360 891 5452 quidquam
916 5376 1088 5453 spectasse
1104 5362 1150 5430 li·
1174 5404 1176 5410 .

155 5464 316 5548 brutius,
348 5483 455 5555 quam
478 5483 548 5529 una
573 5461 776 5533 incedentes
797 5458 941 5550 heroas,
974 5460 1149 5535 Achillem

1185 552 1364 647 pracsidio
1384 573 1459 622 esse
1479 549 1648 622 universo
1671 548 1853 624 exercitui.
1910 547 2033 640 Quare
2050 564 2086 622 et
2112 543 2181 635 his,

1186 655 1250 750 qui
1280 667 1449 749 praesunt
1473 651 1707 738 Academiae,
1739 651 1868 744 gratias
1892 675 1978 743 ago,
2009 653 2110 747 qnod
2141 664 2183 725 ut

1186 771 1340 829 veterem
1367 752 1725 848 honestissimumque
1755 778 1892 825 morem
1916 768 2182 840 conservarent,

1187 885 1262 931 nou
1296 859 1470 950 gravatim
1501 852 1573 929 huc
1603 870 1845 943 accesserunt3
1887 870 1926 929 et
1957 857 2183 951 reliquorum

1187 965 1295 1034 lando
1312 962 1488 1046 officium,
1513 959 1576 1054 qui
1591 982 1655 1029 sua
1671 960 1888 1054 frequentia,
1912 959 2137 1033 voluntatem
2148 972 2183 1030 et

1187 1066 1348 1137 studium
1369 1088 1474 1136 snum
1500 1085 1581 1154 erga
1607 1076 1850 1155 praeceptores
1879 1065 2086 1134 ostendunt.
2136 1057 2184 1133 Et

1189 1169 1359 1262 qnoniam
1384 1160 1479 1237 nihil
1500 1164 1612 1255 magis
1633 1167 1733 1237 decet
1754 1165 1793 1235 in
1814 1187 2004 1256 congressu
2019 1163 2184 1237 erudito-

1189 1291 1281 1355 rum,
1306 1294 1412 1364 quam
1427 1268 1659 1338 commentari
1674 1282 1737 1340 ant
1750 1269 1921 1339 disserere
1936 1269 2106 1340 derebus
2119 1268 2184 1338 bo-

1189 1373 1258 1458 nis,
1283 1384 1319 1443 ct
1333 1367 1400 1442 hae
1411 1370 1553 1440 dicendi
1568 1386 1684 1463 partes
1697 1365 1789 1440 mihi
1799 1372 1901 1442 datae
1914 1385 2011 1456 sunt,
2032 1392 2182 1461 magno-

1190 1499 1273 1571 pere
1287 1474 1453 1566 optarim,
1479 1496 1537 1544 me
1554 1496 1655 1565 posse
1670 1472 1808 1552 adferre
1823 1472 2022 1543 orationem
2035 1471 2181 1564 dignam

1191 1573 1260 1648 hoc
1282 1573 1531 1648 honestissimo
1554 1589 1667 1649 coetu.
1719 1572 1790 1646 Sed
1805 1589 1857 1646 est
1876 1569 2114 1646 humanitatis
2124 1598 2181 1644 vc·

1191 1693 1302 1767 strae,
1332 1680 1450 1750 favere
1476 1678 1584 1747 etiarn
1609 1676 1850 1748 mediocribus
1873 1677 2048 1768 ingeniis,
2084 1699 2181 1769 prae-

1190 1782 1313 1853 sertim
1336 1805 1417 1852 cum
1445 1779 1705 1850 exercitationis
1730 1803 1833 1850 causa
1856 1774 1944 1850 haec
1963 1779 2181 1851 consuetudo

1192 1884 1336 1955 dicendi
1358 1883 1520 1953 instituta
1544 1881 1601 1955 sit.
1656 1879 1703 1952 Ut
1720 1894 1839 1953 autem
1859 1882 1922 1951 alii
1946 1876 2017 1953 hoc
2032 1881 2116 1952 loco
2130 1881 2181 1951 in·

1192 1987 1333 2060 terdum
1359 1988 1403 2055 de
1424 1984 1555 2054 artium
1571 1983 1765 2073 dignitate,
1790 1984 1971 2055 interdum
1992 1985 2040 2054 de
2056 1983 2179 2056 virtute

1193 2089 1312 2182 aliqua
1327 2088 1472 2170 dicunt,
1498 2085 1546 2158 ita
1560 2108 1696 2157 sumam
1713 2100 1747 2156 et
1761 2086 1838 2178 ipse
1852 2086 1988 2180 aliquid
2005 2110 2050 2156 ex
2063 2080 2180 2157 Philo·

1193 2187 1332 2283 sophia.
1384 2185 1438 2260 Ac
1463 2213 1548 2259 vero
1576 2211 1657 2279 pars
1681 2200 1734 2259 est
1757 2183 1926 2284 Physiccs
1950 2212 2028 2275 non
2044 2187 2180 2272 intima,

1196 2293 1352 2382 cognitio
1366 2305 1515 2362 naturae
1528 2290 1777 2361 animantium.
1813 2289 1905 2361 Nam
1917 2289 2111 2384 inquisitio
2124 2314 2179 2360 ua·

1195 2410 1293 2467 turae
1318 2418 1440 2465 eorum
1472 2393 1583 2463 multa
1615 2393 1826 2464 monstravit
1854 2395 2033 2478 remedia,
2061 2391 2179 2465 ddsde

1195 2522 1336 2568 morum
1359 2496 1511 2567 varietas
1531 2494 1646 2564 indita
1669 2495 1936 2582 animantibus,
1966 2508 2097 2567 mouet
2113 2516 2180 2578 nos,

1197 2595 1295 2671 hunc
1310 2599 1485 2671 muudum
1500 2621 1574 2667 non
1593 2610 1724 2668 temere
1740 2613 1802 2670 aut
1825 2620 1908 2669 casu
1927 2599 2108 2681 extitisse,
2128 2598 2181 2667 sed

1196 2727 1217 2773 a
1232 2714 1350 2771 mente
1364 2700 1482 2794 aliqua
1502 2712 1644 2772 aeterna
1657 2713 1777 2772 ortum
1789 2722 1881 2786 esse,
1906 2723 2000 2793 quae
2013 2698 2183 2792 impressit
2214 2770 2218 2781 ,

1198 2803 1370 2894 imagines
1403 2825 1545 2872 morum
1578 2801 1683 2871 etiarn
1717 2802 1833 2875 brutis
1857 2801 2123 2888 animantibus,
2148 2814 2184 2875 ut

1197 2904 1367 2997 exemplis
1381 2904 1452 2973 illis
1474 2904 1649 2975 admoniti
1671 2898 1853 2991 homiues,
1878 2905 2063 2978 discerent
2076 2924 2183 2975 amere

1197 3021 1290 3079 recte
1305 3008 1415 3091 facta,
1440 3020 1475 3076 et
1488 3006 1603 3076 odisse
1618 3007 1714 3080 vitia.
1767 3004 1886 3096 Quam
1907 3022 2063 3081 venusta
2078 3006 2181 3096 imago

1198 3124 1250 3182 est
1273 3107 1471 3193 Ecclesiae,
1502 3102 1717 3204 halcyonum
1750 3122 1889 3201 partus,
1920 3134 2014 3203 quae
2048 3130 2120 3182 cm
2142 3107 2176 3175 iu

1198 3212 1353 3304 scopulis
1377 3211 1415 3279 in
1439 3211 1529 3280 mari
1550 3210 1751 3292 nidificent,
1777 3212 1892 3283 solent
1913 3208 2182 3286 incubareosit,

1199 3329 1234 3385 et
1247 3315 1432 3384 excludere
1447 3313 1564 3405 pullos
1585 3313 1624 3381 in
1645 3314 1760 3383 media
1779 3315 1923 3396 bruma,
1947 3339 2034 3385 cum
2051 3312 2183 3409 quid·

1199 3441 1295 3486 mare
1325 3431 1493 3510 tanquam
1517 3415 1714 3485 inserviens
1743 3416 1816 3486 illis
1847 3416 2108 3489 incubantibus
2132 3436 2184 3506 ptr

1200 3520 1289 3588 illud
1305 3533 1445 3609 tempus
1461 3517 1611 3588 mitescit
1628 3531 1661 3588 et
1676 3516 1855 3610 placidum
1870 3532 1933 3588 est.
1969 3517 2036 3590 Me
2050 3518 2183 3614 quiden

1199 3618 1284 3691 baec
1300 3621 1415 3710 imago
1432 3644 1532 3711 saepe
1547 3623 1714 3692 admonet
1730 3616 1920 3705 Ecclesiae,
1936 3644 2031 3714 quac
2046 3621 2182 3714 perinde

1199 3734 1240 3792 ut
1254 3719 1442 3817 halcyones
1457 3722 1494 3789 in
1509 3722 1618 3805 ocari,
1643 3716 1710 3792 hoc
1726 3733 1788 3807 est,
1809 3724 1848 3792 in
1860 3723 2011 3792 summis
2030 3720 2184 3815 periuriis

1199 3839 1369 3896 versatur.
1420 3822 1557 3893 Deinde
1580 3824 1673 3914 parit
1695 3848 1735 3894 eo
1759 3837 1935 3915 tempore,
1960 3850 2045 3896 cum
2059 3840 2185 3918 temps·

1199 3941 1305 3998 states
1322 3927 1437 3997 solent
1454 3949 1526 3995 esse
1540 3926 1774 3996 saevissimae·
1812 3925 1974 3998 Fortasse
1989 3942 2114 4000 antem
2128 3923 2185 3999 hur

1199 4044 1283 4101 sunt
1315 4029 1512 4100 ioeliciores
1544 4023 1751 4123 halcyones,
1788 4029 1859 4099 illis
1891 4030 2047 4103 mitescit
2081 4053 2185 4112 mare;

1199 4130 1380 4204 Ecclesiae
1393 4155 1468 4201 nou
1483 4144 1618 4201 tantam
1631 4131 1805 4201 rationem
1821 4127 1956 4211 habent
1968 4133 2133 4226 tyranni,
2154 4144 2186 4203 ut

1200 4236 1328 4329 placati
1356 4232 1613 4329 aliquantisper
1647 4234 1843 4304 concedant
1876 4235 1992 4305 ocium
2024 4231 2187 4326 pariensi.

1200 4336 1270 4410 Sed
1286 4351 1422 4416 tamen,
1446 4337 1480 4404 id
1500 4359 1641 4430 quoque
1663 4336 1720 4427 fic,
1747 4335 1920 4410 divinitus
1936 4336 2187 4433 aliquantisp!

1200 4438 1285 4529 tegit
1307 4437 1405 4510 Deus
1419 4435 1611 4522 Doctores,
1636 4441 1721 4509 dum
1745 4454 1936 4530 propagata
1953 4441 2122 4513 doctrina
2138 4462 2188 4511 so

1201 4542 1298 4633 bolcs
1321 4541 1503 4615 adolescit.
1553 4537 1785 4611 Conveniunt
1807 4536 1986 4614 Ecclesiae
2011 4558 2049 4616 et
2080 4562 2188 4616 mores

1201 4640 1431 4739 halcyonum,
1457 4642 1620 4713 nesciunt
1644 4643 1840 4727 adulteria,
1870 4657 1907 4717 ct
1928 4647 2090 4719 extincto
2110 4668 2184 4719 rob

1202 4745 1281 4834 iuge
1307 4747 1397 4815 alter
1418 4760 1534 4815 manet
1552 4745 1708 4829 coelebs,
1733 4758 1766 4815 et
1784 4745 1890 4838 paulo
1908 4760 1987 4837 post
2002 4748 2108 4821 luctu
2121 4770 2187 4821 uto·

1202 4849 1304 4920 ritur.
1358 4846 1491 4917 Mulier
1506 4847 1611 4917 etiam
1625 4871 1744 4918 senem
1759 4848 1925 4920 maritum
1940 4845 2135 4945 Cerylum,
2154 4859 2189 4921 td

1202 4952 1295 5041 apud
1325 4945 1481 5018 Graecos
1502 4950 1648 5039 legitur,
1674 4963 1786 5041 gestat
1807 4944 1965 5020 humeris
1987 4953 2067 5024 suis
2089 4975 2190 5049 aqua·

1202 5066 1290 5126 tum.
1344 5048 1465 5144 ltaque
1487 5064 1620 5122 veteres
1644 5053 1862 5144 scripserunt
1878 5046 2022 5126 honcni
2039 5053 2190 5145 coniugii

1201 5155 1360 5246 exempla
1373 5177 1465 5235 esse,
1491 5154 1586 5246 quod
1606 5153 1749 5245 quidem
1765 5178 1839 5224 non
1855 5154 2039 5246 displicet,
2064 5160 2127 5229 serl
2143 5170 2190 5227 ta·

1201 5282 1284 5327 men
1312 5258 1357 5326 ad
1381 5251 1573 5327 Ecclesiam
1598 5280 1672 5325 non
1697 5257 1789 5326 male
1813 5259 1964 5350 quadrat
1986 5261 2191 5353 exemplum,

1174 5340 1177 5393 ¹
1202 5384 1292 5454 quae
1315 5373 1448 5450 gestare
1465 5373 1500 5429 et
1519 5358 1639 5427 lovere
1660 5360 1828 5431 omnibus
1844 5359 1971 5430 oiliciis
1996 5360 2188 5433 benemeri-

1203 5475 1257 5534 tos
1279 5464 1441 5534 doctores
1466 5461 1584 5532 debet.
1644 5459 1787 5533 Possem
1808 5462 1878 5533 alia
1897 5464 2017 5538 multa
2037 5462 2187 5557 exempl·
