4664 6022
147 299 224 395 02³
441 376 444 381 ,
724 284 885 365 nucu
924 288 998 368 nu
1029 287 1229 366 ranno
1262 285 1599 367 arosrorn
2037 298 2041 309 ·
2113 300 2187 378 ass

98 546 103 557 ,
152 474 257 545 docet
278 462 515 540 inchoandam
538 485 610 535 esse
622 461 881 550 obedientiam,
910 478 948 537 et
962 465 1143 559 quomodo
1193 475 1286 534 recte
1308 475 1343 533 et
1361 463 1512 536 fideliter
1524 466 1717 540 enarrabit.
1767 465 1887 540 Huius
1909 469 2007 542 enim
2025 472 2189 545 doctrina

152 578 306 669 placeat,
331 582 504 643 monstrat
516 581 646 638 certam
661 579 695 636 et
710 565 848 636 firmam
863 566 1143 638 consolationem
1193 567 1316 637 lumen
1332 578 1404 647 est,
1428 579 1469 636 ut
1492 569 1709 659 supradixi,
1735 567 2022 664 propheticarum
2046 587 2085 646 ct
2104 600 2189 667 apo-

152 678 240 771 piis,
265 697 355 769 quae
377 685 429 745 est
450 664 628 740 inchoatio
644 668 738 739 vitae
751 682 923 741 aeternae.
974 666 1144 739 Tradun·
1194 667 1398 739 stolicarum
1414 668 1636 741 concionum.

155 795 214 853 tur
225 779 346 848 eadem
361 777 400 845 in
415 766 600 863 Prophetis
614 783 650 841 et
662 784 879 842 caetemrum'
888 769 1143 864 Apostolorum
1296 768 1447 841 Moveor
1462 772 1626 864 equidem
1643 785 1844 866 temporum
1860 775 2047 869 periculis,
2074 789 2109 847 et
2124 775 2186 847 ini·

155 879 306 974 scriptis.
356 874 437 949 Una
460 888 512 944 est
530 872 627 943 enim
652 886 821 965 perpetua
837 896 941 943 verae
965 870 1144 943 Ecclesiae
1196 872 1350 964 pendere
1371 872 1586 944 mutationes
1608 897 1817 965 regnorum,
1849 902 1940 971 quae
1963 892 2051 950 sunt
2070 879 2184 951 letales

157 1009 238 1068 vox,
261 974 580 1051 debeneliciislilii
597 971 677 1049 Dei.
718 974 787 1045 Sed
804 975 958 1046 multum
974 976 1063 1045 lucis
1081 975 1146 1044 ad·
1196 995 1329 1066 poenae
1353 975 1522 1044 scelerum
1546 971 1803 1064 humanomm,
1829 975 1922 1050 nibil
1948 981 2104 1053 dubium
2121 994 2181 1053 est:

156 1087 213 1158 dit
228 1081 331 1152 Pauli
355 1079 567 1171 disputatio,
601 1076 663 1170 qui
686 1100 766 1150 vere
786 1075 961 1171 interpres
982 1090 1034 1147 est
1055 1074 1145 1146 Pro-
1197 1076 1256 1144 sed
1280 1088 1397 1146 tamen
1422 1077 1575 1147 servabit
1589 1075 1686 1149 Deus
1709 1076 1904 1152 Ecclesiam
1926 1106 2052 1169 mam,
2077 1095 2112 1153 et
2127 1085 2179 1155 dr·

156 1185 354 1283 phetamm.
1197 1177 1317 1245 lendet
1333 1177 1450 1271 aliqua
1467 1178 1607 1270 piorum
1625 1183 1823 1251 studiorum
1840 1184 2037 1259 domicilia.
2072 1183 2176 1273 Quart

194 1335 199 1345 -
256 1288 328 1360 Sed
355 1307 377 1354 o
402 1281 656 1373 deplorandam
689 1277 876 1369 caliginem
908 1276 1145 1351 humanarum
1197 1278 1367 1368 tantisper
1389 1281 1473 1349 dum
1498 1275 1583 1349 haec
1602 1278 1721 1352 schola
1741 1286 1921 1361 doctorem
1946 1283 2103 1357 Paulum
2124 1310 2173 1359 ao·
2216 1340 2218 1351 a

158 1389 345 1462 mentium.
394 1380 472 1453 Etsi
494 1378 560 1450 hae
580 1395 698 1452 tantae
719 1405 773 1450 res
799 1381 884 1451 satis
902 1383 1086 1475 perspicue
1109 1383 1146 1451 in
1198 1379 1290 1464 diet,
1316 1393 1352 1449 et
1371 1375 1457 1450 hacc
1478 1382 1596 1452 studia
1618 1385 1785 1455 mediocri
1805 1387 1990 1477 diligentia
2016 1391 2172 1477 regendo·

160 1492 273 1565 Paulo
289 1486 465 1579 expositae
479 1498 572 1568 sunt,
594 1496 712 1553 tamen
728 1495 763 1552 et
776 1498 859 1555 sunt
874 1497 907 1554 et
921 1485 1064 1555 luerunt
1080 1480 1148 1554 ho·
1198 1505 1277 1550 rum
1301 1505 1441 1551 morum
1463 1482 1626 1570 ornabit,
1656 1480 1749 1556 hanc
1772 1491 1890 1558 sedem
1914 1502 1949 1559 et
1981 1484 2050 1559 hos
2072 1504 2171 1563 coetu

161 1596 275 1666 mines
290 1587 424 1682 alioqui
442 1610 515 1654 non
536 1584 690 1670 indocti,
721 1586 785 1679 qui
800 1608 879 1655 cum
897 1586 1059 1659 viderent
1073 1611 1148 1656 non
1198 1581 1315 1663 Deus,
1344 1597 1384 1655 ut
1405 1607 1530 1677 spero,
1562 1600 1731 1678 proteget.
1781 1588 1852 1662 Sed
1881 1592 1991 1662 redeo
2012 1594 2060 1663 ad
2084 1617 2170 1665 euro·
2216 1648 2218 1667 .

162 1698 335 1790 quadrare
354 1684 398 1762 τὸ
424 1680 536 1782 ῥητὸν
560 1687 599 1756 in
612 1685 724 1757 Paulo
743 1688 787 1757 ad
806 1687 956 1758 rationis
973 1683 1148 1759 humanae
1201 1685 1325 1757 mium.

162 1797 346 1878 iudicium,
360 1795 403 1861 de
417 1789 550 1861 iustitia
566 1790 654 1858 etde
668 1788 754 1879 lege,
770 1788 1003 1860 discesserunt
1019 1787 1148 1861 aPauli
1298 1783 1449 1858 Prodest
1470 1789 1634 1882 inprimis
1657 1789 1852 1881 Ecclesiae,
1881 1794 2028 1868 collatio
2054 1808 2097 1869 ut
2115 1794 2172 1867 disi

161 1900 298 1978 verbis,
325 1910 360 1965 et
376 1891 534 1963 confictis
548 1890 759 1984 quibusdam
785 1892 1010 1982 corruptelis,
1032 1905 1148 1962 trans·
1199 1887 1302 1978 Legis
1325 1902 1359 1958 et
1383 1885 1586 1982 Evangelii,
1613 1920 1701 1988 quae
1727 1898 1764 1965 in
1782 1896 1883 1969 Pauli
1904 1899 2173 1991 scriptis‘copio-

162 2004 364 2072 formarunt
382 1993 533 2064 Paulum
560 1992 599 2063 in
624 1986 796 2062 humanas
826 2006 861 2063 et
886 1988 1149 2087 philosophicas
1199 1991 1271 2061 sius
1293 2005 1328 2061 et
1347 1990 1541 2080 illustrius,
1568 2020 1673 2087 quam
1695 1999 1783 2068 alibi
1804 1999 1973 2092 explicata
1991 2015 2056 2074 est.
2104 1998 2173 2071 Pos-

163 2103 361 2197 opiniones.
1199 2117 1276 2165 sum
1300 2107 1334 2165 et
1359 2096 1445 2165 alias
1467 2098 1637 2190 quasdam
1663 2101 1826 2171 materias
1849 2103 2002 2182 addere,
2037 2124 2124 2196 quse
2142 2102 2172 2171 ab

264 2201 376 2296 Atqui
403 2199 560 2292 oportuit
593 2223 658 2269 nos
684 2199 863 2271 auditores
889 2222 928 2269 ac
957 2202 1147 2294 discipulos
1199 2198 1275 2291 ipso
1293 2197 1433 2289 planius
1457 2211 1671 2285 tractantur,
1693 2203 1881 2272 discrimen
1906 2202 2069 2276 iustitiae
2088 2202 2173 2296 spiri·

124 2318 127 2322 ’
165 2332 257 2393 esse,
278 2328 352 2374 non
367 2301 509 2372 criticos
528 2325 589 2371 seu
603 2325 762 2371 censores
773 2300 966 2395 sapientiae
978 2305 1148 2390 coelestis,
1199 2313 1308 2370 tusae
1322 2299 1499 2392 politicae,
1525 2315 1558 2370 et
1573 2302 1763 2373 discrimen
1777 2301 1956 2376 Ecclesiae
1974 2319 2012 2376 et
2027 2306 2171 2398 imperio-

164 2435 252 2504 quae
278 2407 307 2476 si
331 2400 424 2475 nihil
447 2427 466 2473 a
490 2399 718 2495 Philosophia
739 2405 915 2488 differret,
947 2407 1031 2498 quid
1058 2429 1148 2497 opus
1199 2426 1290 2476 rum.
1333 2397 1488 2471 Damnat
1503 2401 1585 2472 item
1602 2405 1784 2497 perspicue
1800 2402 2119 2500 ἐθελοθρησκείας,
2139 2418 2169 2477 ut

163 2524 251 2583 esset
265 2503 552 2594 voreEvangelii,
568 2506 661 2598 quod
681 2505 848 2577 liliusDei
866 2498 907 2574 eir
919 2508 1000 2577 sinu
1014 2508 1148 2577 aeterni
1199 2503 1348 2573 sciamus
1381 2503 1511 2595 quibus
1543 2504 1667 2575 officiis
1700 2506 1832 2578 iudicet
1866 2532 1903 2578 se
1929 2506 2035 2579 Deus
2062 2505 2170 2580 honore

159 2613 271 2708 patris
295 2607 468 2702 protulit?
517 2604 556 2677 Si
579 2607 816 2677 existimamus
838 2604 1027 2698 Apostolos
1052 2611 1147 2702 quod
1199 2603 1301 2673 affici.
1351 2601 1474 2674 Munit
1490 2619 1523 2674 et
1541 2629 1660 2696 pacem
1677 2608 1829 2695 civilem,
1854 2624 1961 2681 ornat
1976 2611 2170 2704 amplissima

161 2725 347 2785 senserunt
364 2724 398 2780 et
419 2707 571 2777 voluisse
590 2721 623 2777 et
645 2709 798 2799 potuisse
823 2710 960 2800 eloqui,
990 2713 1147 2802 profecto
1199 2707 1303 2773 lande
1317 2718 1432 2775 totum
1450 2706 1633 2796 politicum
1647 2711 1822 2793 ordinem,
1845 2712 2091 2804 magistratus,
2103 2714 2170 2801 leget

162 2815 328 2887 convenit
344 2836 384 2881 ex
400 2810 556 2900 ipsorum
576 2809 736 2878 oratione
750 2810 870 2878 dextre
885 2811 1020 2878 collatis
1037 2837 1146 2881 mem-
1199 2800 1380 2889 ltonestas,
1412 2807 1560 2892 iudicia,
1595 2824 1811 2899 contractus,
1844 2816 2039 2899 militiam,
2073 2815 2166 2887 conio

161 2918 236 2989 bris
251 2905 635 2992 sumeretsentemtam,
660 2922 693 2979 et
709 2923 749 2979 ut
770 2910 858 2981 dicit
869 2907 1039 2981 Basilius:
1063 2908 1148 2985 ποτὶ
1198 2908 1314 2997 glum,
1339 2910 1591 2979 oeconomiam·

163 3011 330 3110 σπάρτον
344 3008 412 3084 τὸν
426 3005 537 3086 λίθον
551 3003 785 3105 ἐφαρμόζειν,
807 3014 1147 3084 accommodareLa-
1297 3008 1350 3079 De
1367 3005 1423 3078 his
1442 3012 1547 3080 rebus
1564 3013 1756 3082 sententias
1778 3008 1883 3087 huius
1906 3018 2074 3092 doctoris
2092 3018 2166 3105 bue

159 3120 279 3212 pidem
296 3117 339 3184 ad
354 3113 521 3203 regulam,
544 3135 617 3181 non
632 3109 805 3203 Regulam
822 3114 865 3182 ad
882 3108 1055 3184 humanas
1070 3117 1148 3208 opi·
1198 3111 1354 3181 antefero
1370 3108 1539 3196 Platonis,
1566 3128 1599 3183 et
1613 3111 1814 3186 Aristotelis
1831 3118 2002 3208 politicis,
2033 3112 2165 3191 etsihatt

160 3221 286 3291 niones
303 3217 492 3288 inflectere,
1199 3236 1340 3303 qnoque
1363 3213 1539 3304 sapienter
1564 3216 1691 3306 scripta
1709 3232 1803 3291 sunt.
1854 3217 1924 3290 Sed
1944 3223 2054 3293 addit
2067 3218 2170 3293 Paulo

261 3317 416 3410 Agamus
437 3327 555 3384 autem
570 3311 646 3384 Deo
670 3314 818 3404 gratias,
843 3319 940 3409 quod
966 3318 1005 3387 in
1024 3314 1149 3389 Eccle-
1198 3313 1384 3382 salutarem
1420 3315 1636 3400 doctrinam,
1668 3332 1815 3388 testatur
1841 3314 1927 3391 haec
1957 3325 2060 3395 vitae
2083 3318 2173 3394 oud·

159 3425 221 3494 siis
252 3420 381 3494 nostris
407 3439 528 3487 rursus
552 3415 699 3506 simplex
728 3428 762 3486 et
784 3439 949 3506 germana
975 3420 1149 3491 sententia
1198 3414 1592 3501 aDeoordinataessa
1619 3420 1769 3513 ideoque
1782 3420 1831 3490 sic
1845 3421 1994 3497 interae
2010 3424 2173 3495 devincto

158 3527 271 3604 lucet,
295 3525 466 3612 adquam
488 3517 729 3602 retinendam,
755 3520 895 3590 duabus
911 3523 1035 3607 rebus,
1060 3524 1148 3592 ado-
1199 3538 1272 3607 esse
1289 3512 1451 3586 homines
1467 3522 1728 3609 procreatione,
1755 3524 1988 3614 educatione,
2015 3528 2175 3618 guberna-

159 3628 346 3706 lescentes,
369 3641 459 3711 opus
474 3632 545 3702 est,
569 3642 652 3687 vera
668 3619 778 3687 animi
795 3620 941 3709 pietate,
967 3637 1002 3694 et
1018 3624 1148 3694 acerri-
1199 3617 1314 3702 tione,
1339 3620 1597 3705 contractibus,
1623 3623 1722 3692 utin
1748 3617 1804 3692 his
1821 3625 1925 3694 bonis
1950 3629 2064 3700 rebus
2078 3641 2175 3701 osteo·

157 3750 216 3794 mo
232 3723 349 3795 studio
363 3720 523 3788 omnium
538 3719 711 3787 bonarum
727 3719 1006 3811 disciplinarum,
1039 3723 1145 3813 Quod
1198 3721 1322 3788 damus
1341 3719 1438 3804 aliis,
1469 3735 1626 3790 nostram
1650 3724 1693 3792 de
1720 3721 1795 3795 Deo
1820 3727 2063 3817 sententiam,
2096 3748 2175 3800 eres·

158 3826 290 3896 Paulus
314 3819 483 3915 praecipit
502 3808 713 3904 Timotheo,
738 3834 779 3893 ut
802 3822 1021 3914 depositum,
1048 3827 1148 3919 vide·
1197 3844 1336 3889 ceamus
1360 3820 1619 3893 invocationem
1646 3838 1681 3894 et
1707 3839 1865 3896 mutuam
1889 3830 2176 3905 benevolentius

157 3927 258 4009 licet,
279 3921 512 4012 Evangelium
531 3920 642 4012 ipsius
658 3921 738 3991 fidei
752 3928 1057 4012 commendatum,
1082 3952 1144 3997 cu·
1196 3918 1308 3991 Docet
1326 3923 1409 3993 item
1433 3917 1497 3992 hos
1513 3925 1649 3994 labores
1663 3923 1740 3997 Deo
1759 3951 1840 3997 vere
1854 3930 2022 4022 placere,
2048 3946 2085 4005 et
2097 3942 2177 4025 gesta

156 4028 285 4098 studiat
310 4040 343 4097 et
366 4037 521 4093 tueatur:
557 4023 651 4092 idem
675 4024 777 4095 vohis
798 4026 1017 4099 severissime
1042 4053 1145 4119 prae·
1196 4047 1344 4092 munera
1360 4037 1394 4093 et
1411 4025 1578 4095 sacrificia
1594 4050 1677 4101 esse.

154 4129 224 4220 cipi
245 4127 384 4211 statuit,
418 4144 507 4218 quos
526 4126 568 4192 ad
585 4126 784 4196 societatem
807 4126 964 4198 eiusdem
987 4131 1145 4201 muneris
1293 4121 1371 4194 Hae
1405 4125 1508 4196 Pauli
1539 4127 1734 4213 sententiae
1778 4126 1873 4201 haud
1907 4132 2025 4204 dubie
2064 4134 2177 4207 multos

154 4231 312 4310 vocavit,
346 4229 442 4322 quod
476 4221 654 4313 Christus,
687 4222 886 4320 Prophetae
921 4245 956 4303 et
979 4228 1142 4324 Apostoli
1195 4249 1316 4316 graves
1338 4227 1450 4312 viros,
1478 4229 1541 4322 qui
1564 4230 1723 4300 sentiunt
1745 4247 1915 4324 quantum
1941 4238 2178 4327 naussum

154 4326 461 4401 administrarant.
1196 4328 1376 4413 bernatio,
1402 4329 1557 4401 retinent
1579 4331 1618 4400 in
1636 4356 1697 4402 sua
1715 4333 1877 4405 statione.
1928 4332 2043 4410 Certe
2058 4338 2097 4410 in
2112 4358 2178 4408 mss

256 4429 309 4501 Ac
331 4452 432 4520 saepe
462 4423 553 4496 mihi
583 4428 749 4517 cogitanti
775 4433 821 4501 de
849 4427 915 4503 hac
939 4428 1143 4520 Academia,
1194 4429 1333 4512 animo,
1358 4453 1514 4500 amorem
1533 4446 1568 4503 et
1582 4434 1815 4506 reverentiam
1837 4435 1958 4525 legum
1975 4454 2015 4513 et
2032 4439 2179 4513 civilium

153 4560 258 4629 quam
284 4531 410 4603 nterito
435 4551 610 4609 amamus,
635 4542 803 4625 tanquam
826 4535 930 4604 fidam
954 4535 1143 4621 nutricem,
1193 4530 1391 4601 officiorum
1415 4533 1516 4602 valde
1540 4549 1679 4624 augent.
1738 4534 1791 4607 Ac
1816 4537 1912 4606 scitis
1934 4533 1997 4609 his
2022 4537 2179 4636 proximis

152 4641 303 4707 alentem
319 4658 384 4702 tros
403 4645 437 4700 et
455 4630 594 4700 coelesti
612 4630 792 4715 doctrina,
817 4649 852 4704 et
872 4637 1039 4706 omnibus
1061 4637 1140 4706 aliis
1192 4631 1314 4717 annis,
1350 4633 1537 4724 praecipue
1550 4633 1652 4706 Pauli
1675 4637 1885 4708 testimoniis
1907 4639 1948 4708 in
1964 4632 2179 4735 horgensre,

152 4731 309 4808 honestis
329 4734 485 4813 artibus,
511 4732 549 4799 in
572 4746 724 4802 mentem
742 4726 840 4806 venit
864 4737 939 4807 eius
956 4737 1075 4822 navis,
1101 4738 1147 4807 in¹
1191 4734 1360 4803 refutatos
1383 4757 1456 4804 esse
1478 4736 1648 4807 fanaticos
1671 4733 1835 4809 homiues
1853 4740 2011 4830 multos,
2036 4745 2101 4843 qni
2115 4744 2178 4839 pla·

152 4862 221 4929 qua
243 4836 373 4907 Paulus
395 4829 538 4904 vehitur
558 4855 599 4900 ex
623 4831 749 4904 ludaea
773 4839 818 4908 ad
842 4836 992 4910 Meliten
1016 4863 1140 4932 usque,
1189 4859 1298 4928 raque
1321 4835 1435 4905 officia
1452 4836 1593 4926 politici
1616 4839 1753 4910 ordinis
1772 4842 1936 4937 furenter
1956 4844 2179 4927 damnabatd,

149 4962 238 5030 quae
262 4937 326 5008 etsi
360 4936 453 5005 inter
484 4933 646 5023 scopulos
674 4935 721 5007 ita
749 4937 892 5025 iactata,
925 4965 965 5012 ae
994 4940 1137 5010 saevitia
1189 4951 1228 5007 ut
1245 4937 1331 5005 olim
1347 4938 1479 5007 similes
1496 4937 1692 5010 Marcionis
1707 4956 1740 5012 et
1755 4937 2038 5019 Manicheorum
2054 4948 2179 5022 tumre

148 5051 392 5128 tempestatum
410 5059 449 5105 ac
465 5035 631 5105 lltrctibus
647 5061 814 5108 cortcussa
829 5054 920 5126 erat,
952 5056 992 5114 ut
1004 5042 1138 5111 lacera·
1189 5038 1314 5108 iisdem
1344 5040 1388 5107 de
1416 5040 1537 5125 rebus,
1570 5042 1758 5134 praecipue
1784 5043 1964 5137 suffragiis
1987 5047 2096 5123 Pauli
2122 5072 2176 5143 op·

148 5139 192 5211 tis
216 5164 256 5210 ac
279 5136 518 5208 fatiscentibus
541 5137 669 5206 tabulis
685 5140 866 5210 videretur
885 5142 957 5213 iam
979 5167 1135 5213 mersura
1188 5140 1297 5231 pressi
1315 5154 1408 5225 sunt,

145 5243 366 5331 navigantes,
402 5237 536 5325 integra
567 5246 688 5307 tamen
723 5240 761 5308 in
792 5255 933 5331 portum
963 5244 1135 5336 pervenit,
1287 5238 1368 5312 lluc
1381 5242 1525 5326 accedit,
1539 5246 1634 5337 qnod
1649 5245 1688 5314 in
1702 5245 1897 5338 praeceptis
1912 5248 2084 5343 politicis,
2099 5276 2176 5351 qna-

144 5344 226 5435 quia
251 5341 401 5412 Paulum
425 5332 586 5408 vehebat.
647 5337 700 5409 lta
725 5355 760 5411 et
775 5338 1002 5414 Academiam
1030 5368 1134 5436 spero
1185 5342 1267 5411 dam
1290 5367 1365 5413 non
1388 5345 1523 5434 vulgari
1546 5348 1735 5436 prudentia
1759 5360 1881 5419 monet
1908 5352 2172 5442 gubernatam

142 5468 341 5514 mmmmm
375 5462 465 5523 esse,
499 5442 612 5510 donec
637 5437 788 5512 Paulum
816 5440 938 5530 vehet,
970 5440 1040 5518 hoc
1064 5460 1130 5533 est,
1185 5467 1259 5513 non
1273 5439 1437 5517 hebetem
1453 5459 1514 5517 attt
1529 5447 1664 5530 rudem,
1679 5450 1843 5521 derebus
1858 5474 1935 5522 nott
1952 5455 2104 5546 levibus,
2120 5454 2169 5527 sed
