4664 6022
228 306 302 387 stt
682 298 844 376 unct,
892 295 969 375 DE
999 294 1310 376 PURlTATE
1343 299 1695 381 DOCTRINAE
1724 323 1817 383 arc.
2029 236 2034 243 Ι
2206 304 2275 383 2⁷2
2319 364 2322 391 2

233 478 379 557 iudicia.
437 471 623 546 Postremo
645 482 681 540 et
696 464 876 558 Rempub.
899 464 1020 536 animo
1038 463 1233 551 intueatur,
1280 465 1350 540 No.
1368 466 1429 546 87.
2110 498 2162 543 sn.
2184 480 2275 552 1530,

169 640 172 645 .
234 582 436 660 conslderct
458 581 548 648 duas
575 595 649 642 esse
670 582 784 664 pestes
806 565 985 639 Ecclesiae
1012 581 1047 638 ct
1077 564 1235 659 Reipub.
1285 584 1426 615 “W
2101 589 2271 621 »ον-ν

235 685 464 785 praecipuas,
492 668 1039 772 TyrannidemetSopbisticen‚
1066 673 1125 740 sed
1143 665 1234 740 hanc
1440 691 1517 779 De
1538 693 1748 807 puritate
1778 693 2015 780 doctrinae
2042 704 2131 780 etc.

236 790 354 863 multo
374 782 616 857 nocentiorem
635 775 857 872 'l'yrannidu
909 771 1092 846 Omnibus
1109 774 1236 847 seculis
1603 814 1612 829 x

239 889 440 988 Sophistica
473 881 728 955 contaminavit
757 896 791 953 et
822 879 1006 971 dissipavit
1035 878 1236 970 religiones.
1353 868 1754 1015 lsspllggl211··¹·'s·¹·t¹·⁴⁷·s
1777 860 1899 927 scivere.
1915 874 1939 927 ¹·
1958 891 1988 944 p.
2002 872 2066 942 tt„
2084 870 2221 929 lttctnrt.
2237 872 2278 929 ΙΙΙ

231 992 290 1073 'Et
309 996 414 1067 lalsas
437 987 625 1086 opiniones
648 999 786 1057 secutae
807 998 892 1055 sunt
914 983 1105 1069 lectiones,
1132 981 1237 1053 dissi-

240 1106 319 1225 (ἱὶἢ,
350 1101 491 1219 ‘stikl'
524 1094 635 1211 ΜΨ,
672 1091 903 1209 5¹¹Jle¹l⁰l⁰¹¹¹
932 1086 1164 1205 ¹9⁰¹³l3⁰¹¹⁸f3
1197 1085 1237 1154 5¹¹
1286 1125 1416 1193 Oratio
1441 1114 1497 1190 D.
1527 1120 1704 1191 Doctoris
1730 1074 2003 1217 Crucipert',
2031 1120 2277 1221 disparitate

241 1209 373 1305 (ΨΜ
388 1197 483 1271 n¹h¹¹
505 1197 593 1266 “¹³¹¹
611 1219 686 1263 ¹¹⁰⁰
705 1207 813 1277 “¹⁰³3
845 1202 976 1281 ⁵Pafg¹²
990 1212 1086 1257 ”¹¹¹⁰
1100 1187 1236 1257 D¹²¹b⁰‘
1285 1225 1484 1297 ductrt‘aue
1509 1226 1550 1294 in
1572 1224 1742 1295 Ecclesia
1768 1224 2043 1314 conservanda,
2076 1230 2119 1299 in
2135 1246 2280 1319 promo·

116 1406 119 1411 Ι
241 1291 1238 1392 losmessd³⁶l³linq⁰⁸¹¹¹⁸eml¹¹³⁰³⁰¹²r²¹¹⁰mcladium·
1320 1332 1421 1398 tione
1445 1327 1655 1398 Doctorum
1686 1324 1909 1425 Ybeolopt‘uc
1935 1326 2081 1402 babitu.
2140 1326 2255 1405 1530·

240 1410 341 1503 Quid
359 1408 455 1502 quod
472 1404 611 1473 animae
627 1399 732 1469 etiam
749 1400 967 1465 dementatae
977 1408 1089 1464 ruunt
1102 1394 1139 1462 in
1156 1417 1237 1483 per-

129 1564 140 1577 ··
241 1512 397 1587 niciam?
420 1504 487 1577 -Ac
505 1504 576 1572 dici
591 1526 663 1570 non
678 1511 812 1591 potest,
839 1522 944 1590 quam
960 1498 1062 1571 facilc
1076 1496 1237 1565 saucien-
1286 1480 1377 1563 Non
1393 1494 1555 1564 existimo
1571 1518 1590 1563 a
1609 1517 1666 1561 me
1683 1493 1875 1585 postulari,
1900 1508 1940 1565 ut
1964 1516 2141 1587 exponam
2166 1516 2280 1569 cantat

240 1632 302 1691 tur
315 1624 472 1694 mentes,
499 1619 629 1700 quanta
646 1603 835 1695 prudentia
852 1622 941 1691 opus
956 1600 1020 1684 sit,
1046 1622 1092 1666 nc
1109 1624 1127 1666 a
1142 1613 1237 1666 recto
1287 1597 1428 1665 consilii
1451 1596 1563 1666 nostri
1587 1597 1626 1664 in
1651 1598 1905 1687 promovendis
1925 1594 2147 1669 Ductoribus
2166 1594 2280 1669 Evau-

165 1748 168 1753 ·
241 1742 349 1793 cursu
363 1711 597 1804 depellantur.
651 1702 815 1775 Christus
831 1704 989 1771 minatur
1004 1701 1238 1775 atrocissimas
1287 1700 1388 1788 gelli,
1424 1723 1504 1768 cum
1526 1722 1567 1766 ex
1590 1694 1658 1767 hoc
1682 1699 1758 1789 ipso
1777 1701 1855 1769 loco
1880 1724 1955 1770 non
1978 1702 2086 1770 ,emet
2105 1714 2281 1773 „mmm

242 1842 377 1917 poenas
397 1812 471 1897 bis,
503 1813 563 1905 qui
586 1808 818 1901 parvulorum
846 1817 983 1873 mentes
1008 1803 1173 1888 laedunt,
1205 1815 1235 1870 et
1288 1803 1352 1888 sit,
1379 1826 1398 1872 a
1421 1801 1632 1871 doctissimis
1651 1801 1755 1881 viris,
1788 1797 1886 1872 hunc
1907 1826 2043 1872 morem
2071 1799 2282 1894 scholarum,

242 1924 378 2019 inquit:
412 1917 488 1985 Vae
514 1911 651 1984 bomini
670 1934 734 2001 per
756 1932 859 2001 quem
877 1907 1005 1976 accidit
1022 1905 1239 1975 scandalum.
1289 1921 1329 1976 ut
1358 1906 1401 1988 ii,
1426 1904 1496 1996 'qui
1524 1918 1697 1973 vocantur
1726 1906 1771 1973 ad
1806 1906 2006 1975 docendum
2037 1900 2282 1997 Evangelium,

241 2026 340 2099 Haec
354 2016 504 2115 periculi
519 2015 727 2105 magnitudo
742 2010 1008 2079 maximeclcbet
1026 2031 1090 2076 nos
1105 2007 1240 2075 extrsci-
1289 2008 1432 2098 publico
1456 2006 1661 2075 testimonio
1683 2006 1858 2076 ornentur
1879 2008 2042 2078 maximis
2066 2022 2102 2078 et
2128 2032 2281 2081 necessa-

241 2146 336 2209 tare,
366 2137 400 2195 et
424 2144 544 2192 curam
567 2141 692 2188 acuere
712 2112 890 2196 discendi,
923 2125 962 2180 ut
987 2134 1067 2178 vera
1085 2123 1120 2179 et
1139 2109 1238 2178 utilia
1289 2111 1352 2179 riis
1373 2114 1417 2177 de
1440 2108 1575 2191 causis,
1609 2111 1891 2179 conservandum
1919 2133 2005 2181 esse.
2066 2108 2168 2200 Quia
2196 2112 2281 2183 mim

242 2227 420 2304 Ecclesiae
441 2242 697 2314 proponamus3
733 2213 963 2307 nequeenim
987 2213 1064 2281 sine
1087 2212 1239 2281 maximo
1292 2211 1486 2303 plurimum
1510 2209 1618 2280 refert
1635 2212 1673 2279 in
1698 2208 1875 2297 Ecclesia,
1901 2214 1963 2306 qui
1985 2215 2029 2283 ad
2047 2213 2282 2287 ministerium

244 2333 384 2415 studio,
408 2328 485 2396 sine
500 2324 690 2393 multarum
707 2342 826 2387 remm
848 2329 954 2407 atque
971 2315 1099 2384 artium
1119 2313 1241 2402 cogni·
1291 2313 1441 2383 docendi
1463 2308 1652 2403 Evangelii
1685 2315 1855 2384 accessuri
1884 2330 1986 2396 sunt,
2028 2316 2231 2388 doctrinam
2253 2332 2284 2390 et

243 2439 359 2516 tione,
391 2430 469 2500 sine
491 2428 598 2514 longo
620 2446 688 2493 usu
713 2419 860 2489 formari
883 2417 1014 2486 iudicia
1037 2419 1082 2484 de
1104 2415 1242 2506 magnis
1292 2438 1407 2486 mores
1432 2416 1542 2506 probe
1567 2415 1726 2505 cognitos
1743 2438 1834 2501 esse,
1859 2431 1893 2486 et
1910 2416 2044 2488 Paulus
2061 2431 2164 2490 vetat
2177 2418 2285 2515 quen·

244 2540 352 2609 rebus
365 2542 526 2625 possunt.
577 2523 630 2595 Ac
646 2546 783 2614 semper
798 2520 903 2590 nobis
921 2518 987 2610 ipsi
1001 2518 1241 2599 subiiciamus,
1291 2542 1397 2613 quam
1421 2518 1489 2585 nisi
1512 2532 1593 2587 tante
1615 2519 1835 2609 exploratum
1859 2521 1903 2589 ad
1920 2522 2125 2590 docendum
2140 2523 2284 2607 admitti,

246 2664 326 2713 cum
341 2632 429 2705 baec
444 2629 599 2724 pericula
618 2630 661 2697 dc
675 2627 807 2719 quibus
820 2623 1053 2693 concionatur
1068 2616 1243 2703 Christus,
1292 2634 1332 2691 a'c
1354 2621 1452 2689 iubet
1472 2620 1707 2712 requirendos
1722 2644 1796 2690 esse
1816 2614 1979 2691 homines
1992 2624 2136 2706 fideles,
2163 2639 2199 2696 et
2213 2622 2285 2697 ido-

245 2758 322 2816 tum
339 2738 446 2809 etiam
468 2756 575 2826 quam
594 2730 749 2799 iucunda
765 2726 870 2795 bonis
884 2726 1064 2793 mentibus
1088 2723 1133 2794 sit
1149 2720 1244 2792 veri-
1291 2746 1378 2792 neos
1391 2726 1435 2792 ad
1455 2724 1675 2807 docendum,
1698 2723 1829 2815 quibus
1842 2727 2117 2797 commendetur
2129 2728 2285 2799 ministo-

246 2859 321 2928 tas,
345 2836 521 2934 ¹quantum
537 2833 629 2902 vitae
647 2829 863 2921 praesidium
880 2828 924 2895 sit
945 2827 983 2894 in
997 2826 1166 2894 omnibus
1178 2846 1244 2893 ne·
1292 2828 1405 2895 rium:
1437 2846 1502 2893 not
1529 2848 1671 2917 quoque
1694 2838 1833 2916 oportet
1849 2827 2013 2918 religiose
2030 2852 2181 2921 operam
2198 2832 2286 2917 dare,

247 2946 378 3041 goelis,
410 2962 517 3034 quam
542 2936 650 3025 digna
681 2934 793 3001 virtus
822 2930 928 2999 bonis
950 2929 1053 3012 viris,
1086 2926 1243 2996 veritatis
1292 2943 1350 3012 ut,
1377 2951 1423 2996 ne
1441 2928 1680 3016 inexploratos
1697 2930 1742 2996 ad
1760 2929 1959 2999 docendum
1977 2934 2185 3025 irrumpere
2199 2934 2286 3005 tina·

248 3070 359 3119 amor·
408 3039 614 3131 Cogitemus
626 3028 885 3124 Philosophum
910 3052 984 3099 esse
1004 3054 1078 3099 non
1096 3030 1242 3122 praesti·
1293 3053 1392 3113 mus,
1424 3052 1485 3098 eos
1506 3053 1658 3121 quorum
1687 3029 1863 3100 industria
1896 3056 1935 3101 ac
1963 3034 2127 3105 studium
2156 3036 2284 3127 pistari.

248 3151 420 3243 giatorem
435 3138 734 3235 autEuryhatum
749 3136 924 3227 aliquem,
949 3134 1008 3203 sed
1033 3130 1245 3227 φιλαληθῆ.
1294 3134 1399 3202 nobis
1427 3130 1619 3224 probatur,
1652 3146 1770 3202 vestro
1790 3135 1995 3205 testimonio
2007 3131 2282 3209 Ecclesiiscom-

247 3252 410 3325 Sciamus
423 3257 546 3315 nostro
559 3240 682 3311 ordini
697 3236 980 3309 commendatam
994 3258 1067 3304 esse
1087 3234 1244 3303 veritatis
1295 3238 1515 3305 memlemus.
1567 3228 1658 3304 Cum
1677 3237 1773 3304 enim
1790 3231 1877 3305 hoec
1891 3238 1938 3307 sit
1958 3238 2102 3330 publica
2118 3242 2283 3333 quaedam

243 3351 512 3431 defensionem,
563 3344 803 3435 expendamus
837 3351 1008 3433 quantum
1044 3339 1088 3408 sit
1121 3336 1245 3423 scelus,
1294 3338 1452 3421 vocatio,
1479 3359 1618 3405 necesse
1643 3350 1751 3409 estet
1775 3339 1960 3430 publicum
1984 3341 2283 3415 testimoniumad

177 3472 184 3481 ’
241 3452 340 3528 banc
363 3453 569 3528 stationem,
603 3447 640 3514 in
659 3469 765 3539 quam
790 3467 808 3510 a
834 3440 975 3531 llcpub.
998 3439 1160 3509 collocati
1185 3462 1246 3511 su-
1296 3463 1372 3508 eam
1400 3441 1576 3512 accedere.
1634 3438 1903 3532 sedquoniam
1933 3443 2097 3512 adsumo
2133 3456 2281 3517 „mm

241 3582 348 3642 mus,
379 3542 549 3623 deserere.
608 3546 752 3618 Habent
780 3559 897 3613 atatem
923 3544 1105 3613 interdum
1126 3541 1246 3610 illecc-
1296 3542 1484 3612 consilium
1500 3566 1519 3608 a
1534 3542 1677 3610 nemine
1690 3565 1778 3611 sacto
1790 3539 2021 3635 reprebendi,
2048 3568 2126 3616 non
2141 3546 2281 3619 iudicavi

245 3664 332 3731 bras
366 3656 473 3724 lalsa'e
509 3651 713 3741 opiniones,
762 3647 956 3715 adulantur
992 3644 1247 3734 cupiditatibus
1296 3646 1340 3713 dc
1356 3668 1397 3712 eo
1415 3643 1579 3733 pluribus
1595 3643 1787 3713 dicendum
1812 3668 1895 3717 esse.
1954 3645 2189 3720 Cumautem
2205 3642 2279 3720 mibi
2318 3656 2329 3695 ¹

249 3758 400 3842 nostris,
426 3752 635 3835 ambitioni,
660 3747 923 3840 superstitioni,
949 3761 1010 3816 aut
1026 3746 1116 3818 aliis.
1169 3742 1246 3814 Ad·
1297 3749 1418 3815 datum
1436 3746 1482 3815 sit
1497 3746 1682 3835 negocium
1705 3747 1751 3815 de
1774 3770 1873 3817 more
1889 3750 2032 3838 publico
2056 3746 2129 3822 boc
2145 3754 2222 3824 loco
2234 3751 2277 3823 di·
2324 3771 2325 3778 ¹

250 3882 374 3935 versus
388 3855 613 3929 lras'lnsidias
630 3850 873 3921 obfirmandos
894 3863 945 3918 est
967 3849 1125 3931 anianus,
1151 3860 1185 3916 ct
1200 3846 1247 3914 it·
1297 3848 1421 3927 cendi,
1447 3847 1511 3916 etsi
1536 3871 1611 3916 non
1631 3848 1758 3934 ignoro
1780 3872 1837 3919 me
1861 3863 1895 3920 et
1909 3853 2134 3940 elocutione,
2168 3868 2201 3925 et
2215 3852 2275 3925 aliit
2304 3865 2332 3968 Ἰ

252 3968 314 4039 lud
339 3959 524 4051 Euripidis
546 3969 770 4047 praeceptum
794 3952 1007 4035 tenendum,
1041 3950 1137 4044 quod
1162 3944 1248 4018 Ari·
1296 3950 1523 4020 facultatibus
1549 3951 1671 4020 multis
1693 3952 1810 4020 modis
1831 3952 2002 4044 imparem
2020 3978 2096 4026 csse
2113 3953 2274 4049 buicpro·
2317 3969 2328 3990 ²

251 4063 395 4140 stoteles
412 4060 577 4153 proponit
602 4053 677 4142 his,
699 4056 761 4149 qui
779 4056 911 4145 populo
935 4053 1194 4122 concionantur
1209 4051 1246 4118 in
1299 4053 1453 4137 vinciae,
1485 4065 1519 4121 et
1543 4046 1636 4120 nibil
1658 4052 1784 4123 afferre
1799 4078 1921 4145 posse,
1948 4056 2046 4148 quod
2063 4060 2123 4129 vel
2141 4060 2274 4131 novitia
2302 4101 2332 4162 ι

252 4167 473 4241 civitatibus:
507 4155 559 4255 μή
574 4184 638 4254 μοι
660 4154 708 4229 τὰ
723 4151 855 4252 adpetes
872 4152 971 4254 λέγε,
998 4149 1091 4225 ἀλλά
1106 4143 1162 4226 ὧν
1182 4145 1247 4224 πό·
1298 4170 1333 4226 et
1351 4155 1460 4244 gratia
1482 4154 1699 4241 argumenti,
1723 4156 1779 4223 vel
1797 4160 2106 4231 commendatione
2123 4160 2274 4235 orationi,
2300 4203 2332 4282 μ

253 4264 385 4344 letrici.
434 4265 490 4335 Ne
504 4263 706 4355 plausibilia
723 4262 836 4343 dicas,
861 4265 919 4329 sed
935 4259 1169 4351 quibusopus
1184 4251 1250 4324 ba·
1299 4260 1437 4349 placere
1454 4258 1583 4348 possit,
1605 4270 1724 4327 tamen
1740 4258 1823 4349 quia
1836 4274 1982 4352 propter
1996 4264 2182 4353 publicam
2193 4272 2332 4368 auto.

251 4378 312 4447 bet
334 4356 467 4442 civitas.
522 4364 620 4435 Haec
644 4364 816 4433 inculcata
836 4362 964 4429 animis
986 4360 1112 4451 optimi
1128 4358 1248 4427 adole-
1299 4361 1456 4444 ritatem,
1482 4381 1587 4451 quam
1603 4355 1693 4427 mibi
1717 4360 2000 4434 detrectarenon
2020 4365 2089 4435 tute
2107 4368 2275 4461 integrum,
2300 4403 2332 4468 Ι

252 4490 407 4559 scentes3
442 4494 525 4540 nam
550 4468 666 4538 studia
686 4480 799 4535 vestra
822 4488 894 4533 rrorr
912 4477 1050 4532 tantum
1067 4463 1111 4531 ad
1130 4461 1249 4551 priva·
1299 4462 1437 4555 aliquid
1461 4462 1654 4530 dicendum
1677 4474 1746 4547 est,
1778 4464 1884 4534 statui
1902 4464 1939 4533 in
1959 4470 2162 4558 praesentia
2182 4490 2275 4543 sacre
2305 4491 2332 4598 q

252 4597 304 4653 tas
327 4577 498 4649 utilitates
520 4584 669 4654 vestras,
706 4570 767 4637 sed
797 4570 840 4636 ad
865 4579 976 4636 totam
1000 4562 1180 4654 Rempub.
1204 4563 1247 4630 ad
1299 4589 1379 4634 rum
1397 4564 1580 4632 literarum
1596 4564 1794 4647 studiosos,
1823 4578 1858 4635 et
1879 4568 1942 4660 qui
1957 4568 2001 4637 ad
2018 4570 2275 4645 docendorum·

253 4683 402 4773 gloriam
437 4676 524 4759 Dei,
574 4674 618 4741 ad
652 4668 829 4740 Ecclesiae
870 4670 1018 4737 salutem
1060 4667 1249 4758 pertinent.
1273 4722 1276 4807 q
1300 4666 1431 4736 cessuri
1455 4677 1556 4748 stant,
1593 4668 1785 4735 admonere
1808 4670 1853 4737 de
1875 4694 1941 4738 suo
1961 4670 2101 4758 officio,
2135 4687 2178 4746 ut
2198 4684 2275 4769 put.
2315 4748 2321 4759 Ι

254 4784 360 4873 Quod
386 4804 468 4852 cum
490 4773 707 4867 cogitabitis,
738 4773 873 4840 maiore
896 4794 979 4839 cora
1003 4770 1045 4837 ad
1071 4782 1248 4837 tantarum
1273 4854 1277 4873 ι
1301 4792 1405 4863 (petam
1440 4790 1579 4836 summo
1612 4766 1671 4836 dei
1703 4770 1893 4857 beneficio,
1931 4767 2001 4842 hoc
2026 4787 2190 4868 tempure
2208 4794 2276 4873 pura

253 4910 373 4955 rerum
408 4882 648 4950 defensionem
685 4874 796 4944 animi
830 4884 936 4942 erunt
969 4869 1182 4941 instruendi·
1211 4894 1250 4937 ac
1273 4900 1277 4981 q
1301 4868 1489 4959 Evangelii
1533 4871 1694 4939 doctrina
1734 4887 1903 4943 renovata
1944 4898 1984 4945 ac
2025 4880 2190 4953 restituta
2227 4890 2277 4960 cst,

254 4985 504 5079 praeparandi.
555 4979 675 5071 Atque
699 4973 763 5047 bas
788 4999 908 5044 causas
924 4974 962 5042 in
978 4974 1083 5043 bonis
1099 4971 1251 5062 ingeniis
1273 4990 1277 5073 t
1301 4996 1423 5043 omnes
1440 4994 1520 5041 suas
1536 4973 1786 5059 cogitationes,
1812 4998 1915 5046 curas
1930 4990 1964 5047 et
1981 4980 2097 5050 studia
2115 4984 2277 5055 cantant
2310 4972 2321 4989 ’

255 5090 449 5182 plut-inmm
466 5084 583 5153 valere.
595 5104 719 5171 spero,
747 5103 837 5172 quae
853 5080 950 5146 (lecet
966 5076 1123 5167 profecto
1139 5076 1251 5143 maxi·
1274 5078 1277 5157 ζ
1302 5077 1344 5145 ad
1365 5076 1642 5143 conservandam
1663 5076 1701 5143 in
1716 5073 1873 5147 Ecclesia
1891 5076 2086 5170 puritatem
2104 5086 2277 5163 doctrinae,

254 5218 309 5262 mc
335 5204 367 5259 et
385 5188 565 5257 voluntate
581 5182 669 5268 Dei,
694 5196 728 5251 et
751 5178 1090 5249 comminationibus
1108 5178 1252 5261 divinis,
1273 5248 1277 5285 Ι
1301 5199 1340 5246 ac
1357 5177 1586 5246 meminerint
1601 5178 1670 5247 sibi
1686 5202 1800 5249 rrnum
1822 5175 1923 5251 bunc
1941 5182 2048 5254 finem
2074 5188 2275 5282 propugnata

255 5307 288 5365 et
308 5289 474 5385 periculis
491 5287 660 5379 publicis,
686 5299 722 5355 et
746 5285 821 5376 ipsa
836 5308 955 5352 rerum
980 5280 1151 5371 dignitate
1172 5304 1251 5349 mo·
1273 5298 1277 5371 ξ
1302 5303 1396 5365 esse,
1429 5281 1472 5347 ad
1498 5303 1604 5371 quem
1635 5302 1774 5372 semper
1800 5297 1972 5374 spectare,
2008 5302 2043 5358 et
2074 5313 2148 5382 quo
2181 5286 2273 5361 omnis

254 5396 341 5469 veri·
394 5391 488 5465 Dixi·
1302 5395 1423 5452 noster
1438 5405 1561 5451 cursus
1575 5385 1789 5453 contendere
1804 5386 1941 5457 debeat.
1983 5386 2272 5463 Haccadbortatit
2331 5397 2332 5402 ’

394 5514 397 5519 ’
1303 5508 1408 5578 quam
1440 5484 1635 5554 necessaria
1665 5485 1728 5571 sit,
1768 5490 1973 5578 pracsertim
2006 5487 2075 5565 hoe
2102 5494 2271 5567 noviginto

1272 4822 1277 4851 l
