4664 6022
137 288 215 366 cst
596 292 600 301 '
798 284 1076 405 DECLDE
1110 280 1257 358 VITA
1291 280 1529 358 GALENI.
2104 292 2183 367 498

136 460 318 536 studiosos
342 470 515 552 quantum
542 481 686 550 possum
716 455 905 542 adhortor,
936 475 977 531 ut
1004 461 1135 531 debent
1187 472 1263 529 tum
1277 456 1517 542 considerate,
1543 450 1630 527 haec
1649 470 1825 532 testantur
1844 466 2000 535 remedia
2015 465 2186 539 efficacis·

135 565 255 636 iacere
278 583 400 631 ornnes
422 560 612 647 boniviri,
636 576 677 634 ut
694 556 788 632 hane
807 563 1006 635 doctrinam
1028 579 1061 634 et
1076 586 1135 632 ar·
1187 561 1274 630 sima
1290 581 1374 629 esse.
1425 557 1470 628 ln
1479 559 1716 631 destillatione
1730 559 1986 637 vehementiori
2007 564 2186 639 exhauriri

137 669 497 754 denterexpetantet
512 663 646 748 colant,
677 665 779 734 cuius
794 665 949 754 cognitio
965 689 1040 734 non
1059 689 1137 733 mo·
1187 686 1229 731 er
1248 660 1482 754 pulmonibus
1507 660 1623 746 lenta,
1655 665 1745 734 acris
1769 681 1804 737 et
1827 680 1930 737 tenax
1955 672 2081 761 pituita
2109 697 2183 742 non

138 770 189 840 do
204 768 363 837 iucunda
376 779 439 850 est,
464 766 526 833 sed
543 766 649 836 etiam
664 765 822 837 infinitas
838 767 1008 838 utilitates
1024 768 1138 836 adfert
1189 776 1304 856 potest
1319 763 1396 832 sine
1410 762 1545 833 medica
1560 788 1642 856 ope.
1693 763 1750 836 Ad
1768 762 1865 838 hunc
1881 794 1984 840 usum
2002 796 2058 843 res
2077 798 2184 865 pecu-

138 870 250 941 vitae.
301 864 559 936 lmoetmores
576 881 723 937 naturae
745 868 917 960 inspectio
934 871 1137 938 considera·
1189 866 1295 935 liares
1316 864 1511 936 destinatae
1545 878 1646 951 suut,
1680 870 1849 949 neelicet
1882 874 1958 941 sine
1980 876 2184 944 discrimine

139 973 268 1065 tioque
289 969 400 1038 llectit
423 970 468 1038 ad
491 970 790 1054 moderationem,
822 986 857 1041 et
889 974 933 1041 ad
959 973 1138 1064 pietatem,
1190 968 1410 1061 quibuslibet
1430 962 1630 1060 pharmacis
1649 970 1713 1043 uti.
1763 969 1928 1059 Quantus
1951 1000 2034 1045 usus
2059 991 2110 1046 est
2133 978 2184 1047 ri-

140 1099 183 1147 ac
204 1083 343 1142 mentes
366 1069 412 1138 ad
433 1067 501 1138 Dei
523 1070 794 1141 admirationem
816 1073 995 1148 exuscitet.
1045 1070 1137 1143 Cum
1191 1070 1277 1139 corii
1295 1083 1329 1138 ct
1343 1063 1514 1139 absinthii
1530 1069 1569 1136 in
1582 1085 1680 1160 epate
1694 1075 1928 1146 medicando?
1951 1078 2088 1170 quoties
2103 1104 2184 1149 mu-

141 1176 242 1249 enirn
256 1170 354 1243 Deus
375 1195 441 1242 nos
465 1171 504 1240 in
527 1167 594 1242 hoc
612 1174 811 1264 spectaculo
828 1175 1026 1259 collocarit,
1053 1199 1137 1244 rios
1190 1171 1340 1240 lieribus
1359 1184 1494 1240 certum
1520 1171 1666 1241 exitium
1694 1176 1876 1266 depellunt
1905 1176 2129 1250 absinthium
2152 1195 2187 1251 et

142 1301 215 1375 que
226 1273 371 1347 iusserit
384 1273 564 1365 opificium
580 1296 684 1344 suum
706 1275 836 1346 intueri
853 1291 887 1349 et
904 1279 1139 1359 considerare,
1191 1269 1419 1343 arthemisia?
1458 1270 1527 1342 Sed
1547 1275 1673 1344 omitto
1697 1274 1788 1344 hanc
1803 1283 2185 1352 commemorationem.

142 1403 222 1451 non
239 1374 479 1447 existimemus
493 1370 561 1446 hoe
570 1377 728 1447 studium
744 1378 872 1448 inutile
888 1401 962 1449 esse
983 1404 1048 1449 nec
1063 1381 1140 1448 sine
1194 1373 1362 1463 Quaesita
1384 1389 1468 1444 sunt
1497 1377 1651 1445 remedia
1675 1393 1796 1449 contra
1819 1405 1970 1466 venena,
1996 1397 2117 1477 estque
2144 1385 2183 1452 in

143 1482 253 1572 culpa
276 1479 467 1550 contemni.
518 1471 698 1570 Hie'quid
722 1480 838 1548 dicam
859 1485 903 1551 de
925 1480 1141 1576 Cyclopibus
1194 1472 1262 1545 hoe
1284 1499 1410 1566 genere
1430 1477 1614 1547 manifesta
1636 1482 1690 1548 vis
1711 1499 1829 1562 rutae,
1863 1507 1972 1576 quare
1993 1487 2037 1553 ad
2061 1510 2186 1555 arcen-

143 1584 240 1665 illis,
268 1579 430 1672 quinon
453 1579 569 1663 sqlum
594 1580 863 1673 inquisitionem
893 1599 1141 1674 aspernantur,
1194 1581 1276 1648 dam
1301 1579 1537 1668 pestilentiam
1564 1603 1728 1670 magnam
1754 1584 1827 1651 vim
1850 1580 1972 1656 habet:
2004 1600 2038 1656 et
2062 1588 2186 1657 scribit

144 1683 338 1759 sedetiam
365 1704 469 1751 usum
491 1696 525 1751 et
545 1683 717 1752 remedia:
744 1708 823 1753 cum
846 1686 1025 1755 saevitiam
1044 1710 1143 1756 exem
1194 1675 1380 1750 Atheucus
1392 1678 1580 1750 Ponticum
1597 1696 1789 1775 tyrannum
1804 1686 1948 1757 solitum
1965 1690 2109 1758 venenis
2123 1713 2187 1758 ne·

145 1798 254 1859 ceant
274 1784 315 1852 in
338 1804 401 1853 sua
423 1805 570 1873 corpora
592 1784 739 1853 immani
764 1787 941 1873 ingluvie,
968 1789 1144 1857 immode-
1196 1807 1275 1852 care
1297 1782 1465 1851 invitatos
1485 1784 1528 1850 ad
1552 1785 1716 1853 convivia
1731 1788 1842 1874 cives,
1871 1790 1908 1857 id
1929 1814 2009 1858 cum
2024 1793 2189 1861 animad-

145 1889 237 1963 ratis
257 1885 389 1974 vigiliis
411 1897 445 1955 et
467 1887 547 1955 aliis
574 1887 706 1972 modis,
739 1902 877 1978 postea,
912 1890 1002 1963 sicut
1022 1889 1144 1975 Stoici,
1196 1898 1462 1971 versumesset,
1486 1898 1605 1975 postea
1628 1890 1798 1957 accessuri
1817 1892 1861 1959 ad
1885 1891 1995 1980 ipsius
2011 1893 2187 1977 convivia,

145 1993 224 2063 lato
248 1988 352 2059 aiunt
376 1987 451 2076 regi
471 1989 710 2058 valetudinem
735 2005 769 2060 et
784 1991 910 2076 vitam,
936 2014 1003 2062 ner
1014 1993 1144 2063 accersi
1196 1987 1490 2078 praemunierunt
1504 2010 1540 2055 se
1555 2002 1652 2071 ruta,
1677 2004 1782 2084 atque
1800 1991 1849 2062 ita
1864 1992 1940 2064 sine
1962 1994 2187 2065 incommodo

147 2092 298 2165 morbos
314 2089 445 2158 nostris
459 2088 577 2180 vitiis,
604 2115 668 2160 nec
682 2092 812 2183 depelli
830 2093 1014 2183 diligentia
1032 2118 1072 2164 ac
1089 2120 1146 2164 rc·
1198 2111 1334 2158 venena
1351 2083 1557 2160 hauserunt.
1610 2087 1727 2180 Magis
1746 2093 1874 2163 mirum
1891 2100 2050 2188 estquod
2069 2110 2187 2167 narrat

148 2192 304 2276 mediis,
336 2192 396 2259 sed
421 2191 506 2266 sato.
570 2189 646 2262 Hae
678 2216 781 2263 voces
808 2218 888 2264 cum
920 2196 1147 2267 manifestum
1199 2192 1243 2260 de
1259 2190 1387 2261 citrino
1404 2214 1529 2280 pomo,
1555 2203 1589 2259 et
1604 2193 1731 2281 allegat
1748 2207 1869 2265 testem
1886 2198 1948 2289 qui
1970 2199 2038 2268 luit
2055 2213 2190 2289 specta-

151 2298 310 2367 iurorem
324 2293 533 2381 significent,
559 2294 728 2385 indignae
740 2310 823 2366 sunt
838 2298 1063 2384 refutatione,
1086 2300 1144 2367 sed
1200 2306 1257 2363 tor
1269 2293 1343 2361 eius
1361 2306 1522 2361 eventus:
1548 2293 1586 2360 in
1601 2292 1763 2388 Aegypto
1781 2320 1860 2366 cum
1878 2300 2093 2370 ducerentur
2109 2301 2189 2393 qui-

152 2412 273 2471 tamcn
298 2396 478 2465 interdum
499 2398 658 2488 exempla
674 2412 805 2467 nocent
823 2399 1007 2490 imperitis.
1062 2400 1146 2471 ldco
1199 2397 1280 2464 dam
1303 2408 1421 2464 sontes
1441 2397 1485 2464 ad
1507 2395 1648 2486 aspidas
1669 2411 1709 2465 ut
1729 2422 1850 2467 eorum
1879 2402 2056 2471 morsibus
2079 2403 2190 2473 inter-

150 2499 395 2573 adolescentes
410 2500 605 2583 admoneo,
627 2512 668 2569 ut
685 2495 771 2570 haec
793 2502 975 2571 barbarica
992 2504 1148 2573 convitia
1198 2496 1407 2582 dicerentur,
1433 2497 1524 2566 forle
1541 2499 1749 2569 muliercula
1765 2525 1854 2592 quae
1868 2517 1942 2573 erat
1956 2506 2048 2594 apud
2073 2517 2191 2573 custo·

150 2602 242 2674 artis
252 2601 488 2683 detestentur,
513 2623 603 2691 quae
618 2602 832 2672 contumelia
849 2605 1006 2675 afficiunt
1022 2604 1149 2690 Deum,
1201 2601 1282 2668 dem
1297 2599 1445 2668 carceris
1460 2601 1611 2690 quadam
1631 2601 1870 2672 misericordia
1895 2618 2006 2689 mota,
2032 2606 2104 2674 illis
2120 2620 2192 2676 tre-

152 2704 217 2799 qui
243 2716 281 2774 et
311 2702 406 2789 leges
436 2702 584 2773 tradidit
609 2704 740 2797 quibus
765 2706 839 2794 regi
864 2706 935 2777 vita
959 2707 1083 2792 debet,
1116 2723 1149 2778 et
1201 2700 1379 2770 mentibus
1402 2725 1441 2770 ac
1462 2700 1663 2771 sitientibus
1686 2705 1745 2773 dat
1768 2728 1913 2793 pomum
1935 2708 2121 2791 citrinum,
2152 2719 2192 2777 ut

151 2802 333 2901 praesidia
348 2827 389 2871 ac
403 2804 556 2874 remedia
574 2807 731 2891 addidit,
757 2809 888 2901 quibus
903 2810 1149 2881 admirabilem
1202 2806 1296 2871 vires
1310 2804 1509 2888 reficerent,
1536 2827 1606 2896 quo
1623 2818 1760 2893 gustato
1776 2809 1956 2877 ducuntur
1976 2810 2021 2878 ad
2043 2811 2194 2900 aspidas,

152 2921 284 2979 etvere
295 2927 460 2975 arcanam
470 2906 542 2974 vim
557 2907 689 2979 indidit
706 2908 852 2979 iuvandi
869 2933 1030 3003 corpora,
1047 2936 1152 2983 mon.
1203 2929 1355 2998 quarum
1372 2928 1492 2975 morsu
1507 2930 1587 2976 cum
1601 2921 1717 2977 essent
1731 2910 1889 2993 sauciati,
1908 2910 1960 2979 vis
1975 2912 2102 2980 veneni
2119 2933 2193 2979 non

152 3008 283 3082 stravit
305 3019 340 3076 et
361 3019 474 3077 artem
503 3021 544 3078 ut
573 3005 629 3080 his
653 3010 832 3080 beneficiis
856 3028 936 3103 apte
960 3029 1152 3091 uteremur,
1203 3008 1272 3077 fuit
1291 3007 1429 3092 efficax,
1453 3032 1520 3075 nec
1539 3008 1797 3097 extinguuntur
1818 3012 2012 3083 vulnerati:
2039 3013 2196 3082 novitate

152 3110 284 3205 ltaque
303 3105 372 3180 Dei
391 3109 674 3202 ordinationem,
702 3136 743 3181 ac
758 3110 824 3182 Dei
846 3114 1015 3185 beneficia
1032 3140 1152 3206 asper·
1203 3109 1256 3177 rei
1290 3109 1550 3200 obstupefactus
1573 3107 1803 3198 Magistratus
1825 3114 2015 3203 diligenter
2045 3114 2196 3206 inquirit

147 3227 294 3287 uantur
307 3208 481 3305 Cyclopes
499 3212 572 3297 illi,
605 3215 636 3282 si
659 3227 785 3302 putant
807 3211 902 3284 nihil
919 3240 992 3287 esse
1009 3217 1153 3305 virium,
1205 3234 1337 3294 causas,
1361 3233 1512 3303 cumque
1527 3210 1622 3279 inter
1638 3228 1770 3283 caetera
1785 3213 2034 3303 interrogasset
2050 3216 2136 3309 quid
2153 3238 2194 3283 eo

154 3316 198 3387 in
219 3315 329 3387 rebus
347 3314 522 3385 divinitus
537 3316 691 3385 conditis
713 3318 759 3386 ad
781 3312 966 3388 hominum
987 3321 1153 3393 salutem:
1206 3315 1265 3382 die
1279 3314 1534 3393 comedissent,
1559 3312 1599 3383 fir
1618 3315 1753 3384 mentio
1778 3316 1874 3405 pomi
1889 3317 2020 3387 citrini.
2072 3315 2197 3409 ltaque

153 3428 207 3489 ‚ut
231 3416 317 3487 aerei
338 3415 410 3485 cibi
440 3438 481 3485 ac
505 3431 611 3508 potus
635 3412 796 3491 humano
818 3422 958 3513 corpori
981 3423 1154 3516 propositi
1205 3415 1280 3483 vim
1295 3414 1394 3505 pomi
1409 3413 1603 3505 erperildr:
1637 3415 1819 3487 ducuntur
1839 3417 1909 3486 alio
1932 3418 1990 3486 die
2013 3440 2135 3486 rursus
2151 3418 2197 3486 ad

161 3528 261 3602 sunt,
285 3514 477 3612 quicurin
492 3520 1062 3610 sanguinemvertanturutalant
1076 3549 1156 3596 eor.
1206 3517 1366 3608 aspidas,
1389 3514 1450 3585 sed
1475 3516 1616 3587 iubetur
1638 3516 1726 3589 alter
1742 3520 1994 3610 praemandere
2017 3517 2198 3599 citrinum,

159 3643 271 3715 pora,
284 3619 412 3689 'dicere
434 3644 509 3691 non
524 3628 738 3714 'pessumum
765 3627 825 3695 sed
845 3626 1020 3697 mirabilia
1040 3627 1155 3703 indita
1207 3612 1531 3709 alterprohibetnr,
1556 3619 1608 3689 ibi
1621 3634 1774 3714 utroque
1790 3622 1956 3704 sauciato,
1982 3621 2199 3711 extinguitur

151 3724 217 3795 ‚vis
235 3736 300 3795 est.
318 3722 450 3794 talibus
471 3724 854 3817 rebus-,·-a-eogoato
880 3743 914 3799 et
937 3724 1158 3824 συμπάθεια
1200 3722 1314 3816 -isqui
1330 3720 1549 3793 abstinuerat
1563 3745 1583 3792 a
1598 3722 1741 3808 citrino,
1764 3725 1852 3795 alter
1867 3737 1985 3794 manet
1999 3723 2200 3807 incolumis,

150 3836 245 3897 ¹eum
260 3820 593 3914 humatorpnm,
610 3842 660 3899 m
674 3830 811 3900 mireari
827 3847 861 3903 es
878 3833 914 3901 in
926 3852 1038 3903 unam
1050 3848 1157 3905 natu.
1208 3824 1272 3920 qui
1288 3836 1498 3915 gustaverat.
1541 3822 1595 3895 Ac
1609 3846 1683 3894 non
1697 3828 1804 3895 modo
1821 3821 2006 3909 historiae,
2033 3827 2092 3895 sed
2108 3848 2201 3918 quo-

149 3952 239 3999 m
274 3926 459 3997 ennlluere.
485 3929 633 4018 possint.
669 3929 744 4005 lta
771 3933 832 4001 in·
852 3928 888 4003 ra
914 3936 1041 4005 mediis
1068 3937 1159 4008 inest
1208 3927 1569 4019 t'idianaerperieutia
1583 3928 1784 4018 suppeditat
1798 3927 2073 3999 innumerabilia
2084 3950 2202 3997 exem-

158 4022 385 4119 συμπάθεια
403 4053 536 4099 amara
556 4032 596 4098 in
611 4030 898 4105 certammtsris
914 4051 974 4107 aa
996 4032 1171 4108 humori·
1210 4030 1288 4122 pta,
1309 4028 1505 4123 qaae-satit
1524 4042 1701 4101 testantur
1720 4043 1850 4100 certam
1866 4029 1938 4098 vim
1963 4029 2201 4099 remediorum
2230 4072 2236 4081 ·

152 4134 243 4216 bus,
258 4148 418 4223 quorum'
427 4130 579 4201 efficacia
592 4137 780 4207 masnisesta
794 4152 830 4207 et
844 4155 938 4208 certo
951 4152 1013 4213 est.
1039 4138 1159 4211 Tanta
1211 4154 1297 4206 esse.
1344 4128 1465 4220 Quare
1479 4128 1594 4201 Deum
1614 4132 1827 4201 contumelia
1842 4130 2001 4205 afficiunt
2016 4131 2079 4225 qui
2096 4130 2205 4201 bene·

151 4250 217 4307 est
240 4232 395 4303 efficacia
416 4226 706 4306 therebinthinae
728 4238 775 4307 -in
802 4241 991 4310 vulnerum
1009 4234 1160 4334 simpli·
1212 4234 1289 4303 licia
1310 4233 1422 4325 ipsius
1437 4235 1588 4328 quadam
1606 4233 1827 4305 immanitate
1846 4256 1987 4304 morum
2011 4254 2205 4324 aspernan-

161 4338 261 4407 tium
277 4334 461 4405 curatione
477 4350 518 4406 ut
531 4360 588 4406 ras
603 4338 704 4409 lateri
724 4356 824 4429 cogat
837 4366 1006 4412 arcanam-
1016 4346 1089 4413 vim
1106 4345 1161 4413 illi
1211 4350 1283 4408 lur-
1334 4332 1433 4405 Haec
1458 4336 1562 4405 initio
1586 4336 1626 4404 ln
1647 4356 1785 4406 tumme
1810 4334 1961 4425 praefari
1984 4334 2084 4405 volui
2105 4346 2140 4403 el
2160 4334 2205 4401 <¹0

163 4437 327 4509 remedio
351 4436 483 4519 inesse,
505 4460 547 4507 ac
569 4440 743 4511 divinitus
759 4446 924 4514 donatam
947 4468 1023 4515 esse
1041 4446 1161 4534 generi
1214 4437 1396 4509 doctrinae
1419 4460 1461 4507 ac
1481 4431 1734 4529 Philosophiae
1757 4430 1865 4507 huius
1886 4438 2076 4528 dignitate,
2105 4446 2139 4502 et
2162 4434 2206 4503 de

164 4534 329 4611 humano
351 4542 395 4609 ad
415 4540 602 4610 vulnerum
626 4544 856 4616 curationem.
909 4545 1027 4637 Quam
1045 4550 1163 4619 eldea-
1214 4540 1369 4611 utilitate
1389 4534 1652 4624 remediorum,
1676 4553 1718 4610 ut
1741 4562 1820 4608 cum
1844 4552 1956 4608 artem
1972 4533 2207 4626 cogitaveritis

165 4666 244 4713 cem
269 4656 304 4709 et
325 4654 464 4729 gratum
484 4664 586 4711 usum
611 4645 718 4716 fuisse
742 4648 891 4718 balsami
915 4650 1165 4720 arbitramini?
1216 4644 1404 4712 amandam
1427 4656 1461 4712 et
1483 4636 1799 4731 magnifaciendatn
1823 4662 1916 4724 esse,
1942 4641 1987 4708 de
2003 4637 2089 4728 ipsis
2101 4636 2207 4705 etiam

167 4747 224 4815 Ac
241 4739 332 4813 mihi
353 4765 456 4834 saepe
478 4743 517 4812 in
542 4748 695 4816 mentem
715 4750 832 4829 venit,
863 4750 944 4819 ideo
967 4752 1164 4822 balsamum
1217 4745 1303 4816 artis
1316 4743 1559 4835 scriptoribus,
1575 4742 1638 4835 qui
1652 4764 1755 4811 suum
1768 4742 1926 4812 studium
1943 4741 1981 4808 in
1997 4738 2210 4809 illustranda

167 4861 203 4917 et
223 4843 406 4939 myrrham
425 4840 576 4917 Ehraeis
598 4850 766 4920 donatam
796 4851 922 4935 fuisse,
953 4866 1097 4924 utrum
1119 4855 1165 4923 ad
1217 4861 1344 4919 natura
1367 4859 1403 4917 et
1430 4846 1470 4914 in
1492 4846 1648 4915 iuvanda
1679 4838 1865 4914 hominum
1887 4840 1962 4913 vita
1982 4862 2213 4932 consumpse-

168 4960 377 5039 pcrpetuam
400 4946 565 5017 militiam
590 4970 676 5039 gens
696 4953 868 5022 destinata
892 4969 999 5039 esset,
1022 4976 1088 5023 nec
1110 4974 1167 5025 res
1219 4962 1324 5033 runt,
1348 4942 1642 5019 honorificentius
1665 4944 1857 5018 sentiretis.
1907 4940 1999 5015 Cum
2026 4942 2122 5012 enim
2144 4941 2212 5011 ali·

168 5049 376 5143 peregrinas
410 5044 609 5136 inveheret,
649 5054 747 5122 domi
781 5050 953 5124 haberent
981 5056 1102 5125 estlear
1132 5069 1168 5127 et
1220 5051 1307 5147 qnid
1334 5072 1522 5143 promote
1546 5048 1736 5119 dicendum
1760 5058 1869 5131 esset,
1892 5044 2020 5135 collegi
2037 5044 2213 5139 quaedam

171 5174 340 5243 praesens
371 5152 567 5221 remedium
598 5156 800 5227 vulnerum.
852 5154 1082 5246 Compertum
1115 5172 1169 5229 est
1221 5154 1265 5223 de
1280 5150 1413 5223 Galeni
1431 5152 1504 5223 rita
1524 5163 1560 5221 et
1583 5142 1750 5222 laudibus
1769 5148 1970 5232 recitanda,
1993 5168 2098 5240 quem
2118 5144 2214 5215 scitis

171 5252 334 5344 scorpios
350 5253 468 5323 subito
487 5254 643 5344 extingui
660 5258 827 5347 imposito
847 5254 1020 5350 raphano.
1069 5256 1170 5329 Lou-
1222 5278 1287 5325 nos
1309 5251 1442 5327 habere
1462 5251 1744 5346 copiosissimum
1760 5248 1922 5320 Medicas
1940 5248 2025 5319 artis
2040 5259 2212 5339 autorem.

171 5378 258 5447 gum
281 5368 372 5424 esset
394 5356 512 5424 dicere
533 5358 581 5425 de
601 5359 822 5448 singolorum
849 5362 1091 5431 membrorum
1112 5384 1170 5433 re-
1222 5354 1404 5430 Arhitror'
1424 5370 1542 5427 autem
1557 5348 1658 5427 'hatu
1688 5351 1886 5422 maioribus
1910 5374 1951 5421 ac
1978 5346 2215 5443 prudentibus

142 5486 151 5497 ·
174 5453 325 5539 mediis,
355 5458 416 5527 sed
440 5457 651 5547 quotidiana
673 5461 843 5531 beneficia
862 5460 1063 5533 Medicinae
1088 5476 1171 5536 tau-
1223 5460 1359 5553 grata'm
1373 5472 1449 5529 esse
1459 5454 1832 5528 commemorationem
1848 5455 1893 5524 de
1903 5451 1975 5522 viri
1996 5448 2125 5522 summi
2141 5461 2217 5521 stu·

235 5562 418 5628 dlrrssrn.
437 5562 542 5627 Ocra.
571 5564 653 5628 Vos.
670 5566 735 5637 xl.
1543 5556 1594 5629 32
