4620 6008
466 268 627 346 nect.
666 267 744 341 ne
774 264 967 343 attone
997 278 1086 357 cn
1109 290 1184 369 μ,
1215 312 1354 396 Μ

127 510 129 517 .
164 450 204 519 ἰιι
236 448 309 519 illis
340 447 426 517 locis
457 470 602 536 regnare
627 444 754 515 veritas
777 458 809 514 et
832 442 978 516 iustitia.
1001 472 1005 481 ·
1027 466 1118 543 ΨΜ
1144 466 1180 531 32
1202 488 1312 551 em„

127 570 219 626 astat
240 577 283 621 ex
298 547 426 621 scholis
444 550 482 617 in
502 551 561 618 illa
578 550 654 617 loca
672 544 757 617 haec
773 559 980 615 ornamenta
1029 554 1199 635 tissiraam
1224 602 1259 639 „
1306 536 1332 645 ,⁶
1380 540 1386 549 ’

168 654 299 745 eralis
316 658 408 721 euim
428 670 516 723 esset
533 652 693 723 doctrina
713 652 750 719 in
769 650 926 741 templis,
952 649 981 717 si
1031 664 1170 749 templis
1191 689 1225 741 ῃ
1245 642 1325 749 aaa:
1363 644 1404 673 '⁰

127 760 186 830 »lis
216 782 273 828 res
305 782 375 825 non
398 771 513 826 essent
536 755 684 844 agitatae
708 768 744 824 et
763 753 983 824 illustratae?
1005 778 1011 859 p
1032 755 1070 824 in
1091 758 1230 845 scham,
1277 748 1418 863 (μ’.

135 876 226 933 esset
249 860 447 931 aulicorum
471 859 702 928 consiliorum
721 858 835 927 etlori
853 858 983 925 barba·
1032 870 1107 928 tum
1136 878 1285 963 qum„
1315 918 1372 961 :m
1411 858 1424 873 .

127 968 131 1035 i
154 990 230 1035 non
256 977 387 1034 extaret
401 965 574 1056 quaedam
592 960 729 1029 erudita
748 960 834 1029 iuris
850 961 983 1029 doctri·
1034 975 1131 1053 putet
1153 971 1247 1043 atiud
1271 1006 1340 1057 ee„
1361 944 1486 1069 wi*

127 1070 249 1139 leinde
277 1061 344 1135 hoc
372 1067 536 1145 interest,
570 1067 614 1133 de
645 1063 813 1132 omnibus
845 1063 983 1153 magnis
1034 1064 1240 1141 discentium
1257 1048 1498 1167 cortem-37..

127 1168 257 1242 tholae
279 1170 534 1249 consuluntur,
569 1162 708 1236 scholae
732 1167 983 1256 pronunciant,
1033 1170 1160 1237 mereri
1182 1175 1224 1239 de
1243 1201 1363 1265 genere
1386 1202 1456 1265 t„

127 1274 269 1365 iscopi,
295 1286 357 1344 atrt
377 1272 507 1355 aulici,
534 1283 594 1340 aut
609 1269 790 1344 causidici.
840 1268 983 1338 Postre-
1035 1263 1100 1339 hoc
1124 1272 1277 1346 officium
1302 1254 1525 1373 prodam}
1654 1308 1660 1321 .

127 1372 266 1449 scholis
289 1390 341 1445 est
364 1374 514 1466 simplex
538 1373 696 1443 studium
718 1397 835 1442 rerum
863 1373 983 1465 inqui·
1035 1374 1255 1463 pagationem
1277 1360 1554 1483 optintar.,'m''':
1568 1374 1633 1413 ἢν.
1674 1410 1682 1425 ,

127 1495 228 1551 unet
248 1477 583 1571 patefaciendarum.
635 1472 982 1547 lnEcclesiismulta
1035 1489 1085 1545 tes
1100 1477 1346 1569 conscientias,
1371 1470 1592 1589 responsas,
1667 1514 1711 1533 .,
1748 1538 1751 1545 Ι

127 1584 289 1655 alaribus
317 1580 552 1652 concionibus
583 1580 753 1649 dicuntur
776 1580 982 1671 improprie,
1034 1579 1102 1648 bus
1122 1579 1214 1649 vitae
1237 1583 1378 1674 oliiciis,
1401 1576 1551 1689 inquirit.
1569 1572 1616 1693 ,f
1755 1635 1760 1645 ·
1798 1662 1804 1677 ,

131 1687 240 1759 etiarn
282 1684 367 1779 quia
399 1685 554 1777 populus
585 1708 658 1752 non
688 1695 802 1773 potest
835 1682 983 1775 assequi,
1033 1683 1162 1751 borum
1194 1687 1368 1771 remedia,
1401 1720 1515 1775 causae
1543 1662 1667 1793 mcii„
1694 1693 1733 1731 aa

127 1803 266 1861 cuntur.
320 1786 396 1859 lam
420 1789 459 1856 in
480 1787 571 1856 aulis
593 1800 627 1856 et
645 1787 723 1855 loro
741 1781 915 1855 horribile
931 1800 983 1855 est
1034 1799 1153 1855 motus
1174 1800 1208 1855 et
1229 1786 1369 1857 effectus
1392 1801 1551 1879 coelestes
1589 1770 1746 1897 3⁴⁹⁸·

127 1905 290 1991 quantum
307 1892 352 1961 sit
365 1885 592 1982 Sophistices.
641 1886 762 1983 ltaque
776 1911 878 1980 saepe
893 1885 983 1959 mihi
1035 1890 1078 1957 ad
1094 1886 1245 1957 maiores
1260 1902 1369 1973 artes,
1393 1919 1529 1975 enarret
1541 1862 1751 1993 (ι”ιειοκὟηιξ
1831 1932 1840 1950 .

127 2009 320 2067 nrnentem
341 1993 470 2064 ceteris
483 1992 624 2061 fabulae
639 1993 684 2059 de
701 1987 850 2075 Astrea,
876 2015 982 2085 quam
1034 2014 1090 2060 res
1110 2006 1242 2080 gestas,
1269 1992 1420 2065 illustret
1442 2015 1545 2077 artes:
1570 2011 1613 2085 ha

129 2100 255 2193 pulsam
276 2097 501 2181 civitatibus,
529 2109 646 2187 postea
664 2095 702 2163 in
721 2119 803 2163 rure
819 2095 883 2163 diu
897 2094 984 2163 soli·
1034 2092 1110 2163 Deo
1122 2093 1358 2184 gratissimum
1376 2099 1510 2170 cultum
1528 2132 1569 2197 pr

127 2201 236 2273 riculis
250 2200 470 2271 concionari.
524 2196 575 2267 lta
590 2194 682 2268 mihi
695 2198 838 2268 videtur
853 2222 982 2289 prope·
1007 2138 1011 2291 l
1034 2222 1140 2266 mano
1165 2198 1342 2287 praeclare
1367 2215 1540 2289 merctur3
1563 2236 1738 2303 conservat
1759 2186 1906 2313 “imam
1926 2227 1972 2274 ·....

127 2305 246 2397 rpulsa
264 2327 307 2372 ex
323 2303 433 2383 ardis,
461 2326 502 2370 ex
519 2302 616 2386 loro,
642 2326 683 2370 ex
698 2301 838 2392 templis
857 2315 892 2371 et
904 2301 983 2370 aliis
1008 2296 1011 2355 ἓ
1034 2326 1117 2368 nam
1133 2300 1358 2372 utilissimam
1373 2303 1481 2389 ritae,
1508 2305 1634 2385 format
1649 2346 1760 2401 mor„
1790 2280 1901 2423 'Plio
1970 2356 1979 2371 ι

127 2434 171 2477 un
201 2407 364 2477 coetibus
387 2408 531 2489 Astrea,
563 2400 630 2473 hoc
661 2418 731 2488 est,
764 2405 922 2475 veritatis
949 2417 983 2473 et
1007 2388 1011 2425 ¹
1034 2405 1192 2485 minum,
1223 2404 1352 2473 retinet
1377 2429 1518 2496 pacem,
1543 2413 1679 2503 mitigat
1701 2378 1920 2527 anulum?
1935 2390 2000 2467 lto.

127 2510 337 2594 edoctrina,
358 2504 475 2577 adhuc
490 2501 835 2577 haerereinscholis.
862 2506 982 2595 Quare
1036 2508 1140 2575 blica.
1191 2505 1280 2575 Tale
1302 2505 1393 2577 vitae
1416 2531 1526 2597 genus
1548 2490 1915 2621 ῐιοηε()1ιῃῃρ,ὃρθῗῇ1
1941 2510 2005 2567 ltu·

127 2615 205 2683 inus
228 2612 276 2682 sit
296 2606 505 2703 sophistices
527 2611 565 2678 in
582 2604 734 2694 scholis,
760 2635 867 2703 quam
882 2610 982 2693 alibi,
1035 2610 1190 2691 nastico,
1216 2612 1276 2680 sed
1293 2636 1374 2680 vere
1389 2611 1552 2682 divinum
1570 2629 1632 2688 est.
1883 2577 1916 2630 αἱ
1933 2600 2009 2651 ”“’·

127 2718 190 2787 mis
214 2739 328 2785 unum
354 2710 421 2783 hoc
443 2714 489 2783 sit
514 2714 671 2782 studium
694 2716 871 2783 eruendae
889 2713 982 2782 veri-
1135 2709 1259 2783 Cicero
1287 2708 1516 2804 reprehendit
1538 2714 1743 2805 Platonem,
1768 2739 1861 2817 quod
1881 2748 2002 2844 dixerit

129 2843 253 2891 umma
275 2819 352 2888 laus
376 2841 449 2887 esse
471 2816 614 2885 debebit
632 2816 725 2884 vitae
742 2812 981 2900 scholasticae,
1005 2788 1010 2849 Ι
1032 2810 1289 2907 Philosophus,
1316 2818 1452 2886 tametsi
1475 2818 1678 2893 abstineant
1698 2850 1716 2890 a
1733 2822 1884 2916 Reipub.

1633 1938 1713 2027 5¹⁴²,
1736 1948 1858 2045 u'flass:
1900 1964 1929 1983 '¹

1616 2048 1857 2143 ⁹⁶‘l¹¹ll‘·*.·„
1944 2050 1951 2071 ’

1570 2136 1783 2219 amabatis!
1838 2136 1873 2163 ’μ
1912 2146 1965 2175 ”““

1906 2833 2017 2933 adun]

127 2923 242 2993 ridem
269 2922 383 3009 imago
407 2921 580 3013 quaedam
602 2934 654 2988 est
672 2919 768 2987 illins
788 2919 980 2989 beatissimi
1033 2918 1253 3001 nistratione,
1279 2933 1398 2989 tamen
1416 2917 1526 2990 iustos
1543 2945 1627 3007 esse,
1647 2939 1792 3015 propter
1807 2924 1895 3003 hanc
1911 2944 2018 3034 ipsam

140 3028 180 3095 iu
200 3050 273 3118 quo
292 3048 399 3093 aurea
417 3024 477 3091 illa
495 3035 607 3092 aetate
625 3022 793 3091 vivebant
808 3017 981 3105 homines,
1034 3044 1240 3109 magnarum
1266 3046 1385 3091 rerum
1411 3023 1690 3117 inquisitionem.
1757 3026 1825 3097 Sed
1849 3030 1946 3109 Plato
1966 3076 2021 3123 (ρ,

129 3130 219 3211 luit,
242 3141 305 3197 aut
326 3139 418 3196 certe
441 3126 568 3195 victuri
587 3140 707 3207 erant,
733 3125 901 3196 siluisset
919 3125 980 3193 illa
1033 3124 1189 3193 ctissime
1214 3126 1334 3195 sensit.
1385 3121 1451 3196 Est
1475 3127 1572 3197 anim
1595 3127 1752 3211 iusticia,
1778 3154 1880 3199 suurn
1902 3160 2023 3227 quem,

127 3245 227 3314 retas,
251 3231 281 3299 si
303 3243 430 3299 natura
454 3221 643 3298 hominum
665 3227 788 3298 suisset
813 3227 981 3296 immunis
1033 3252 1102 3320 que
1123 3228 1279 3297 officium
1300 3228 1414 3298 facere
1432 3243 1466 3299 et
1482 3229 1636 3300 fructum
1652 3230 1727 3299 eius
1743 3230 1849 3300 officit
1867 3240 2023 3321 totalem,

127 3335 155 3405 ti
169 3334 247 3404 labe
266 3346 480 3403 etamorte.
533 3329 631 3420 Quid
649 3332 742 3399 enim
760 3344 845 3400 tunc
859 3332 980 3401 luisset
1033 3332 1076 3397 ad
1101 3354 1324 3399 communem
1351 3332 1499 3401 salutem
1523 3333 1661 3424 generis
1679 3328 1839 3402 lururani.
1894 3331 1934 3403 ld
1952 3366 2024 3411 rara.

127 3437 282 3520 minum,
304 3435 374 3503 nisi
390 3434 647 3504 iucundissima
664 3436 836 3527 quaedam
850 3428 981 3518 schola,
1005 3458 1008 3469 ·
1032 3433 1125 3500 xime
1154 3433 1238 3503 iacit
1268 3429 1530 3526 Philosophus,
1572 3436 1634 3527 qui
1665 3435 1873 3526 religiones,
1908 3461 2024 3513 rerum

134 3540 292 3611 seniores
316 3551 349 3607 et
368 3538 641 3630 praestantiores
658 3539 700 3606 de
717 3539 822 3605 rebus
837 3536 981 3621 divinis,
1004 3604 1008 3615 ,
1033 3550 1217 3617 araturam,
1243 3559 1365 3605 causas
1387 3539 1548 3605 omnium
1571 3534 1800 3607 honestorum
1818 3538 2029 3628 officiorum,

127 3668 181 3716 tra
209 3666 352 3726 rerum,
386 3643 430 3709 de
453 3640 716 3710 immortalitate
740 3634 979 3708 humanorum
1004 3634 1008 3755 p
1034 3639 1124 3725 leges
1147 3638 1316 3729 explicat,
1340 3653 1374 3708 ct
1391 3636 1453 3708 has
1471 3664 1526 3709 res
1542 3642 1681 3709 divinas
1697 3643 1843 3712 caeteris
1860 3641 2028 3731 impertit,

127 3770 205 3835 um,
240 3746 285 3813 de
306 3742 516 3814 coelestibus
537 3744 714 3821 motibus,
746 3744 789 3810 de
812 3742 980 3810 omnibus
1031 3755 1122 3809 artes
1145 3741 1316 3825 illustrat,
1342 3757 1403 3812 atrt
1426 3745 1543 3828 docet3
1570 3745 1725 3837 denique
1741 3746 1805 3836 qui
1819 3742 1976 3813 veritatis
1994 3761 2028 3817 et

127 3849 234 3919 neiis·
246 3847 450 3918 docuissent
472 3845 652 3937 reliquos?
703 3842 747 3913 ln
771 3841 835 3914 hac
854 3839 980 3913 Philo·
1032 3844 1187 3913 iustitiae
1205 3845 1403 3916 doctrinam
1428 3848 1589 3915 conlerrc
1607 3849 1651 3916 ad
1669 3848 1821 3917 aliorum
1837 3844 2027 3918 utilitatem

127 3966 154 4023 et
168 3947 378 4021 huiusmodi
392 3949 694 4042 disputationibus
716 3960 854 4037 tempus
875 3970 980 4016 omne
1004 3990 1007 4013 t
1033 3949 1160 4018 studet.
1196 3944 1269 4015 Nec
1285 3962 1450 4038 putemus
1465 3950 1591 4019 melius
1608 3951 1735 4020 mereri
1752 3954 1796 4020 de
1811 3973 1939 4041 genere
1958 3942 2027 4015 lm-

127 4056 282 4149 psissent
304 4051 460 4123 seniores
484 4066 518 4122 et
540 4051 711 4125 iuniores.
779 4048 852 4119 Nec
873 4049 979 4119 aliam
1032 4074 1138 4118 mano
1163 4049 1219 4117 vel
1243 4052 1438 4119 causidicos
1462 4051 1619 4146 aliquos,
1644 4056 1706 4145 qui
1731 4054 2027 4125 inlorocontro·

127 4157 223 4229 'uisse
238 4155 340 4226 Adae
358 4169 392 4225 et
406 4155 578 4223 similium
594 4154 799 4247 principum
820 4153 978 4222 virorum
1032 4152 1181 4236 versias,
1206 4166 1268 4223 ant
1289 4168 1490 4242 exponunt,
1517 4170 1576 4224 aut
1600 4157 1797 4239 dirimunt,
1823 4156 1879 4226 vel
1895 4152 2027 4224 aediles

181 4258 301 4329 Huius
327 4258 523 4329 beatissimi
553 4271 664 4329 status
695 4257 810 4345 imago
836 4269 885 4326 est
907 4255 978 4324 vita
1031 4255 1094 4347 qui
1122 4268 1249 4345 pontes
1281 4256 1419 4348 aliquos
1448 4257 1602 4341 farciunt,
1642 4260 1698 4329 vel
1727 4274 1940 4329 mercatores
1962 4256 2025 4348 qui

127 4362 202 4433 tica.
1001 4386 1006 4479 p
1033 4359 1126 4426 iusto
1160 4359 1276 4447 precio
1302 4383 1357 4427 res
1386 4360 1489 4428 utiles
1514 4361 1718 4451 important.
1782 4360 1895 4433 Recte
1917 4360 2026 4450 igitur

127 4466 166 4535 'xi
190 4463 398 4534 brevissime
421 4465 463 4532 de
482 4463 685 4533 necessitate
702 4474 735 4531 et
752 4463 796 4528 dc
813 4457 979 4530 utilitati·
1030 4459 1133 4531 Plato
1154 4462 1260 4544 dixit,
1293 4461 1403 4532 iustos
1426 4487 1499 4532 esse
1521 4458 1777 4557 Philosoplros,
1808 4466 1870 4559 qui
1894 4462 2026 4534 doctri-

127 4572 218 4637 ‚dam
234 4568 339 4637 etiam
356 4569 400 4635 de
416 4566 599 4635 sanctitate
617 4560 723 4634 huius
741 4565 844 4633 vitae.
887 4560 978 4630 Nul-
1032 4588 1113 4631 nam
1137 4564 1260 4633 utilem
1287 4564 1379 4633 vitae
1403 4568 1562 4636 tradunt.
1614 4567 1696 4637 Non
1714 4570 1818 4657 gessit
1836 4565 2024 4657 Magistra-

128 4699 149 4741 o
175 4671 309 4761 gratius
333 4684 383 4740 est
407 4669 583 4749 officium,
621 4691 728 4761 quam
754 4665 913 4735 veritatis
944 4677 979 4734 et
1031 4680 1087 4735 tus
1106 4664 1292 4749 Isocrates,
1318 4670 1377 4734 sed
1403 4670 1561 4736 consiliis
1585 4671 1658 4739 suis
1678 4670 1889 4759 gubernavit
1908 4670 2025 4760 impe-

127 4772 372 4844 estndiumet
394 4774 613 4863 propagatio.
672 4770 764 4840 Nam
787 4765 872 4837 haec
894 4780 978 4836 sunt
1030 4782 1182 4838 ratocem
1216 4769 1497 4839 laudatissimum
1520 4768 1773 4861 Timotheum,
1803 4786 1837 4842 et
1858 4771 2026 4843 formavit

127 4904 165 4949 aa
182 4874 251 4944 Dei
265 4876 377 4959 dona,
405 4876 442 4942 in
459 4876 589 4968 quibus
606 4871 672 4942 Dei
688 4870 885 4965 praesentia
901 4894 977 4938 ma·
1030 4872 1171 4963 ingenia
1194 4872 1411 4956 multorum,
1438 4876 1501 4967 qui
1527 4891 1644 4965 postea
1669 4878 1679 4944 i
1686 4903 1708 4944 n
1725 4874 1865 4967 Repub.
1890 4877 2025 4969 princi·

131 4980 189 5050 rni
214 4990 337 5068 potest.
388 4974 485 5045 llaec
508 4975 604 5048 Deras
625 4977 812 5068 praecipue
835 4996 977 5041 conser—
1030 4999 1091 5066 pes
1121 4975 1322 5045 extiterunt.
1388 4974 1462 5044 Nec
1493 4979 1623 5048 melius
1646 4981 1690 5047 de
1709 4977 1851 5071 Repnb.
1877 4980 2025 5050 meritus

127 5083 254 5162 stulat,
281 5080 354 5148 imo
380 5081 423 5148 ad
449 5076 544 5148 hunc
562 5081 666 5148 finem
685 5077 873 5169 praecipue
890 5100 976 5144 con·
999 5048 1004 5149 l
1029 5092 1081 5148 est
1103 5072 1296 5148 Aeschines
1320 5078 1540 5159 causidicus,
1574 5106 1680 5174 quam
1704 5078 1933 5163 Aristoteles,
1960 5080 2024 5175 qui

132 5201 147 5260 t
169 5182 355 5263 homines,
381 5197 421 5251 ut
440 5183 501 5250 alii
518 5182 606 5251 alios
624 5184 770 5252 doceant
789 5181 833 5249 de
849 5179 925 5250 Deo
942 5191 975 5248 ct
999 5152 1003 5205 ¹
1028 5181 1092 5251 etsi
1118 5205 1182 5249 nec
1207 5178 1435 5269 Magistratus
1457 5184 1581 5271 gessit,
1612 5208 1676 5252 nec
1699 5209 1820 5255 causas
1846 5186 1936 5276 egit,
1970 5200 2024 5255 ta·

127 5313 185 5363 >us
209 5285 325 5357 bonis.
378 5282 436 5353 Aa
460 5280 552 5353 hanc
574 5286 764 5356 utilitatem
787 5282 907 5352 addita
924 5296 976 5352 est
1027 5308 1110 5354 meu
1133 5279 1375 5353 Alexandrum
1399 5296 1433 5351 et
1455 5285 1587 5353 multos
1610 5287 1699 5355 alios
1716 5286 1899 5380 Principes
1921 5284 2024 5356 linxit

130 5387 335 5465 shumano
358 5389 476 5477 generi
495 5388 670 5459 sermonis
686 5383 975 5458 communicatio.
1026 5388 1072 5456 ad
1112 5386 1289 5457 iusticiam
1320 5398 1354 5456 et
1381 5384 1662 5458 beneficentiam.
1740 5388 1882 5461 Deinde
1915 5386 2023 5460 hodie

127 5518 200 5571 non
230 5490 385 5563 dubium
415 5504 484 5578 est,
522 5492 611 5586 quin
641 5485 710 5561 hoc
735 5489 829 5563 vitae
850 5510 974 5587 genus,
1027 5488 1134 5561 etiam
1164 5490 1255 5560 bene
1286 5501 1442 5558 meretur
1463 5490 1517 5560 de
1540 5486 1685 5583 Repub.
1714 5492 1861 5588 reliquit
1892 5516 2024 5565 mouu-
