4664 6022
83 331 162 406 ooo
523 328 681 412 ouen
720 328 1167 410 uuotomraru
1197 328 1381 409 sarrs
1414 328 1698 456 unorcau
2058 344 2135 418 o1o

80 510 250 595 monebo,
275 521 315 580 ut
329 505 368 577 in
385 520 480 578 tanta
497 494 728 578 multitudine
741 506 982 578 diversitatem
995 529 1081 580 usus
1132 504 1181 580 Ut
1197 530 1302 598 saepe
1319 504 1520 577 levi·errato
1539 506 1734 598 periculum
1756 509 1861 581 letale
1884 505 2048 584 homines
2073 517 2131 586 io·

79 635 124 681 ac
145 611 275 681 virium
300 611 460 682 iuniores
485 608 781 701 contemplentur.
832 605 1082 702 Eupatorium,
1132 624 1235 681 caute
1256 609 1327 680 sibi
1351 620 1550 679 accersunt:
1575 609 1625 680 ita
1652 625 1818 681 econtra
1843 636 1946 703 sagas
1970 618 2131 690 medicus

78 706 257 808 κιχώριον
270 726 368 804 grata
386 727 469 784 sunt
480 712 589 804 epati;
617 707 773 799 Philitis‚
799 713 999 805 asplenum‚
1025 727 1081 785 ta·
1130 734 1233 805 saepe
1249 711 1366 782 letalia
1385 711 1542 804 pericula
1565 712 1732 782 remediis
1755 717 1949 786 admodum
1973 720 2130 809 vulgari.

79 818 214 901 macir,
240 816 433 901 teucrium,
460 813 588 905 spleni.
1129 815 1198 885 bus
1214 814 1370 889 discutit.
1421 811 1475 883 Ac
1498 815 1655 905 exempla
1679 815 1826 887 recitare
1843 818 1954 889 multa
1975 843 2129 910 possem.

130 942 140 957 ·
181 920 336 1001 Crocus,
360 917 525 1004 santalis,
553 916 733 1000 libanotis,
759 917 917 1002 cirsium,
942 915 1079 1003 coralli,
1129 915 1199 988 Sed
1216 917 1347 1010 opinor
1370 916 1559 1010 plerosque
1574 941 1615 986 ex
1630 917 1734 988 vobis
1756 919 1868 990 multa
1890 934 1967 991 tum
1990 924 2129 1015 legisse,

76 1040 228 1103 aurum,
256 1021 365 1091 cordi.
416 1017 625 1103 Artemisia,
653 1021 812 1102 melissa,
838 1014 1080 1114 parthenium,
1129 1033 1206 1091 tum
1222 1018 1410 1090 audivisse.
1591 1097 1595 1106 Ι

76 1125 282 1219 pulegium,
306 1122 537 1217 lymnesium,
563 1120 714 1192 matrici.
1230 1118 1321 1192 Cum
1337 1120 1447 1210 igitur
1461 1144 1519 1191 ars
1541 1119 1730 1192 utilissima
1756 1121 1802 1192 sit
1817 1123 1909 1195 vitae
1928 1126 1973 1196 ad
1989 1128 2128 1199 valetu-

183 1219 437 1320 Glycyrrhiza,
462 1223 543 1308 iris,
569 1224 747 1314 prasium,
773 1223 949 1314 pulmoni.
1128 1223 1250 1293 dinem
1273 1224 1464 1309 tuendam,
1495 1235 1531 1294 et
1555 1224 1750 1316 plurimum
1774 1226 1956 1316 dignitatis
1981 1247 2128 1322 propter

181 1327 378 1423 Hyssopus,
401 1320 595 1407 helenium,
620 1326 817 1414 adiantum,
839 1322 1079 1414 chamaeleon,
1127 1325 1362 1395 maximarum
1388 1348 1506 1394 rerum
1530 1326 1713 1397 scientiam
1738 1320 1884 1408 babeat,
1919 1345 1952 1400 et
1981 1331 2125 1404 laudata

73 1431 224 1526 pectori.
1125 1427 1172 1497 sit
1191 1425 1390 1519 praeconiis
1412 1426 1565 1514 divinis,
1590 1431 1682 1500 etde
1706 1430 1930 1521 providentia
1951 1449 2126 1507 monstret
2249 1472 2253 1478 ·

181 1530 319 1618 Salvia,
349 1553 550 1617 amaracus,
579 1552 696 1614 rosae,
727 1524 987 1627 helicbrysum,
1017 1555 1077 1602 ce-
1124 1529 1280 1601 illustria
1305 1528 1529 1616 testimonia,
1558 1533 1810 1623 expetendam,
1843 1540 2123 1624 cognoscendam

72 1636 197 1709 rebro.
1125 1645 1160 1703 et
1174 1634 1414 1703 venerandam
1434 1655 1525 1717 esse,
1551 1656 1626 1702 non
1642 1633 1792 1703 dubium
1810 1648 1872 1710 est.
2215 1640 2220 1649 '

179 1732 426 1818 Foeniculum,
449 1727 664 1819 chelidonia,
689 1728 924 1829 euphrosyne,
951 1736 1076 1806 oculis.
1228 1732 1336 1824 Quod
1354 1756 1434 1803 cum
1450 1733 1498 1804 ita
1513 1734 1579 1818 sit,
1611 1728 1727 1805 honos
1745 1736 1853 1806 etiam
1869 1737 2020 1809 debetur
2035 1738 2122 1808 viris
2173 1792 2179 1811 .

178 1838 320 1918 Malva,
346 1836 565 1924 melilotum,
590 1833 837 1921 chamaeleon,
862 1839 992 1908 nervis.
1124 1835 1230 1906 bonis
1253 1849 1287 1908 et
1314 1834 1485 1921 eruditis,
1524 1835 1588 1929 qui
1617 1849 1651 1907 et
1676 1838 1914 1928 amplissimae
1937 1840 2123 1910 doctrinae

176 1940 408 2014 Scammonea
431 1951 464 2009 et
485 1934 745 2011 rbabarbarum
768 1934 915 2011 trabunt
935 1941 1074 2034 praeci·
1123 1942 1286 2011 custodes
1307 1950 1341 2008 et
1365 1951 1614 2030 propagatores
1628 1954 1732 2026 sunt,
1758 1953 1792 2010 et
1810 1963 1913 2035 saepe
1930 1938 2120 2013 bominum

75 2068 146 2139 pue
160 2045 288 2114 flavam
306 2042 428 2114 bilem.
1123 2041 1217 2113 vitae
1231 2040 1466 2132 opitulantur.

171 2144 375 2236 Agaricum,
399 2140 595 2235 tripolium,
616 2142 706 2228 alui,
732 2139 880 2215 trahunt
895 2143 1073 2238 phlegma.
1222 2140 1371 2235 Semper
1392 2143 1430 2212 in
1456 2138 1524 2212 hoc
1548 2142 1675 2213 ordine
1699 2145 1871 2236 possessio
1892 2145 1960 2216 luit
1983 2146 2119 2238 praeci-

173 2247 433 2344 Polypodium,
459 2246 617 2326 colotes,
644 2240 792 2317 trabunt
815 2260 929 2317 atram
951 2248 1072 2322 bilem.
1121 2267 1273 2337 puarum
1289 2238 1542 2336 Philosophiae
1568 2246 1734 2336 partium.
1784 2244 1833 2318 Et
1852 2249 2009 2318 arbitror
2033 2250 2118 2319 inde
2191 2233 2204 2265 '

176 2351 247 2423 Sed
264 2346 484 2420 enumeratio
500 2348 641 2437 longior
656 2372 729 2418 nou
747 2362 798 2419 est
815 2342 921 2419 huius
941 2349 1020 2420 loci.
1121 2369 1233 2441 usque
1249 2370 1270 2417 a
1285 2346 1410 2440 primis
1424 2347 1601 2440 patribus,
1625 2348 1671 2416 ab
1688 2344 1825 2434 Adam,
1848 2344 1974 2435 Noha,
1999 2346 2117 2421 Abra·

175 2450 280 2521 Hanc
300 2464 419 2520 autem
452 2448 740 2520 distributionem
771 2474 862 2543 pene
893 2451 1070 2523 infinitam
1122 2443 1224 2534 ham,
1250 2443 1396 2542 loseph,
1421 2463 1649 2541 propagatam
1671 2472 1745 2519 esse
1759 2451 1958 2521 doctrinam
1975 2452 2020 2521 de
2036 2475 2117 2522 coe-

71 2558 217 2637 virium,
238 2572 329 2645 quae
344 2562 379 2621 et
396 2549 433 2619 in
451 2549 633 2641 speciebus
649 2565 767 2624 manet
782 2566 964 2645 perpetua,
987 2574 1069 2627 casu
1119 2551 1269 2623 lestibus
1286 2552 1453 2638 motibus,
1478 2567 1513 2622 et
1529 2554 1574 2622 de
1590 2551 1769 2637 remediis,
1793 2553 1832 2621 iu
1848 2552 1995 2625 familiis
2013 2579 2116 2647 prae-

70 2656 245 2738 extitisse,
270 2675 494 2747 nequaquam
512 2666 789 2724 consentaneum
806 2669 869 2728 est.
1119 2655 1369 2725 stantioribus:
1396 2666 1432 2725 et
1450 2667 1631 2747 utcunque
1645 2653 1778 2724 deinde
1793 2657 1839 2725 ab
1855 2655 1919 2741 iis,
1946 2655 2008 2749 qui
2029 2681 2115 2749 pro·

175 2752 326 2826 Etcum
350 2756 576 2824 manifestum
594 2755 659 2840 sit,
682 2757 852 2847 artificem
869 2757 1067 2830 intuentem
1118 2755 1271 2827 sessione
1282 2755 1410 2826 medici
1425 2755 1588 2841 luerunt,
1621 2769 1877 2830 conservatam.

71 2857 258 2927 hominum
278 2869 461 2937 naturam,
486 2850 621 2926 baecei
639 2857 856 2929 adminicula
874 2861 1068 2948 addidisse,
1219 2855 1286 2929 Est
1309 2870 1427 2929 autem
1453 2881 1517 2949 per
1537 2879 1612 2927 sese
1633 2881 1803 2948 magnum
1826 2861 1933 2931 decus
1956 2860 2114 2951 cognitio
2181 2875 2188 2885 ’

68 2961 173 3031 adlici
190 2982 271 3030 eum
287 2982 370 3030 cura
387 2957 526 3048 generis
542 2953 690 3031 humaui
710 2983 850 3030 necesse
867 2976 929 3038 est.
1117 2973 1188 3031 tam
1203 2960 1394 3031 multarum
1411 2982 1533 3032 rerum
1547 2972 1707 3029 motuum
1722 2961 1938 3047 coelestium,
1959 2963 2114 3033 fabrica-

37 3146 41 3153 ,
173 3061 271 3151 Quid
289 3072 341 3131 est
367 3074 483 3130 autem
504 3054 688 3130 honestius
713 3076 748 3132 et
773 3057 911 3132 homini
934 3087 1065 3133 conve·
1117 3062 1227 3132 tionis
1251 3056 1401 3131 humaui
1432 3061 1592 3152 corporis
1619 3083 1823 3146 causarum,
1853 3079 1998 3156 propter
2023 3089 2112 3159 quas

66 3165 238 3248 nientius,
254 3186 359 3257 quam
378 3162 416 3231 in
434 3175 562 3233 natura
577 3173 804 3256 quaerentem
816 3165 1066 3255 vestigiadivi-
1115 3163 1205 3234 liunt
1228 3161 1455 3235 alterationes
1476 3162 1516 3231 in
1538 3162 1767 3254 corporibus,
1794 3165 1879 3236 item
1901 3168 2111 3239 morborum

66 3268 210 3352 uitatis,
236 3266 445 3335 confirmare
469 3287 588 3333 veram
610 3265 655 3335 de
676 3265 901 3357 providentia
922 3279 1064 3337 senten·
1114 3278 1149 3337 et
1166 3267 1419 3339 remediorum.

66 3370 171 3455 bam,
193 3390 381 3460 agnoscere
396 3364 511 3437 Deum
533 3364 716 3456 opificem,
743 3380 779 3438 et
798 3369 979 3439 custodem
1003 3392 1063 3459 ge-
1213 3367 1284 3440 Sed
1304 3369 1418 3440 multo
1441 3368 1557 3439 maius
1580 3370 1687 3439 decus
1709 3380 1781 3455 est,
1807 3364 1901 3441 banc
1925 3370 2110 3442 scientiam

67 3472 163 3541 ueris
186 3466 352 3550 humani,
379 3483 414 3539 et
435 3468 633 3557 intelligere
655 3469 761 3538 talem
779 3492 853 3538 esse
870 3468 937 3541 Dei
961 3494 1064 3540 men-
1112 3469 1155 3539 ad
1171 3470 1321 3541 salutem
1337 3465 1525 3539 homiuum
1542 3472 1746 3555 translerre.
1797 3470 1881 3542 ldeo
1898 3471 1994 3542 enim
2010 3470 2110 3544 Dens

65 3584 190 3645 temet
206 3574 442 3656 voluntatem,
468 3571 610 3664 qualem
624 3593 661 3640 se
677 3571 847 3661 expressit
862 3571 900 3640 in
918 3595 958 3642 ea
974 3571 1063 3660 luce,
1113 3571 1308 3664 impertivit
1322 3573 1442 3663 generi
1458 3568 1615 3643 humano
1629 3573 1856 3666 sapientiam:
1883 3574 2052 3666 primum,
2068 3588 2109 3645 ut

61 3700 173 3771 qrsam
190 3675 228 3743 in
243 3699 307 3744 nos
323 3674 526 3757 transfudit,
549 3697 590 3743 ac
606 3673 807 3742 discernere
823 3697 904 3745 eum
921 3697 940 3744 a
959 3675 1063 3747 malis
1112 3673 1205 3766 ipse,
1231 3674 1294 3768 qui
1309 3689 1361 3746 est
1377 3675 1457 3745 fons
1472 3674 1685 3766 sapientiae,
1713 3689 1937 3767 agnoscatur:
1966 3677 2109 3764 deiude,

61 3779 216 3862 naturis,
243 3778 280 3846 in
295 3775 426 3871 quibus
440 3774 577 3846 ordinis
592 3774 754 3846 conlusio
770 3789 833 3861 est,
858 3789 893 3847 et
908 3776 1061 3867 dirigere
1112 3788 1150 3845 ut
1165 3777 1331 3848 salutaris
1344 3776 1390 3847 sit
1406 3777 1692 3870 qrramplurimis.
1742 3773 1790 3848 Et
1806 3778 1868 3871 qui
1884 3773 1977 3849 banc
1993 3793 2107 3852 artem

24 3880 27 3885 ’
59 3881 213 3954 consilia
231 3893 266 3950 et
283 3901 400 3950 mores
420 3880 465 3948 sd
484 3878 582 3947 illam
605 3902 767 3949 normam
784 3877 823 3948 in
839 3892 958 3951 ruente
974 3903 1061 3949 con·
1110 3878 1262 3949 fideliter
1279 3892 1459 3964 exercent,
1485 3879 1524 3948 in
1541 3873 1598 3949 his
1613 3903 1751 3951 necesse
1768 3893 1820 3951 est
1836 3881 2015 3972 copulatas
2032 3904 2106 3951 esse

58 3996 247 4078 grueutem
261 4005 343 4052 cum
361 4004 484 4051 norma
501 3979 636 4053 diviua.
1109 3980 1240 4051 multas
1256 3982 1425 4060 virtutes,
1450 3980 1702 4065 eruditionem,
1727 3981 1961 4071 diligentiam,
1985 3983 2107 4068 tidem,

165 4084 262 4155 llaec
275 4080 428 4152 maxime
440 4082 636 4152 sectsodum
653 4094 816 4154 naturam
830 4105 916 4168 esse,
936 4107 1060 4154 omues
1107 4082 1372 4169 assiduitatem,
1398 4082 1642 4175 prudentiam,
1671 4082 1895 4153 tolerantiam
1918 4083 1957 4152 iu
1980 4084 2105 4155 irruitis

55 4187 139 4262 sani
163 4186 386 4276 intelligunt:
413 4207 487 4253 non
511 4182 572 4254 illa
589 4180 798 4277 Cyclopira,
821 4209 913 4278 quae
936 4185 1061 4256 luren-
1107 4184 1267 4256 molestis
1283 4187 1389 4258 rebus
1404 4185 1636 4276 perferendis.
1689 4183 1770 4253 'l'ali
1795 4185 1933 4256 medico
1951 4185 2105 4257 iustissi-

55 4304 115 4365 ter
144 4289 342 4359 defendunt
369 4282 558 4378 Epicurei,
597 4286 717 4356 outasia
744 4290 829 4357 easu'
858 4310 901 4355 es
931 4288 1060 4358 atomis
1108 4310 1206 4356 snum
1222 4300 1274 4359 est
1288 4287 1388 4358 omni
1404 4309 1532 4377 genere
1545 4285 1653 4356 officii
1671 4286 1796 4356 relerri
1813 4288 1975 4377 gratiam.

55 4392 211 4467 coullata
227 4413 322 4474 esse,
347 4389 433 4459 ferri
450 4400 485 4459 et
508 4387 680 4458 conlundi
698 4388 818 4458 omnia
839 4387 917 4457 sine
932 4391 1059 4460 ordine
1209 4386 1281 4460 Sed
1297 4413 1371 4460 non
1388 4401 1527 4459 tantum
1544 4388 1641 4477 vulgi
1657 4388 1876 4478 ingratitudo
1894 4391 1932 4457 in
1951 4386 2018 4459 hoc
2040 4412 2103 4476 ge·

53 4496 184 4569 etsine
199 4507 317 4565 mente
331 4492 496 4575 rectrice,
522 4515 562 4559 ac
579 4489 731 4560 subiode
745 4491 835 4559 alios
851 4492 1004 4561 mundos
1022 4507 1058 4564 et
1107 4513 1191 4559 uere
1207 4512 1333 4580 magna
1348 4503 1418 4580 est,
1443 4491 1505 4559 sed
1522 4487 1627 4559 etiam
1643 4504 1841 4581 potentum.
1894 4488 1941 4560 Et
1962 4491 2019 4559 vix
2037 4490 2101 4559 alii

53 4599 146 4671 alias
169 4595 300 4688 species
325 4592 424 4666 oriri.
476 4590 628 4663 Talibus
651 4592 834 4663 furoribus
858 4615 1058 4683 repugnare
1105 4592 1245 4684 saepius
1267 4592 1501 4685 experiuntur
1520 4615 1645 4661 verum
1671 4592 1895 4662 essedictum
1912 4592 2101 4663 usitatumr

54 4725 133 4772 uon
158 4698 274 4768 solum
300 4695 493 4787 sapientia,
529 4693 719 4764 sedetiam
744 4693 917 4766 excellens
942 4696 1056 4765 virtus
1106 4706 1184 4779 post
1207 4718 1339 4765 munus
1361 4692 1460 4764 illico
1485 4695 1635 4764 senescit
1657 4694 1789 4783 gratia,
1823 4718 1928 4786 qcram
1958 4693 2101 4769 medici.

53 4817 127 4888 est,
150 4814 249 4891 grata
265 4796 358 4883 Deo,
385 4811 419 4868 et
442 4821 506 4891 pro
525 4820 595 4891 qua
612 4798 811 4868 redduntur
825 4796 981 4888 praemia
998 4798 1056 4866 di·
1103 4793 1226 4865 Bonae
1251 4810 1388 4866 mentes
1412 4809 1531 4866 tamen
1555 4795 1780 4866 considerent
1802 4795 1979 4886 primum,
2011 4794 2100 4888 quid

51 4905 203 4977 viuitus.
257 4896 306 4971 Ut
328 4913 445 4970 autem
467 4914 501 4970 et
525 4898 727 4969 evidentius
743 4899 889 4969 refutari
907 4900 1055 4985 vanitas,
1103 4893 1180 4967 Deo
1194 4899 1310 4968 autori
1326 4899 1420 4969 vitae
1434 4909 1469 4968 et
1485 4898 1727 4966 remediorum
1743 4897 1909 4967 debeant.
1959 4893 2101 4969 Deinde

50 5020 89 5080 et
118 5006 253 5077 maiore
282 5001 394 5073 animi
426 5001 623 5072 constantia
654 5000 771 5068 rabies
790 4995 1052 5092 Epicureorum
1101 5022 1209 5091 quiam
1224 5014 1427 5071 reverenter
1441 5002 1485 5069 de
1499 5000 1661 5069 doctriua
1677 4999 1904 5069 sentiendum
1921 4997 1976 5070 sit.
2027 4996 2102 5068 Po·

49 5109 184 5205 possit,
216 5104 416 5198 aspectione
437 5099 668 5196 pulcherrimi
692 5102 830 5171 ordinis
853 5101 890 5170 in
914 5116 1052 5188 natura,
1101 5113 1194 5186 stea,
1218 5102 1306 5196 quid
1323 5099 1458 5170 Medici
1473 5100 1678 5184 laboribus,
1703 5100 1806 5183 fidei,
1835 5112 1869 5169 et
1890 5099 2019 5171 officiis
2035 5102 2102 5170 de-

49 5213 92 5284 in
115 5210 296 5282 mentibus
322 5207 501 5299 persuasio
525 5207 570 5275 de
600 5203 822 5296 providentia
851 5204 1053 5293 diligentis-
1100 5202 1238 5277 beatur.
1277 5201 1375 5273 llaec
1392 5224 1473 5272 cum
1489 5214 1698 5294 reputarent
1713 5201 1886 5291 sapientes
1901 5199 2101 5294 Principes,

48 5315 141 5388 sime
164 5310 404 5383 confirmanda
431 5321 503 5393 est,
527 5331 630 5399 saepe
650 5306 946 5396 contemplandae
964 5319 1050 5377 suot
1100 5303 1138 5372 in
1161 5328 1289 5395 magno
1314 5298 1451 5374 bonore
1466 5305 1562 5394 apud
1582 5325 1642 5373 eos
1657 5303 1788 5373 medici
1808 5305 1974 5388 luerunt,
2001 5306 2098 5395 apud

48 5431 199 5488 naturae
214 5425 350 5506 partes,
375 5409 617 5481 membrorum
632 5409 837 5493 fabricatio,
861 5407 1050 5500 experien-
1097 5400 1286 5477 Ezechiam
1303 5402 1439 5491 Esaias,
1463 5406 1559 5498 apud
1573 5403 1723 5476 Darium
1739 5402 1969 5490 Democedes,
1990 5427 2098 5498 quem

47 5520 99 5593 tia
114 5518 334 5610 respondens
349 5512 533 5594 doctrinae
551 5513 588 5581 iu
605 5536 673 5584 usu
695 5510 1044 5591 medicamentorum,
1070 5545 1077 5580 ι
1096 5508 1235 5580 remisit
1251 5507 1291 5579 io
1313 5509 1465 5603 patriam
1487 5519 1633 5580 onerata
1656 5507 1742 5579 navi
1764 5532 1854 5580 sura
1875 5529 1917 5579 ac
1933 5520 2099 5599 argentos
