4664 6022
76 632 83 641 ,
156 605 327 637 Μ

141 339 217 413 ott

156 511 223 584 No,
243 510 327 582 121.
966 524 1016 566 an.
1033 501 1128 565 1550.

965 592 1135 620 Μ

259 698 336 782 De
356 689 571 807 partibus
587 699 635 772 et
653 685 847 773 motibus
864 682 1027 767 cordis.

217 871 247 926 ln
260 870 350 924 select.
365 867 488 922 Declam.
504 862 591 918 T.1V.
610 884 635 933 p.
651 862 703 916 293
713 879 785 931 sqq,
803 859 918 913 Servest.
933 858 967 910 T.
982 858 1029 911 lV.
1049 877 1075 928 p.
1085 857 1145 912 265.

250 950 277 993 ct
292 937 419 992 Richard.
430 935 465 990 Τ.
476 935 508 989 ll.
528 953 556 1018 p.
570 934 626 986 191.
644 961 681 972 —
717 931 822 1001 Mylius
840 932 868 981 in
888 929 1049 997 chronolog.
1066 928 1146 981 Scri·

252 1019 362 1080 plorum
377 1005 443 1061 Mel.
456 1007 550 1060 retulit
564 1004 635 1058 hanc
649 1011 717 1056 orat.
732 1003 766 1054 ad
779 1017 882 1053 annum
900 999 976 1051 toto.

150 1174 280 1243 Oratio
305 1166 351 1240 de
371 1164 546 1260 partibus
569 1173 607 1236 et
623 1161 786 1237 motibus
805 1157 952 1254 cordis3
977 1164 1147 1230 recitato

369 1293 393 1342 a
421 1271 469 1343 D.
495 1265 665 1341 Iacobo
692 1262 924 1340 Milichio.

149 1413 263 1497 Initio
279 1422 362 1505 tibi,
388 1421 644 1513 omnipotenti,
673 1421 754 1488 vivo
772 1433 806 1489 ct
822 1440 903 1485 vero
919 1413 1008 1495 Deo,
1036 1429 1148 1484 aeter-

150 1551 199 1596 no
234 1526 323 1616 patri
355 1522 502 1594 Domini
533 1524 647 1594 nostri
679 1522 758 1591 lesu
781 1514 934 1602 Christi,
969 1519 1146 1588 conditori

49 1706 55 1723 ,
151 1628 241 1698 coeli
259 1640 291 1696 et
305 1641 440 1707 terrae,
471 1641 505 1696 et
532 1622 718 1695 hominum
741 1638 776 1693 et
794 1623 945 1690 aliarum
970 1634 1148 1688 creatura·

152 1754 253 1810 rum,
279 1753 350 1797 una
368 1754 447 1798 cum
464 1728 537 1797 filio
553 1748 614 1798 tuo
632 1727 786 1798 Domino
806 1739 927 1793 nostro
946 1718 1147 1792 lesu‘Chri-

151 1845 222 1912 sto,
255 1832 421 1901 crucifixo
454 1855 517 1919 pro
547 1830 651 1901 nobis
679 1842 713 1899 et
738 1828 962 1908 resuscitato,
989 1817 1090 1922 λόγῳ
1116 1839 1148 1893 et

153 1934 255 2003 icone
277 1947 355 2016 tua,
382 1947 416 2003 et
431 1933 568 2023 Spiritu
582 1945 725 2017 sancto,
752 1930 920 2021 sapienti,
949 1930 1061 2010 bono,
1090 1953 1148 1995 ve-

154 2036 246 2119 raci,
271 2035 380 2118 iusto,
407 2049 519 2120 casto,
544 2035 673 2116 iudici,
705 2030 945 2103 conservatori
972 2026 1149 2098 Ecclesiae

38 2135 43 2145 ’
153 2151 254 2226 tuae,
280 2137 409 2225 gratias
426 2160 490 2226 ago
508 2151 581 2208 toto
599 2148 750 2228 pectore,
777 2135 873 2228 quod
890 2127 1062 2202 hactenus
1079 2133 1149 2201 cle-

155 2253 292 2308 menter
312 2263 378 2308 nos
399 2240 593 2331 protexisti.
648 2236 773 2331 Teque
790 2261 854 2307 oro
873 2249 1019 2328 propter
1038 2235 1148 2304 filium

153 2355 275 2425 tuum,
302 2353 335 2410 et
347 2354 428 2411 tuae
441 2342 573 2430 gloriae
588 2331 711 2425 causa,
737 2364 782 2409 ne
798 2340 893 2409 sinas
909 2339 946 2405 in
964 2333 1019 2405 his
1036 2339 1149 2427 regio-

154 2445 262 2513 nibus
280 2444 437 2533 extingui
453 2440 598 2514 honesta
615 2443 797 2513 doctrinae
812 2441 945 2514 studim

258 2543 307 2616 Ut
324 2558 440 2615 autern
456 2549 499 2615 ad
517 2547 705 2616 utilitatem
722 2544 918 2615 iuventutis
940 2543 1076 2637 aliquid
1095 2545 1152 2611 di-

35 2706 40 2719 ,
157 2671 294 2729 camus,
321 2648 434 2739 delegi
459 2640 525 2718 hoc
546 2662 706 2739 tempore
720 2647 993 2738 descriptionem
1023 2647 1151 2726 cordis,

112 2844 115 2850 Ι
158 2774 264 2843 quam
285 2767 466 2844 utcunque
490 2750 690 2821 iunioribus
711 2773 902 2843 exponam,
928 2763 968 2818 ut
990 2751 1151 2819 conside-

158 2853 249 2921 ratio
266 2854 341 2920 eius
357 2854 401 2921 de
417 2851 483 2920 Dei
505 2853 673 2931 consilio,
700 2869 734 2922 et
750 2855 793 2920 dc
816 2851 1006 2920 affectuum
1029 2853 1153 2921 mode-

159 2955 295 3022 ratione
320 2955 459 3046 aliquos
484 2954 786 3023 commonefaciat.
838 2952 944 3023 Scitis
969 2953 1064 3020 enim
1086 2976 1152 3022 nos

137 3060 139 3065 ’
159 3057 198 3123 in
213 3050 270 3125 his
286 3057 547 3145 congressibus,
572 3056 658 3124 alias
674 3058 718 3125 de
733 3055 799 3124 alia
818 3069 965 3123 naturae
980 3070 1079 3146 parte
1096 3056 1153 3123 di-

160 3180 256 3241 cere,
288 3182 367 3226 cum
388 3158 426 3226 in
447 3170 543 3228 tanta
568 3158 804 3248 amplitudine
826 3169 988 3240 naturae,
1025 3159 1153 3227 multas

160 3274 275 3350 partes
293 3248 399 3329 simul
424 3260 608 3349 complecti
631 3283 703 3328 non
730 3261 912 3351 possimus.
968 3256 1020 3328 Ac
1038 3284 1153 3351 nuper

161 3360 198 3428 in
221 3385 347 3450 genere
371 3364 414 3430 de
436 3362 598 3430 doctrina
626 3361 822 3431 anatomica
849 3360 1023 3446 diximus,
1058 3375 1092 3432 et
1114 3376 1153 3432 ut

160 3465 203 3532 ad
224 3486 299 3531 eam
319 3463 520 3532 discendam
544 3462 700 3532 iuniores
717 3458 1007 3547 adhortaremur,
1033 3488 1153 3534 causas

161 3589 235 3634 non
259 3565 352 3633 leves
377 3564 621 3645 recitavimus,
655 3561 847 3635 necessaria
870 3581 921 3636 est
944 3566 1038 3633 enim
1068 3561 1153 3635 hacc

161 3667 316 3754 cognitio
331 3669 515 3753 omnibus,
540 3669 635 3738 etad
655 3671 822 3739 tuendam
841 3668 1093 3748 valetudinem,
1120 3681 1152 3737 et

160 3771 205 3837 ad
225 3768 453 3857 depellendos
478 3771 633 3842 morbos.
686 3768 838 3838 Mirifice
864 3794 947 3838 vero
969 3771 1154 3839 confirmat

139 3869 199 3954 ¹in
227 3872 357 3939 nostris
381 3871 560 3942 mentibus
584 3871 829 3940 adsensionem
854 3872 897 3939 de
919 3872 1153 3962 providentia,

161 3996 244 4039 nam
263 3967 354 4041 hanc
376 3986 510 4042 tantam
531 3986 642 4043 artem
661 3974 698 4042 in
721 3969 886 4043 machina
907 3968 1056 4043 humani
1075 3999 1153 4044 cor-

161 4073 274 4164 poris,
309 4089 343 4143 et
363 4076 525 4143 ordinem
558 4076 778 4165 singularum
802 4077 955 4166 partium
980 4091 1013 4146 et
1043 4077 1154 4146 actio-

160 4197 269 4251 num,
297 4176 462 4260 noticias,
488 4201 674 4257 numeros,
700 4177 809 4266 leges,
835 4178 1153 4260 ratiocinationem,

162 4275 345 4345 electionis
361 4278 579 4357 facultatem,
606 4302 686 4349 casu
703 4281 872 4363 extitisse,
898 4293 932 4351 ct
948 4303 1030 4350 casu
1048 4281 1151 4349 talem

160 4401 304 4446 manere
322 4374 508 4448 hominum
527 4395 687 4449 naturam
703 4381 920 4472 impossibile
939 4395 1001 4456 est.
1035 4424 1039 4429 ·

262 4475 328 4549 Est
350 4481 457 4570 igitur
479 4482 556 4550 sine
579 4483 652 4551 ulla
672 4484 896 4554 dubitatione
918 4509 1018 4554 mens
1036 4477 1153 4554 archi-

155 4576 340 4662 tectatur,
367 4585 524 4672 sapiens,
553 4585 664 4668 bona,
696 4609 818 4671 verax,
846 4587 953 4673 iusta,
987 4586 1153 4669 benefica,

162 4697 274 4773 casta,
297 4684 498 4765 liberrima,
525 4709 672 4755 cernens
696 4702 729 4757 et
751 4687 912 4757 iudicans
940 4691 1060 4758 omnia
1086 4682 1152 4755 ho-

161 4782 298 4852 minum
321 4786 422 4855 facta.
484 4784 555 4856 Nec
580 4793 800 4880 aspernanda
826 4806 877 4861 est
901 4786 985 4862 haec
1006 4789 1152 4868 utilitas,

160 4887 254 4976 quod
273 4880 379 4957 huius
393 4889 546 4956 mirandi
566 4891 705 4959 ordinis
720 4906 754 4961 et
769 4893 855 4962 artis
870 4894 1152 4963 consideratione

160 4987 204 5054 ad
227 4986 443 5074 agnitionem
459 4985 526 5058 Dei
550 4994 771 5065 deducimur.
823 4993 871 5066 Ut
891 5009 1008 5066 autem
1027 5016 1151 5064 accen-

160 5086 291 5157 dantur
320 5091 430 5158 animi
457 5091 660 5179 iuniorum,
700 5119 803 5185 saepe
825 5098 869 5165 de
899 5101 1020 5166 eodem
1046 5118 1151 5184 argu-

162 5204 281 5259 mento
303 5191 493 5262 dicendum
526 5210 595 5276 est,
631 5213 664 5269 et
692 5221 789 5267 nunc
816 5198 861 5266 de
889 5203 994 5269 corde
1022 5202 1151 5283 dicam,

159 5294 255 5380 quod
278 5293 368 5361 vitae
389 5295 524 5362 fontem
548 5299 710 5371 nominat
730 5294 955 5387 Aristoteles,
989 5318 1022 5373 et
1046 5299 1150 5370 multi

522 321 684 400 DECL.
717 320 793 398 DE
826 318 1123 396 PARTIBUS
1156 318 1231 395 ut
1262 315 1545 427 Mortuus
1571 314 1808 394 CORDlS.

2122 316 2197 392 948

1196 505 1321 587 potest,
1340 494 1404 562 sed
1418 493 1507 561 foris
1522 504 1704 586 utcunque
1717 492 1837 561 omnia
1852 491 2054 584 aspicimus,
2083 502 2116 560 ct
2130 489 2199 559 ali·

1196 621 1266 690 qua
1292 619 1333 665 ex
1363 609 1462 687 parte
1484 609 1716 679 structuram,
1751 595 1938 687 qualitates
1966 607 2001 664 ct
2029 595 2125 662 vires
2157 617 2198 662 ex

1198 697 1447 768 effectionibus
1479 698 1637 788 ipsorum
1668 697 1927 782 diiudicamus,
1962 710 2085 766 tamen
2122 718 2197 764 non

1198 815 1384 894 propterea
1404 794 1490 869 haec
1504 799 1667 869 doctrina
1686 800 1886 869 abiicienda
1903 812 1966 873 est.
2020 797 2109 867 Vult
2134 821 2198 866 nos

1197 903 1294 974 Deus
1316 903 1460 972 exordia
1484 898 1591 972 huius
1606 902 1800 992 sapientiae
1817 903 1855 970 in
1878 898 1944 972 hac
1961 902 2032 971 vita
2051 901 2198 983 discere,

1198 1021 1318 1098 postea
1347 1008 1526 1075 intuentes
1555 1006 1667 1095 ipsam
1697 1019 1845 1075 naturae
1866 1006 1981 1074 ideam
2013 1007 2053 1072 in
2078 1017 2197 1073 mente

1199 1110 1342 1192 divina,
1376 1132 1450 1177 non
1473 1108 1589 1177 solum
1615 1108 1867 1200 perspiciemus
1890 1131 2009 1176 rerum
2032 1107 2198 1175 substan-

1199 1212 1283 1295 tias,
1318 1211 1509 1280 sedetiam
1539 1209 1686 1278 consilia
1710 1209 1776 1278 Dei
1804 1231 2076 1300 cognoscemus,
2113 1209 2197 1300 quid

1200 1339 1261 1384 cor
1279 1314 1326 1384 ita
1342 1315 1495 1384 condere
1508 1312 1637 1382 rectius
1652 1312 1769 1382 luerit.
1806 1309 1863 1382 Ad
1879 1308 1971 1381 hanc
1986 1310 2196 1404 sapientiam

1201 1418 1276 1487 vult
1294 1441 1359 1485 nos
1382 1416 1421 1485 in
1446 1408 1533 1498 hoc,
1558 1428 1597 1485 ut
1620 1415 1669 1482 ita
1688 1415 1823 1500 dicam,
1852 1415 2030 1510 tyrocinio
2051 1437 2197 1504 praepa-

1200 1520 1282 1589 rari.
1325 1519 1376 1588 Ac
1394 1518 1508 1587 multo
1524 1517 1642 1585 cordis
1657 1517 1843 1588 obscurior
1857 1531 1984 1587 natura
2001 1531 2065 1600 est,
2094 1538 2194 1609 quam

1200 1621 1352 1691 aliorum
1376 1620 1628 1691 membrorum.
1691 1617 1798 1706 Quod
1832 1621 1870 1688 in
1903 1630 2003 1713 epate
2036 1619 2075 1688 lit
2105 1615 2191 1711 chyli

1201 1725 1313 1795 coctio
1336 1738 1371 1793 et
1396 1745 1508 1790 massa
1525 1721 1716 1810 sanguinea
1732 1722 1906 1812 gignitur,
1930 1721 2189 1813 minusmimm

1202 1828 1386 1910 ducimus,
1422 1839 1473 1895 est
1497 1824 1591 1893 enim
1616 1824 1778 1914 cognatio
1801 1826 1917 1894 carnis
1941 1839 1974 1894 et
2005 1821 2193 1914 sanguinis.

1201 1926 1249 1999 Et
1274 1929 1435 1999 videmus
1460 1927 1626 1996 flosculos
1657 1942 1862 1998 convertere
1891 1950 2008 1997 rorem
2037 1927 2194 1995 insuam

1202 2046 1383 2116 naturam,
1406 2031 1464 2099 sed
1484 2029 1547 2122 qui
1563 2029 1600 2098 fit
1622 2043 1662 2099 nt
1683 2054 1744 2099 cor
1761 2030 1875 2101 subita
1895 2029 2114 2119 cogitatione
2132 2028 2196 2095 im-

1203 2135 1364 2225 pulsum,
1390 2130 1507 2202 statim
1526 2130 1759 2222 rapidissimis
1773 2133 1929 2203 motibus
1944 2131 2107 2202 cientur?
2130 2132 2197 2201 lae-

1203 2238 1304 2316 ticia,
1331 2235 1471 2316 dolore,
1497 2257 1569 2324 spe,
1595 2248 1705 2316 metu,
1731 2234 1801 2315 ira,
1822 2236 1976 2304 flammis
1992 2232 2130 2304 amoris
2142 2246 2196 2329 aut

1204 2338 1297 2423 odii,
1323 2337 1504 2431 quomodo
1522 2359 1593 2416 cor,
1621 2337 1716 2429 quod
1734 2350 1784 2406 est
1799 2360 1879 2409 caro
1906 2338 2016 2430 spissa
2043 2348 2082 2407 ct
2104 2339 2195 2418 dura,

1203 2441 1388 2511 dissimilis
1420 2452 1568 2508 naturae
1603 2439 1818 2528 intelligenti
1850 2464 1911 2509 seu
1938 2438 2029 2524 luci,
2068 2437 2195 2508 moveri

1203 2556 1318 2637 potest
1331 2541 1569 2633 cogitatione?
1595 2553 1631 2612 et
1645 2543 1741 2611 unde
1755 2555 1850 2613 tanta
1868 2557 2054 2626 motuum,
2080 2540 2195 2611 videli-

1204 2659 1258 2716 cet
1275 2646 1485 2729 affectuum,
1507 2643 1692 2713 diversitas
1704 2657 1756 2715 est
1770 2644 1808 2713 in
1824 2668 1894 2715 una
1908 2660 1942 2715 et
1958 2642 2075 2714 simili
2092 2643 2191 2715 camis

1204 2748 1341 2817 massa?
1364 2747 1554 2836 Quomodo
1571 2747 1667 2836 gigni
1684 2761 1831 2837 possunt
1845 2747 1984 2817 viribus
1998 2740 2188 2818 huiuscru·

1204 2853 1269 2921 dae
1285 2844 1401 2920 carnis
1427 2849 1571 2940 spiritus
1589 2848 1732 2928 vitales,
1758 2851 1821 2944 qui
1843 2863 1928 2919 sunt
1949 2849 2113 2919 flammae
2131 2871 2181 2915 su-

1204 2965 1368 3046 perantes
1381 2952 1458 3022 lucc
1474 2965 1508 3021 et
1523 2951 1718 3022 subtilitate
1733 2953 1869 3022 solem?
1893 2948 1975 3022 Etsi
1988 2966 2101 3025 autem
2111 2962 2175 3018 tan-

1204 3068 1320 3125 tarum
1345 3077 1464 3124 rerum
1489 3075 1612 3123 causae
1634 3054 1772 3124 ostendi
1795 3053 1868 3125 no'n
1884 3054 2061 3146 possunt,
2086 3067 2183 3123 umen

1205 3157 1472 3248 progrediamur
1488 3179 1559 3248 quo
1576 3179 1773 3246 possumus.
1826 3156 1869 3226 ln
1892 3181 1931 3226 ea
1958 3148 2188 3248 corporishu-

1205 3258 1301 3327 mani
1329 3271 1428 3350 parte
1453 3281 1543 3350 quae
1565 3272 1685 3348 pectus
1704 3260 1929 3343 nominatur,
1956 3259 2098 3329 inclusa
2116 3254 2191 3362 ossi·

1205 3363 1271 3430 bus
1285 3355 1439 3430 thoracis
1454 3384 1565 3452 usque
1582 3362 1625 3429 ad
1642 3362 1883 3451 cartilaginem
1907 3356 2080 3456 ξιφοειδῆ
2099 3373 2132 3431 et
2144 3381 2192 3427 rc·

1205 3464 1345 3553 gionem
1355 3462 1591 3546 ventriculi,a
1608 3487 1677 3556 qua
1692 3462 1875 3535 dirimitur
1892 3459 2105 3556 phrenihus,
2120 3472 2191 3531 snut

1205 3590 1299 3650 ossa,
1325 3564 1528 3656 panniculi,
1554 3577 1593 3634 ut
1615 3588 1764 3658 eaquae
1791 3566 1964 3656 succingit
1981 3579 2115 3649 costas,
2143 3563 2192 3630 in-

1206 3660 1399 3759 tersepiens
1429 3667 1503 3734 sive
1534 3668 1783 3752 mediastinus,
1822 3665 2079 3761 diaphragma,
2118 3667 2193 3736 item

1206 3771 1322 3840 cordis
1352 3771 1596 3852 involucrum,
1631 3781 1665 3838 et
1694 3794 1755 3839 cor
1782 3770 1898 3862 ipsum
1922 3795 2004 3842 cum
2037 3779 2194 3840 aorta.et

1207 3896 1376 3941 venarum
1402 3871 1603 3954 canalibus,
1634 3870 1720 3961 item
1744 3873 1867 3962 pulmo
1892 3897 1971 3941 cum
1998 3874 2074 3942 suis
2098 3870 2195 3947 vasis,

1206 3992 1240 4047 et
1262 3975 1402 4068 aliquae
1426 3973 1579 4063 gutturis
1601 3987 1635 4043 et
1655 3973 1756 4063 gulae
1778 3988 1910 4067 partes:
1935 3976 1994 4043 sed
2019 3976 2065 4044 de
2083 3969 2196 4045 omni-

1206 4079 1272 4148 bus
1285 4077 1353 4144 iam
1369 4076 1438 4155 dici
1454 4099 1528 4144 non
1547 4087 1671 4166 potest.
2013 4094 2020 4102 “

1281 4173 1418 4248 Ordiar
1432 4178 1601 4268 igiturab
1616 4200 1655 4247 ea
1676 4192 1792 4269 parte,
1811 4202 1901 4271 quae
1916 4176 2129 4248 nominatur
2143 4176 2197 4245 in·

1207 4282 1390 4352 volucrum
1412 4280 1529 4350 cordis
1558 4290 1592 4348 et
1619 4271 1854 4375 neprxoipdroc
1868 4274 2001 4372 χιτών,
2022 4283 2123 4377 quod
2139 4302 2197 4348 cor

1205 4386 1441 4478 undequaque
1463 4381 1579 4451 munit
1596 4406 1636 4450 ac
1652 4383 1759 4472 tegit,
1784 4396 1836 4453 est
1853 4383 1949 4450 enirn
1962 4382 2063 4453 velut
2082 4382 2196 4452 cordis

1205 4487 1445 4573 domicilium,
1471 4485 1510 4552 in
1532 4508 1604 4578 quo
1622 4495 1655 4553 ct
1679 4485 1842 4556 munitur
1858 4509 1918 4555 cor
1933 4498 1967 4555 et
1993 4485 2196 4555 sustinetur.

1205 4584 1269 4657 Est
1302 4604 1416 4659 autern
1450 4580 1518 4655 hoc
1545 4588 1771 4657 involucrum
1802 4585 2007 4657 membrana
2040 4587 2196 4677 simplex,

1204 4690 1314 4759 nullis
1331 4690 1517 4759 intertexta
1534 4687 1650 4773 libris,
1676 4690 1736 4758 sed
1752 4689 1851 4758 firma
1867 4704 1901 4759 et
1919 4682 2061 4773 valida,
2089 4691 2193 4779 figura

1204 4792 1305 4862 nucis
1319 4794 1465 4881 pineae,
1490 4790 1587 4860 intus
1601 4790 1784 4861 cavitatem
1802 4786 1948 4878 habens,
1973 4813 2065 4885 quae
2084 4790 2196 4861 cordis

1203 4895 1424 4965 domicilium
1449 4906 1517 4977 est,
1544 4905 1620 4962 orta
1644 4894 1689 4962 ab
1707 4892 1792 4983 ipsis
1805 4917 1976 4963 venarum
2002 4907 2038 4964 et
2052 4893 2195 4964 arteria-

1203 5020 1283 5065 rum
1307 4995 1454 5079 tunicis,
1487 5019 1577 5086 qnae
1599 5018 1662 5084 per
1686 4990 1777 5064 hanc
1798 4997 2044 5064 membranam
2072 4999 2196 5066 ductus

1203 5093 1352 5182 habene,
1377 5098 1518 5185 alligata
1535 5097 1747 5167 mediastino
1762 5111 1797 5168 et
1809 5094 2070 5191 diaphragmati
2089 5098 2196 5167 firmis

1202 5202 1363 5272 nexibus.
1389 5198 1468 5269 Hoc
1483 5199 1707 5269 involucrum
1722 5201 1984 5272 munimentum
2000 5213 2055 5270 est
2071 5200 2195 5282 cordis,

1201 5301 1326 5395 inquo
1344 5304 1391 5373 ita
1411 5304 1511 5384 latet,
1541 5316 1582 5372 ut
1596 5300 1784 5373 intervallo
1801 5318 1896 5374 certo
1910 5304 2015 5373 distet
2036 5303 2192 5396 undique

157 5392 301 5479 proprie
316 5395 432 5461 sedem
451 5409 485 5463 et
498 5398 720 5470 domicilium
736 5400 873 5468 animae
890 5425 962 5474 esse
979 5405 1149 5475 iudicant.
1200 5426 1261 5473 cor
1276 5408 1321 5474 ab
1336 5406 1432 5498 ipso,
1457 5404 1504 5473 ita
1521 5417 1560 5473 ut
1575 5427 1639 5472 nec
1655 5403 1722 5492 ipsi
1738 5400 1938 5490 adhaereat,
1962 5428 2028 5474 nec
2045 5405 2191 5476 alterurn

156 5482 236 5562 Etsi
258 5507 375 5564 autem
400 5496 540 5566 nullom
573 5505 772 5574 membrum
800 5502 940 5592 penitus
963 5504 1147 5596 introspici
1199 5528 1240 5574 ex
1256 5508 1367 5579 altero
1382 5521 1505 5580 natum
1525 5506 1581 5577 sit.
1635 5501 1760 5576 lubae
1783 5530 1863 5577 arca
1884 5507 2112 5594 existimant,
2135 5530 2190 5579 seu
