4664 6022
150 258 231 339 686

148 441 309 521 bellum,
333 437 482 512 saevitia
492 438 662 509 adversus
675 432 935 528 Evangelium,
958 450 994 510 et
1008 436 1154 510 fanatici

147 545 302 617 furores.
355 540 453 614 llaec
478 542 593 625 mala,
625 553 665 613 ut
686 538 817 612 Graeci
837 541 979 627 dicunt,
1013 538 1152 635 ἔσχατα

148 639 341 742 ἐσχάτων,
376 671 422 717 ne
447 643 679 718 Germaniam
712 644 938 739 opprimant,
967 644 1061 717 serio
1089 669 1152 738 pe·-

147 765 283 825 tamus.

254 853 394 926 Videtis
417 875 514 923 nuuc
536 848 707 923 frumenti
732 848 892 945 inopiam
911 873 1003 941 esse,
1025 865 1061 925 et
1076 851 1151 946 spi-

146 958 314 1033 rantibus
336 954 462 1027 Boreis
491 954 602 1025 trium
632 953 809 1025 mensium
839 953 993 1027 siccitate
1018 970 1149 1027 terram

146 1064 313 1136 duratam
344 1083 439 1146 esse,
469 1080 535 1129 nec
564 1078 665 1149 posse
688 1056 803 1127 scindi
828 1057 973 1146 aratris,
1004 1084 1070 1130 nec
1095 1083 1149 1129 se-

145 1166 247 1237 mina
263 1162 421 1257 accipere
438 1175 500 1234 aut
514 1162 650 1232 lovere:
677 1184 767 1254 quae
783 1160 920 1232 siccitas
936 1162 965 1232 si
983 1163 1050 1233 erit
1068 1163 1150 1232 diu-

145 1269 313 1348 turnior,
341 1279 459 1336 metuo
480 1265 558 1335 fore
579 1263 685 1333 nohis
705 1263 844 1334 coelum
864 1287 1013 1336 aeneum
1028 1280 1062 1337 et
1077 1281 1149 1338 ter-

144 1397 225 1447 ram
249 1373 421 1454 ferream,
451 1381 491 1440 ut
514 1392 582 1437 vor
602 1366 725 1438 divina
747 1366 944 1444 minitatur.
1005 1364 1053 1439 Et
1076 1393 1147 1440 una

145 1501 229 1551 cum
256 1475 349 1545 lame
377 1469 526 1564 grassari
547 1469 616 1541 alia
643 1470 753 1541 multa
777 1470 870 1541 mala
895 1473 1023 1547 solent.
1074 1470 1147 1543 Nec

143 1594 288 1656 tautum
314 1572 400 1646 haec
425 1573 593 1645 frumenti
620 1571 740 1664 inopia
766 1576 955 1646 metuenda
980 1588 1052 1662 est,
1085 1578 1146 1645 sed

142 1681 362 1759 formidetur
393 1692 427 1749 et
454 1676 516 1748 illa
543 1674 793 1757 comminatio,
824 1702 915 1770 quae
935 1691 1029 1750 extat
1051 1680 1146 1772 apud

143 1779 363 1879 Prophetam
379 1777 513 1864 Amos,
538 1779 576 1849 in
599 1804 668 1874 qua
685 1779 832 1850 dicitur:
860 1779 1003 1852 Mittam
1015 1781 1144 1852 famem

144 1886 319 1967 audiendi
342 1884 442 1955 verbi
466 1880 545 1955 Dei.
596 1880 668 1955 Ubi
691 1905 760 1953 vox
782 1878 971 1974 Evangelii
993 1885 1145 1955 consile-

145 1995 232 2079 scit,
257 1990 413 2084 primum
435 2000 570 2058 mentes
591 1985 718 2055 amissa
733 1984 914 2076 agnitione
929 1987 1016 2070 Dei,
1042 1988 1146 2058 dolo-

146 2121 227 2175 rum
257 2090 503 2184 magnitudine
531 2112 736 2182 oppressae,
769 2102 878 2160 ruunt
900 2090 938 2160 in
961 2105 1144 2163 aeternum

123 2198 313 2287 ¹aritium:
355 2194 487 2266 deinde
515 2206 549 2263 et
578 2191 669 2262 aliae
692 2191 907 2265 calamitates
928 2193 1145 2286 impietatem

147 2302 383 2383 comitantur,
408 2293 622 2375 seditiones,
647 2293 918 2388 dissipationes,
945 2297 1057 2384 bella,
1082 2320 1146 2369 nr·

143 2407 250 2483 bium
281 2399 436 2486 excidia,
477 2397 701 2475 vastationes.
768 2395 865 2468 llaec
896 2422 943 2467 ne
972 2400 1145 2486 accidant,

144 2533 240 2609 quae
267 2519 304 2577 et
329 2504 488 2576 accidere
519 2514 687 2595 possunt,
716 2512 752 2573 et
771 2500 842 2571 iam
867 2501 1057 2594 eclipsibus
1081 2507 1144 2575 de·

142 2607 320 2686 nunciata
342 2620 442 2692 sunt,
466 2618 501 2679 et
522 2605 718 2677 multorum
741 2603 878 2676 furores
899 2620 1084 2679 merentur
1105 2631 1146 2677 ac

144 2714 317 2803 irritant,
342 2711 554 2802 precandum
575 2721 637 2779 est.
696 2705 848 2797 Quoties
869 2708 1007 2780 coelum
1027 2711 1145 2781 ferru-

142 2818 293 2911 gineum
309 2813 379 2883 iam
392 2813 537 2906 aspicis,
562 2806 660 2883 hunc
674 2809 791 2902 ipsum
807 2810 873 2884 tibi
887 2810 1032 2883 boream
1047 2812 1145 2883 clau·

140 2923 289 2994 dentem
312 2930 462 3003 terram,
486 2918 532 2987 de
553 2913 606 2983 ira
628 2910 716 2997 Dei,
743 2916 844 2986 etde
866 2916 991 3006 poeuis
1013 2915 1145 2986 nostris

139 3019 353 3099 concionari
379 3018 484 3089 scias:
517 3030 552 3087 et
574 3039 694 3086 curam
717 3017 906 3102 exrrscites,
941 3032 981 3088 ut
1003 3019 1144 3089 flectere

137 3124 262 3203 Deum
287 3145 370 3192 vera
393 3121 523 3211 pietate
536 3119 688 3187 studeas.
739 3114 843 3187 Hanc
858 3118 963 3188 nobis
981 3121 1143 3189 consola·

136 3230 280 3307 tionem
312 3218 525 3292 monstravit
553 3216 629 3310 ipse
660 3216 756 3289 filius
777 3216 864 3304 Dei,
898 3221 960 3313 qui
992 3246 1072 3293 cum
1101 3224 1145 3291 de

137 3330 265 3407 ultimi
286 3325 397 3399 seculi
414 3322 518 3395 malis
537 3320 790 3406 concionatur,
816 3322 1005 3413 pollicetur
1020 3320 1144 3396 Eccle-

141 3436 218 3511 siae
232 3430 457 3507 miseriarum
476 3424 700 3520 publicarum
715 3424 987 3515 mitigationem.

248 3534 347 3608 Haec
371 3531 547 3624 praefatus
569 3552 668 3610 sum,
692 3526 776 3620 quia
793 3529 1000 3620 praesertim
1020 3528 1059 3597 in
1076 3523 1144 3600 hoc

137 3642 245 3725 beo,
280 3637 345 3710 ubi
373 3637 417 3706 de
447 3631 575 3706 studiis
605 3630 790 3702 doctrinae
817 3631 967 3717 dicitur,
1000 3634 1145 3724 prodest

136 3744 252 3821 simul
277 3736 541 3813 commonefieri
563 3734 726 3807 rudiores
750 3734 794 3803 de
810 3733 1061 3806 communibus
1076 3735 1144 3804 mi-

135 3848 266 3933 seriis,
291 3860 330 3916 ut
351 3864 473 3912 earum
493 3837 706 3929 cogitatione
720 3839 933 3919 accendatur
948 3862 1032 3908 cura
1051 3851 1144 3908 recte

134 3948 287 4031 colendi
302 3945 435 4029 Deum,
461 3941 563 4012 cuius
586 3940 635 4013 rei
658 3939 847 4034 praecipua
865 3965 946 4034 pars
962 3954 1032 4033 est,
1059 3940 1143 4010 dili-

134 4054 262 4152 gentia
279 4063 371 4121 recte
385 4043 538 4119 docendi
554 4058 589 4115 et
602 4043 775 4115 discendi.

247 4152 428 4228 Usitatum
452 4162 506 4221 est
525 4159 643 4218 autem
662 4145 802 4241 aliquid
828 4145 946 4217 dicere
970 4149 1015 4217 de
1034 4147 1144 4217 mini-

133 4262 250 4340 sterio
285 4253 506 4345 evangelico,
549 4252 593 4321 ad
626 4250 723 4343 quod
754 4243 840 4319 haec
871 4250 927 4341 pia
957 4251 1074 4321 studia
1105 4251 1143 4320 in

134 4362 274 4443 scholis
288 4354 504 4431 Christianis
527 4350 719 4446 pertinent.
769 4349 854 4422 ldeo
878 4351 992 4422 dicam
1017 4354 1062 4423 de
1078 4355 1142 4422 ad·

132 4465 342 4545 monitione
355 4458 479 4544 Pauli,
504 4457 566 4551 qui
584 4453 756 4548 praecipit
773 4449 988 4541 Timotheo,
1011 4469 1052 4525 ut
1068 4470 1143 4527 stu-

133 4574 227 4647 deat
246 4582 338 4639 recte
359 4586 476 4635 secare
492 4559 640 4632 verbum
659 4557 742 4640 Dei,
767 4579 852 4642 scu,
877 4571 920 4629 ut
936 4557 1010 4650 ipse
1024 4558 1143 4653 loqui-

134 4690 221 4760 tur,
262 4665 501 4765 ὀρθοτυμεῖν.
575 4658 674 4732 llaec
706 4660 882 4731 sententia
913 4657 1143 4749 reprehendit

133 4777 338 4851 multorum
357 4767 641 4863 persuasionem,
668 4763 730 4857 qui
745 4762 945 4833 doctrinam
963 4759 1142 4833 Ecclesiae

135 4881 221 4954 sine
243 4875 355 4947 literis
378 4887 414 4944 et
432 4871 509 4942 sine
531 4866 733 4939 eruditione
746 4866 791 4933 ab
804 4865 972 4936 omnibus
989 4866 1143 4937 indoctis

134 4979 311 5076 explicari
341 4999 442 5070 posse
472 4971 665 5044 somniant.
734 4961 786 5040 At
815 4965 948 5039 Paulus
977 4992 1140 5059 maguam

133 5082 400 5161 eruditionem,
426 5075 668 5166 diligentiam,
694 5069 886 5151 iudicium,
913 5071 1068 5166 deniqne
1084 5095 1141 5141 ar·

132 5203 212 5267 tem
243 5183 412 5279 requirit,
446 5204 527 5249 cum
558 5178 657 5248 iubet
680 5187 773 5245 recte
794 5172 904 5245 secari
930 5174 1142 5261 doctrinam,

133 5291 179 5367 id
192 5303 265 5375 est,
293 5301 384 5359 recte
400 5279 566 5354 distribui
583 5292 718 5372 partes,
743 5289 778 5348 et
790 5276 949 5366 singulas
962 5291 1043 5368 apte
1056 5301 1142 5369 pro-

133 5392 249 5493 poni.
282 5404 317 5462 et
348 5386 523 5460 concinne
550 5384 677 5453 adeas
706 5403 763 5452 res
783 5379 1063 5472 accommodari,
1097 5383 1142 5450 de

134 5498 275 5596 quibus
304 5517 372 5565 vos
399 5487 523 5561 divina
551 5483 725 5581 loquitur.
795 5480 899 5554 Plato
921 5481 1058 5580 inquit:
1092 5478 1143 5556 Ut
1189 5482 1277 5577 pasis
1308 5480 1545 5575 significatum
1581 5493 1651 5553 est:
1694 5501 1785 5577 quae
1820 5481 1932 5573 magis
1960 5480 2190 5574 intelligetur,

703 258 863 342 auct.
895 259 970 337 DE
1006 258 1207 340 VERBO
1234 260 1658 349 'O-POOTOMEIN.

2131 271 2208 348 686

1205 439 1313 510 catuli
1333 441 1490 515 lacerant
1511 443 1692 515 mordicus
1712 440 1954 537 apprehensos
1976 444 2201 538 panniculos,

1204 540 1253 612 ita
1284 543 1420 616 indocti
1449 547 1641 617 sententias
1662 548 1757 617 varie
1779 561 1933 642 raptatus
1954 562 2201 640 corrumpunt.

1206 643 1301 716 llaec
1315 646 1354 717 in
1367 649 1537 741 exemplis
1551 649 1702 720 maxime
1717 651 1874 745 conspici
1887 666 2047 745 possunt.
2080 651 2199 740 Quam

1203 749 1336 820 multae
1358 765 1443 822 sunt
1464 753 1619 823 insulsae
1641 752 1951 847 interpretationes
1974 749 2200 845 Origenicae,

1203 852 1318 944 qualis
1339 848 1426 925 haec
1451 869 1502 926 est
1532 856 1571 925 in
1594 853 1789 940 Romanis,
1825 883 1906 930 cum
1929 881 1970 928 ex
1992 852 2061 928 hoc
2084 857 2196 927 dicto:

1201 950 1279 1045 Ego
1317 956 1512 1052 aliquando
1539 959 1617 1029 sine
1639 960 1714 1050 lege
1739 961 1921 1047 vivebam,
1952 958 2199 1046 ratiocinatur,

1201 1058 1338 1129 animas
1360 1061 1522 1132 omnium
1543 1057 1731 1133 hominum
1755 1065 1862 1136 simul
1885 1063 2046 1135 conditas
2065 1084 2139 1133 esse
2163 1075 2199 1133 et

1200 1159 1240 1231 in
1255 1158 1425 1234 Paradiso
1440 1165 1547 1236 luisse
1560 1179 1643 1236 ante
1657 1169 1914 1259 promulgatam
1931 1167 2055 1258 legem.

1302 1293 1409 1368 Tales
1433 1293 1731 1371 hallucinationes
1755 1303 1886 1374 multae
1908 1327 1949 1373 ex
1966 1303 2091 1372 eodem
2109 1301 2196 1371 scri·

1202 1413 1300 1490 ptore
1315 1401 1464 1491 proferri
1480 1417 1633 1494 possent,
1659 1404 1841 1498 inquibus
1855 1407 2024 1485 cernitur,
2046 1402 2080 1474 ei
2094 1404 2197 1474 valde

1200 1503 1353 1574 defuisse
1369 1504 1592 1594 diligentiam
1609 1521 1702 1578 recte
1717 1520 1752 1578 et
1767 1508 1941 1578 concinne
1958 1507 2198 1600 interpretan-

1200 1607 1238 1676 di
1252 1630 1450 1677 sermonem
1465 1609 1712 1701 apostolieum.
1766 1608 1949 1682 Interdum
1966 1611 2053 1681 tales
2068 1613 2196 1702 depra-

1201 1709 1358 1780 vationes
1380 1713 1425 1781 ab
1443 1711 1583 1783 inscitia
1600 1725 1699 1783 ortae
1716 1727 1812 1786 sunt.
1864 1714 1933 1785 Sed
1951 1738 2041 1805 pene
2058 1712 2196 1805 saepius

1200 1812 1426 1903 ingeniorum
1457 1814 1651 1905 petulantia
1684 1839 1748 1906 per
1777 1819 1901 1887 ludum
1929 1816 2197 1888 transformavit

1199 1917 1291 1986 dicta
1313 1916 1351 1985 in
1374 1916 1508 1987 alienas
1529 1921 1733 1991 sententias.
1783 1919 1901 2012 Magis
1921 1934 2039 1991 autem
2054 1943 2195 1989 meren-

1199 2043 1257 2089 tur
1280 2042 1413 2111 poenas
1436 2015 1476 2090 hi
1497 2022 1595 2103 ludi,
1626 2046 1731 2117 quam
1758 2023 1979 2116 corruptelae
2002 2022 2195 2093 nomisma-

1198 2135 1284 2191 tum.
1346 2121 1407 2195 Sic
1438 2139 1622 2196 armarunt
1644 2124 1852 2196 Pontificem
1885 2127 2027 2196 duobus
2055 2125 2195 2215 gladiis,

1198 2237 1345 2318 propter
1365 2221 1433 2297 hoc
1455 2226 1606 2298 dictum:
1634 2224 1725 2298 Ecce
1747 2230 1819 2297 duo
1834 2228 1943 2319 gladii
1960 2224 2030 2303 hic.
2083 2227 2195 2300 Cum-

1198 2352 1266 2422 que
1287 2341 1372 2400 nota
1394 2329 1467 2401 siut
1481 2331 1657 2423 exempla,
1684 2344 1718 2402 et
1735 2332 1863 2423 passim
1879 2332 1985 2401 obvia
2002 2332 2092 2417 sint,
2119 2354 2194 2400 non

1197 2431 1360 2501 adiiciam
1386 2434 1502 2526 plura.
1559 2431 1677 2523 Quam
1702 2435 1941 2526 perniciosum
1963 2449 2119 2507 erratum
2143 2448 2195 2504 est

1198 2534 1235 2603 in
1258 2529 1325 2605 hac
1348 2536 1574 2619 confusione,
1608 2540 1703 2631 qnod
1721 2531 1888 2608 monachi
1911 2562 1985 2608 nou
2009 2553 2102 2610 recte
2121 2553 2191 2608 tra·

1196 2637 1365 2709 diderunt
1388 2640 1580 2709 discrimen
1603 2640 1688 2731 legis
1707 2655 1741 2710 et
1756 2636 1956 2732 Evangelii.
2008 2638 2077 2710 Hic
2094 2664 2195 2710 error

1196 2752 1366 2834 tanquam
1393 2741 1432 2811 in
1462 2767 1576 2814 unum
1610 2745 1792 2838 quoddam
1819 2738 1956 2830 Chaos,
1989 2743 2193 2814 universam

1195 2846 1395 2916 doctrinam
1417 2846 1602 2918 coelestem
1628 2846 1801 2920 confudit.
1853 2844 1926 2917 Nec
1954 2842 2194 2939 deprehendi·

1196 2964 1255 3018 tur
1277 2941 1364 3018 haec
1387 2950 1548 3021 conlusio
1572 2944 1730 3020 humana
1753 2950 1958 3040 sagacitate,
1987 2951 2047 3020 sed
2070 2952 2194 3040 singu·

1197 3052 1269 3118 lare
1291 3046 1359 3119 Dei
1391 3076 1481 3140 opus
1505 3065 1575 3136 est,
1606 3053 1838 3123 instaurantis
1861 3047 2075 3134 Ecclesiam,
2110 3077 2194 3145 pro·

1196 3153 1286 3219 serre
1307 3147 1375 3221 hoc
1396 3154 1599 3223 discrimen.
1665 3153 1757 3223 Nam
1782 3148 1938 3223 humana
1962 3156 2072 3241 ratio,
2103 3178 2194 3248 quae

1197 3256 1307 3344 legem
1330 3276 1391 3325 seu
1415 3255 1641 3346 disciplinam
1658 3270 1837 3324 externam
1855 3269 2037 3350 utcunque
2054 3257 2193 3328 intelli-

1194 3357 1263 3445 git,
1297 3381 1371 3426 non
1402 3359 1551 3452 perinde
1578 3359 1691 3429 cernit
1717 3359 1814 3428 illam
1837 3360 1983 3429 alteram
2009 3360 2193 3428 doctrinae

1196 3473 1348 3550 partem,
1387 3461 1521 3531 scilicet
1547 3457 1784 3552 Evangelium
1814 3463 1858 3529 de
1888 3461 2191 3546 reconciliatione,

1196 3563 1318 3652 procul
1341 3564 1495 3656 positum
1519 3587 1627 3657 supra
1651 3578 1878 3656 conspectum
1902 3564 2063 3635 omniurn
2084 3588 2192 3652 ange-

1195 3667 1313 3736 lorum
1335 3681 1369 3736 et
1393 3662 1593 3739 hominum.
1648 3666 1732 3738 ldeo
1756 3667 1859 3737 facile
1877 3667 2086 3738 obscuratur
2104 3668 2192 3737 cali-

1194 3769 1275 3858 gine
1292 3765 1531 3842 humanarum
1547 3771 1781 3863 opinionum,
1804 3792 1910 3864 quarn
1925 3768 2040 3857 Deus,
2066 3785 2106 3842 ut
2120 3767 2191 3842 Ec·

1194 3871 1335 3942 clesiam
1352 3874 1419 3944 sihi
1434 3874 1599 3964 colligat,
1625 3874 1778 3945 subinde
1793 3872 1950 3967 depellit

1299 4005 1355 4080 Ad
1369 4005 1438 4081 hoc
1452 4033 1584 4079 munus
1599 4009 1761 4080 excitavit
1776 4009 1882 4081 initio
1897 4007 2035 4094 Patres,
2061 4011 2191 4082 deiude

1196 4106 1406 4205 Prophetas:
1433 4115 1477 4183 ad
1501 4107 1569 4182 hoc
1587 4137 1715 4182 maanus
1731 4125 1765 4181 et
1781 4112 1893 4181 lilium
1911 4109 2107 4183 Dominum
2123 4139 2191 4183 no·

1193 4233 1305 4285 strum
1335 4213 1450 4287 lesum
1475 4210 1657 4286 Christum
1688 4215 1804 4294 misit,
1835 4214 1965 4285 deinde
1987 4211 2189 4308 Apostolos.

1195 4317 1309 4388 Flexit
1339 4331 1374 4388 et
1406 4333 1524 4409 postea
1549 4319 1751 4412 aliquorum
1776 4331 1911 4388 mentes
1934 4320 1976 4387 ad
2004 4320 2189 4389 illustran-

1193 4423 1274 4491 dam
1300 4416 1392 4491 hanc
1414 4434 1563 4513 partem.
1615 4418 1664 4491 Et
1684 4420 1760 4488 sine
1785 4421 1857 4491 ulla
1881 4421 2104 4492 dubitatione
2121 4418 2188 4492 Dei

1194 4523 1402 4594 heneficium
1425 4537 1493 4602 est,
1519 4518 1606 4593 haec
1627 4547 1747 4592 recens
1770 4522 1953 4593 doctrinae
1977 4524 2189 4614 repurgatis,

1193 4651 1298 4721 quam
1320 4639 1354 4697 et
1376 4625 1541 4717 amplecti
1562 4639 1661 4716 grato
1684 4639 1823 4718 pectore
1842 4627 1962 4705 decet,
1987 4639 2020 4695 et
2038 4625 2190 4697 fideliter

1193 4729 1302 4799 tueri:
1337 4731 1433 4823 quod
1459 4728 1537 4798 sine
1564 4754 1644 4798 vera
1671 4727 1817 4819 pietate,
1848 4727 1924 4796 sine
1948 4728 2076 4813 literis,
2110 4727 2188 4801 sine

1191 4831 1364 4902 acerrimo
1383 4832 1502 4902 studio
1521 4855 1594 4901 non
1611 4831 1681 4903 liet.

1292 4965 1385 5040 Cum
1408 4982 1527 5039 autem
1552 4993 1571 5040 a
1595 4968 1700 5039 nobis
1722 4965 1927 5060 praecipue.
1954 4967 2016 5060 qui
2038 4968 2076 5038 in
2096 4964 2188 5041 hanc

1190 5070 1355 5140 militiam
1379 5067 1494 5142 aDeo
1514 5071 1628 5142 vocati
1647 5093 1788 5151 sumus,
1813 5070 1998 5139 doctrinae
2014 5075 2188 5164 possessio

1191 5174 1414 5244 defendenda
1439 5174 1504 5254 sit,
1534 5175 1687 5245 sciamus
1710 5171 1774 5242 Dei
1799 5173 2005 5243 mandatum
2032 5199 2121 5258 esse,
2148 5189 2188 5245 ut

1190 5275 1412 5368 diligentiam
1429 5276 1470 5345 in
1485 5276 1653 5347 discendo
1668 5288 1895 5368 praestemus.
1944 5271 1986 5345 ld
2003 5300 2083 5346 cum
2102 5275 2188 5346 alias

1189 5402 1293 5473 saepe
1314 5378 1486 5450 traditum
1511 5392 1583 5465 est,
1613 5392 1690 5450 tum
1715 5401 1800 5447 vero
1825 5371 1890 5448 hac
1916 5401 2002 5447 voce
2026 5373 2189 5471 ὀρθοτο-
