4664 6022
134 284 210 367 'sss
499 334 509 355 .
600 284 763 367 ouen
794 284 871 365 uu
904 286 1211 367 entutnus
1244 286 1308 363 1u
1341 218 1718 365 r'unonoera'.
2106 292 2185 369 aso

132 478 303 550 osupum,
328 482 402 553 quo
416 482 540 531 cursus
553 459 762 552 dirigendus
775 476 837 534 est.
870 460 984 535 Porro
999 458 1038 533 bi
1053 486 1134 555 gra-
1185 462 1230 533 ad
1252 461 1420 553 gloriam,
1453 460 1739 554 advolnptates,
1770 464 1833 533 sed
1858 462 1904 535 ad
1925 464 2097 538 maximas
2120 490 2181 541 ae-

128 563 198 635 tas
211 560 256 629 in
271 555 405 633 sobolis
420 563 512 633 bene
526 563 711 652 institutis,
735 588 811 637 non
827 566 943 637 solum
959 562 1027 636 hoc
1044 566 1133 637 boni
1184 588 1350 651 romnas,
1374 565 1419 634 ad
1444 565 1659 634 miserrimas
1682 587 1802 650 curas,
1829 566 1874 636 ad
1887 567 2045 660 pericula
2061 570 2180 641 omnis

129 658 286 749 babent,
315 666 413 757 quod
435 665 623 757 explorant
643 689 703 738 eos
723 667 787 761 qni
805 681 979 739 vocantur
999 670 1043 739 ad
1067 669 1132 738 do-
1183 667 1333 759 gencris.
1383 663 1576 758 Nunquam
1591 667 1687 736 enim
1702 667 1779 738 ullo
1794 679 1953 759 tempore
1967 683 2027 741 aut
2043 671 2124 763 plus
2140 672 2180 743 in

130 765 289 839 tendum
308 761 565 857 Evangelium,
597 770 658 840 sed
686 770 790 840 etiam
814 771 911 864 quod
942 766 1010 842 hoc
1031 772 1132 841 testi·
1165 766 1341 839 Ecclesia
1362 768 1514 862 periculi
1532 770 1619 859 luit,
1645 783 1706 840 aut
1728 769 1858 840 maiori
1875 772 1914 840 in
1932 772 2016 842 odio
2034 773 2180 845 luerunt

128 866 297 939 nonium
313 880 454 939 tantum
471 869 545 939 illis
561 870 674 942 tribui
690 872 835 958 debeat,
861 873 924 967 qui
942 871 1045 943 annis
1062 873 1131 942 ali·
1183 868 1371 961 Evangelii
1387 873 1565 956 doctores,
1590 895 1695 966 quam
1710 874 1829 941 modo.
1884 871 2007 967 Itaque
2029 870 2181 967 perbor-

129 981 216 1065 quut
230 969 452 1041 audiverunt
464 972 554 1043 alios
569 973 765 1062 peritiores,
782 973 844 1068 qui
860 975 1028 1045 viderunt
1044 977 1130 1070 quid
1183 997 1280 1043 resco
1296 987 1370 1044 toto
1394 996 1562 1064 corpore,
1588 997 1669 1043 cum
1692 975 1835 1043 intuens
1859 974 1897 1043 in
1915 971 2009 1045 hanc
2027 1000 2180 1066 scenam,

129 1069 188 1143 alii
203 1072 254 1141 de
271 1072 411 1162 maguis
426 1094 467 1143 ae
483 1074 602 1145 dubiis
613 1077 720 1146 rebus
736 1076 984 1163 iudicaverint.
1039 1077 1129 1147 Nam
1183 1078 1304 1146 auimo
1330 1076 1524 1168 perspicio,
1552 1099 1658 1169 quam
1681 1070 1809 1147 habeat
1831 1071 1917 1147 haec
1934 1080 2054 1148 fabula
2072 1079 2179 1149 dissi-

131 1174 228 1269 qnod
244 1174 361 1247 eitam
375 1198 417 1244 ex
431 1171 584 1264 Ioanne,
608 1178 729 1248 unctio
746 1180 866 1260 docet,
893 1180 1050 1271 profectu
1068 1180 1130 1249 illa
1182 1178 1283 1246 miles
1307 1180 1463 1272 reliquos
1489 1192 1607 1263 actus,
1633 1173 1758 1262 buius,
1790 1192 1829 1249 ut
1855 1179 1904 1250 ita
1924 1181 2059 1267 dicam,
2092 1206 2178 1274 pro-

134 1274 255 1349 urdo
279 1298 357 1347 non
379 1278 552 1369 contingit
575 1281 651 1349 sine
669 1280 828 1350 doctrina
857 1294 893 1354 et
914 1282 991 1350 siue
1017 1282 1129 1353 maxi·
1182 1280 1302 1350 oernii.
1350 1280 1419 1351 Sed
1437 1304 1517 1349 cum
1534 1280 1647 1351 sciant
1662 1278 1778 1351 Deum
1796 1281 1982 1375 praecipue
1997 1284 2178 1375 requirere

133 1376 203 1449 nis·
216 1379 490 1455 acruminibus.
541 1378 606 1452 Est
627 1383 723 1452 enim
743 1382 886 1468 unctio,
908 1407 987 1453 cum
1006 1384 1044 1453 in
1060 1386 1129 1453 du·
1182 1377 1277 1451 bunc
1300 1381 1434 1452 cultum
1449 1382 1599 1451 docendi
1615 1378 1823 1471 Evangelii,
1849 1407 1965 1477 neque
1984 1384 2081 1454 aliud
2098 1386 2176 1459 Deo

130 1480 198 1551 biis
212 1488 327 1575 utque
340 1482 471 1573 asperis
487 1484 609 1565 rebus,
634 1485 733 1556 velut
750 1485 828 1554 oleo
847 1499 981 1555 recreat
997 1499 1031 1556 et
1047 1487 1129 1554 reli·
1179 1484 1314 1573 gratius
1337 1484 1545 1554 sacrificium
1567 1485 1737 1576 praestari
1760 1507 1880 1576 posse,
1906 1498 2094 1579 postquam
2113 1512 2178 1561 au-

128 1580 834 1679 eitimbutasmentesdivinussptrtsus.
876 1587 916 1658 Si
932 1588 1012 1681 quis
1027 1601 1129 1679 putat
1181 1587 1322 1658 toritate
1351 1586 1574 1679 superiorum
1606 1590 1650 1655 ad
1678 1581 1747 1656 boc
1779 1610 1912 1663 munus
1937 1588 2065 1658 delecti
2093 1590 2176 1672 sint,

128 1684 253 1757 subito
278 1685 356 1755 siue
378 1686 540 1757 doctrina
563 1701 597 1758 et
617 1711 685 1758 usu
707 1685 931 1779 Theologum
958 1690 1128 1761 unctione
1181 1714 1245 1780 pro
1269 1712 1330 1759 sua
1352 1713 1432 1778 erga
1449 1686 1564 1758 Deum
1586 1689 1737 1779 pictate,
1762 1703 1963 1781 susceptum
1980 1714 2072 1760 onus
2090 1716 2177 1762 con-

126 1785 242 1869 effiei,
270 1786 363 1857 sient
383 1786 485 1861 aiunt
497 1787 694 1860 Hesiodum
717 1816 797 1861 cum
822 1805 942 1883 pastor
964 1806 1059 1863 esset
1069 1816 1127 1862 ac·
1179 1804 1312 1863 stanter
1330 1806 1504 1882 praestare
1522 1792 1772 1875 decreverunt,
1798 1791 1976 1862 intuentes
2003 1792 2039 1860 in
2058 1817 2177 1863 exem·

129 1889 406 1979 reptotalamo,
431 1889 885 1964 aMusisPodtamfactum
903 1916 996 1978 esse,
1022 1894 1127 1982 longe
1179 1893 1236 1985 pla
1266 1888 1419 1979 Christi,
1459 1887 1719 1985 Prophetarum
1747 1906 1780 1962 et
1804 1890 2078 1985 Apostolorum,
2114 1896 2177 1989 qui

127 1991 287 2076 fallitur,
318 2014 384 2061 nec
405 1991 492 2085 quid
517 1994 562 2065 sit
581 1996 703 2065 unctio
727 1995 912 2087 perspicit,
939 2020 1028 2089 quae
1050 1997 1127 2088 pri·
1178 1997 1289 2064 nullis
1313 1995 1423 2076 odiis,
1458 1995 1558 2064 nulla
1583 1994 1726 2065 saevitia
1750 2019 1769 2063 a
1795 1997 1955 2066 docendo
1978 1992 2176 2088 Evangelio

128 2116 234 2165 mum
268 2092 347 2163 sine
379 2095 481 2165 verbi
518 2093 722 2184 cognitione
760 2098 860 2167 nulla
895 2121 968 2168 esse
999 2112 1126 2190 potest.
1178 2097 1338 2167 deterriti
1358 2110 1451 2172 sunt.
1514 2093 1670 2166 Oramus
1689 2097 1798 2186 igitur
1815 2093 2019 2183 Christum,
2052 2115 2092 2171 ut
2109 2122 2176 2190 gu-

127 2192 274 2269 Deinde
307 2196 446 2267 etiamsi
470 2197 693 2287 degustatum
724 2213 776 2270 est
803 2200 970 2284 verbum,
1003 2201 1126 2270 unctio
1179 2201 1302 2270 bernet
1317 2222 1439 2269 corum
1457 2213 1608 2283 mentes,
1630 2223 1669 2268 ac
1687 2200 1822 2284 studia,
1848 2223 1979 2297 eosque
1995 2200 2175 2293 iuvet,‚ut

128 2320 206 2369 non
222 2296 344 2369 subito
363 2299 513 2388 detergit
527 2300 656 2370 animis
671 2326 794 2371 omncs
810 2303 974 2371 maculas.
1025 2302 1126 2371 Plato
1178 2302 1350 2371 foeliciter
1365 2323 1591 2387 conservare,
1619 2301 1815 2385 illustrare,
1841 2325 2035 2392 propagare
2051 2299 2175 2373 Evan-

128 2399 270 2495 inqnit:
301 2397 396 2469 Satis
418 2401 560 2472 beatum
584 2403 651 2473 sibi
675 2403 810 2487 videri,
842 2404 899 2473 cui
923 2405 1066 2473 tandem
1088 2404 1126 2473 in
1178 2405 1308 2493 gelium
1326 2405 1474 2496 possint.
1523 2402 1614 2472 lllud
1634 2405 1736 2472 etiam
1751 2402 2038 2483 meminerimus,
2059 2405 2174 2490 nostri

128 2514 314 2575 meante
328 2503 532 2592 contigerit,
557 2519 599 2575 ut
615 2506 832 2597 sapientum,
857 2529 1029 2600 verasque
1048 2507 1128 2597 opi·
1177 2507 1285 2576 officii
1307 2530 1400 2591 esse,
1428 2520 1468 2577 ut
1494 2530 1558 2598 pro
1579 2505 1674 2574 virili
1697 2505 1872 2574 leniamus
1896 2502 1958 2575 bas
1985 2528 2174 2578 aerumnas

158 2604 175 2695 j,
221 2625 260 2675 es
275 2618 496 2697 assequatur.
541 2604 582 2677 ld
600 2607 662 2676 ille
675 2607 733 2678 vir
747 2630 906 2678 summus
931 2633 972 2679 ac
987 2610 1127 2701 sapien·
1177 2624 1297 2680 nostra
1315 2609 1548 2700 gratitudine,
1574 2609 1656 2701 quia
1675 2608 1836 2677 maximis
1852 2630 1976 2677 eorum
1991 2608 2172 2679 beneficiis

193 2706 290 2775 'mus
309 2707 354 2775 de
367 2704 411 2776 iis
425 2707 548 2795 rebus,
583 2734 671 2804 quas
694 2711 785 2781 ratio
800 2707 1068 2803 deprehendere
1094 2726 1128 2782 et
1177 2713 1342 2785 fruimur.
1394 2711 1475 2801 Qua
1499 2711 1644 2806 quidem
1667 2711 1705 2778 in
1727 2733 1765 2779 re
1779 2710 1968 2801 praecipue
1993 2710 2172 2783 laudanda

128 2806 371 2905 pervestigare
391 2822 525 2903 potest,
557 2812 657 2883 dixit.
717 2812 862 2903 Quanto
887 2815 1004 2884 verius
1027 2814 1063 2884 id
1083 2816 1127 2885 de
1177 2826 1230 2884 est
1251 2812 1487 2885 lllustrissimi
1509 2813 1622 2884 nostri
1641 2811 1820 2903 Principis
1841 2813 1971 2904 pietas,
2003 2812 2067 2906 qui
2089 2836 2170 2883 cum

130 2908 381 3087 eilualibus
394 2913 501 2984 rebus
515 2914 684 2985 affirmari
701 2929 834 3006 potest,
860 2940 949 3010 quae
970 2918 1126 3008 profecto
1177 2917 1238 2986 alii
1265 2939 1363 3006 reges
1388 2940 1428 2987 ac
1451 2915 1629 3008 principes
1651 2916 1819 2984 adversus
1841 2911 2030 3005 Evangelii
2047 2916 2171 2985 docto-

165 3016 168 3021 '
220 3016 615 3109 possuntvcreaspici,
650 3018 720 3088 nisi
745 3020 783 3089 in
807 3019 881 3111 ipsa
899 3019 1127 3092 dimicatione
1176 3041 1232 3089 res
1263 3019 1438 3089 infinitam
1471 3018 1715 3088 crudelitatem
1743 3040 1881 3087 summo
1912 3018 2041 3088 scelere
2071 3040 2172 3087 exer·

128 3094 239 3211 dtur
261 3114 495 3207 experientia,
529 3143 601 3213 quo
626 3120 737 3211 magis
764 3116 833 3191 boc
861 3122 1019 3191 seculum
1043 3121 1127 3191 odio
1177 3134 1295 3206 ceant,
1324 3122 1398 3213 ipse
1414 3134 1449 3190 et
1465 3123 1633 3191 adversus
1652 3133 1822 3213 tyrannos
1835 3141 1965 3210 magno
1979 3142 2061 3189 eum
2074 3118 2171 3211 peri-

127 3218 283 3309 dignum
297 3227 367 3303 est,
393 3220 488 3313 quod
505 3245 602 3291 nunc
615 3246 719 3292 nemo
733 3247 807 3292 non
823 3224 933 3292 sumit
946 3223 1016 3292 sibi
1032 3223 1128 3294 iudi·
1177 3223 1257 3293 culo
1278 3224 1364 3312 tegit
1380 3246 1419 3291 ac
1432 3223 1610 3304 defendit,
1637 3234 1671 3290 et
1686 3221 1784 3289 domi
1805 3208 1942 3289 summa
1956 3243 2037 3290 cum
2061 3221 2171 3291 bene-

127 3318 231 3391 einm
245 3320 291 3389 de
305 3319 412 3391 rebus
424 3322 583 3393 obscuris
607 3348 647 3393 ac
670 3325 933 3417 spiritualibus,
969 3350 1040 3394 una
1061 3325 1127 3394 ali·
1176 3325 1350 3409 volentia,
1379 3322 1487 3395 officii
1509 3323 1607 3391 omni
1630 3344 1758 3413 genere
1780 3320 1955 3391 cumulat:
1981 3324 2026 3391 de
2046 3345 2170 3416 qnare

132 3442 210 3515 qun
225 3418 377 3492 laniem
399 3424 538 3510 audita,
564 3437 626 3496 aut
648 3426 734 3497 lecta
755 3450 828 3495 una
844 3426 961 3521 aliqua
978 3426 1125 3518 pagella.
1177 3440 1210 3496 et
1225 3428 1253 3492 si
1272 3426 1314 3494 ad
1333 3425 1584 3515 gratitudinem
1601 3438 1758 3493 nostram
1776 3418 1864 3491 haec
1879 3424 2170 3494 commemoratio

130 3520 270 3593 Paulus
280 3524 480 3613 gratulatur
493 3527 572 3612 sibi,
598 3531 694 3621 quod
711 3527 874 3623 quamvis
890 3529 1025 3618 procul,
1050 3551 1127 3597 sco-
1175 3528 1393 3620 pertinebat,
1419 3540 1536 3595 tamen
1558 3538 1703 3617 propter
1724 3525 1798 3593 eius
1814 3525 2050 3615 praesentiam
2066 3548 2169 3595 vere-

128 3648 221 3721 pnm
236 3636 356 3695 tamen
370 3627 531 3714 videbat,
553 3630 601 3700 ita
616 3653 682 3702 nos
698 3632 736 3699 in
752 3625 820 3699 hoe
836 3630 960 3699 demus
973 3654 1128 3722 operam,
1176 3630 1328 3699 euodius
1343 3630 1535 3698 dicendum
1555 3642 1617 3700 est.
1664 3625 1734 3697 Sed
1752 3622 1818 3695 boc
1833 3649 1906 3695 non
1921 3639 1995 3696 erat
2012 3641 2169 3718 praeter*

128 3746 280 3823 napum
302 3740 343 3798 ut
362 3729 584 3824 requiramus
611 3745 645 3803 et
668 3734 707 3802 in
731 3728 828 3802 hunc
854 3732 984 3802 intenti
1007 3732 1127 3801 oculos
1177 3732 1410 3816 mittendum,
1444 3731 1539 3824 quod
1567 3743 1735 3799 nontam
1761 3731 1805 3797 ad
1831 3728 1968 3819 ipsum,
2001 3752 2106 3822 quam
2124 3730 2171 3799 ad

130 3852 173 3901 ae
204 3840 364 3899 mentem
390 3832 601 3921 defigamus,
633 3849 669 3906 et
701 3850 821 3906 tamen
852 3834 1128 3903 memineremus
1177 3836 1264 3903 alios
1281 3837 1523 3902 admonendos
1542 3833 1703 3920 pertinet,
1727 3844 1767 3900 ut
1781 3832 1893 3901 sciant
1906 3826 2023 3899 Deum
2039 3844 2073 3901 et
2089 3830 2169 3899 vin-

131 3932 259 4027 procul
276 3954 344 4001 nos
364 3934 410 4003 ab
431 3934 494 4003 illa
518 3949 608 4006 meta
630 3938 798 4030 adquam
822 3939 1041 4006 tendendum
1064 3950 1126 4020 cst,
1177 3938 1288 4005 dicem
1307 3936 1465 4005 futurum
1489 3930 1595 4003 huius
1612 3932 1848 4015 crudelitatis,
1873 3944 1909 4001 et
1922 3933 2098 4003 cumulate
2112 3955 2171 4001 re·

129 4032 671 4124 abmeroramuschdstum,
690 4039 1129 4130 utipsenosdorereper-
1177 4051 1445 4107 muneraturum
1480 4038 1614 4121 bonos,
1653 4036 1716 4126 qui
1747 4046 1871 4125 tegunt
1899 4056 1940 4103 ac
1970 4035 2170 4105 defendunt

131 4150 211 4227 gat,
244 4132 545 4230 quemadmodum
568 4153 619 4210 est
641 4140 830 4232 pollicitus.
870 4139 1043 4211 Libenter
1064 4164 1129 4210 au·
1177 4136 1365 4229 Evangelii
1397 4143 1571 4211 doctores.
1623 4137 1683 4208 Sic
1717 4137 1812 4205 enim
1844 4135 1963 4228 inquit
1988 4131 2168 4207 Christus:

131 4240 276 4311 diurnus
291 4240 378 4331 quid
395 4240 457 4310 alii
473 4242 649 4312 exercitati
666 4242 835 4322 iudicent,
863 4241 949 4334 quid
965 4243 1128 4333 probent,
1177 4240 1294 4310 Amen
1322 4241 1401 4311 dico
1425 4242 1548 4324 vobis,
1575 4238 1605 4306 si
1629 4238 1708 4332 quis
1732 4238 1871 4307 dederit
1893 4249 2033 4307 tantum
2057 4259 2170 4333 aquae

132 4340 290 4413 libenter
305 4354 340 4412 et
355 4342 492 4433 placide
509 4343 603 4412 inter
620 4367 685 4413 nos
707 4345 930 4413 conferamus
947 4346 991 4413 de
1008 4340 1128 4413 Evan-
1178 4357 1299 4435 potum
1323 4344 1388 4410 uni
1414 4367 1454 4412 ex
1477 4341 1637 4410 minimis
1659 4336 1810 4425 bonam,
1836 4340 1874 4409 in
1899 4340 2045 4408 nomine
2060 4338 2170 4409 disci·

133 4443 246 4535 gello,
271 4452 307 4510 et
322 4446 492 4534 gratulari
507 4447 613 4514 nobis
626 4442 694 4515 Dei
709 4446 937 4530 benelicium,
960 4468 1025 4514 nos
1038 4469 1129 4538 quo·
1176 4445 1273 4536 puli,
1299 4445 1510 4532 nonperdet
1528 4444 1723 4512 mercedem
1742 4466 1854 4512 suam.
1905 4437 1952 4510 Et
1975 4441 2011 4509 in
2028 4440 2169 4510 Psalmo
2231 4462 2240 4475 ·

133 4568 201 4641 que
216 4545 258 4613 in
273 4538 340 4614 bac
357 4540 476 4616 sebola
488 4547 616 4620 merito
629 4548 808 4632 debemus,
825 4547 863 4616 in
879 4570 962 4640 qua,
982 4560 1021 4617 ut
1036 4542 1128 4615 nibil
1178 4548 1440 4637 scriptumest:
1474 4543 1603 4615 Beatus
1624 4546 1684 4637 qui
1708 4544 1875 4631 iutelligit
1895 4565 2001 4632 snper
2020 4564 2170 4631 egenum

133 4648 233 4719 aliud
248 4645 377 4733 dicam,
395 4649 457 4717 ille
472 4645 657 4741 Evangelii
671 4673 796 4742 scopus
811 4649 1001 4738 diligenter
1016 4648 1129 4740 expli·
1177 4662 1212 4718 ct
1225 4672 1436 4741 pauperem,
1461 4648 1499 4715 in
1515 4647 1574 4717 die
1593 4646 1686 4715 mala
1705 4646 1870 4715 liberabit
1893 4667 1974 4712 eum
1991 4642 2171 4716 dominus.

132 4761 237 4821 eatur
264 4760 303 4818 et
327 4751 547 4835 ostenditur,
577 4776 642 4820 nec
673 4754 770 4821 deest
795 4752 945 4821 facultas
970 4750 1128 4820 discendi
1181 4750 1220 4819 ln
1240 4746 1296 4819 his
1321 4750 1506 4820 sententiis
1522 4748 1676 4819 ostendit
1695 4744 1809 4834 Deus,
1835 4743 1960 4840 quanti
1978 4744 2086 4816 faciat
2108 4744 2172 4812 be·

131 4851 251 4924 bonis.
303 4845 469 4923 Christus
492 4853 665 4943 gubernet
699 4852 815 4924 studia
849 4866 988 4933 nostra,
1022 4866 1057 4922 et
1083 4854 1125 4919 ad
1179 4853 1300 4920 noticia
1320 4852 1490 4922 collocata
1504 4852 1542 4918 in
1555 4846 1743 4940 Evangelii
1757 4851 1933 4919 doctores:
1959 4868 1999 4914 ac
2013 4844 2172 4917 vicissim

130 4950 324 5043 Evangelii
338 4953 507 5043 gloriam,
532 4967 568 5025 et
582 4958 626 5025 ad
642 4970 800 5026 nostram
823 4969 856 5025 et
885 4954 1045 5023 omnium
1062 4950 1129 5023 ho-
1178 4955 1350 5043 significat
1361 4966 1533 5047 tyrannos
1548 4955 1693 5021 daturos
1708 4973 1782 5019 esse
1797 4970 1928 5039 poenas
1943 4969 2028 5017 suae
2044 4948 2174 5018 crude-

129 5055 275 5127 minum
289 5055 450 5129 salutem.
482 5054 574 5128 Cum
589 5051 677 5127 haec
689 5058 784 5127 bona
801 5056 914 5125 insint
928 5056 966 5124 in
982 5080 1129 5148 promo·
1178 5056 1295 5125 litatis.
1347 5050 1400 5123 Ac
1414 5078 1471 5123 me
1486 5053 1630 5147 quidem
1649 5054 1827 5121 interdum
1846 5049 2058 5137 cogitantem
2076 5062 2109 5118 et
2130 5050 2175 5117 de

131 5157 258 5242 thoe,
282 5158 489 5251 praesertim
508 5152 631 5229 iubae
649 5154 791 5244 schola,
815 5181 921 5227 nemo
937 5181 1063 5241 sanus,
1089 5170 1130 5227 ut
1177 5155 1370 5249 principis,
1395 5170 1430 5226 et
1444 5157 1489 5223 de
1507 5168 1622 5224 vestro
1650 5156 1829 5245 totiusque
1846 5151 1985 5243 reipub.
2000 5148 2177 5242 periculo,

132 5280 262 5352 spero,
285 5261 475 5331 consilium
492 5272 657 5330 nostrum
672 5261 710 5329 in
731 5254 788 5329 bis
804 5260 1056 5351 promovendis
1072 5282 1129 5327 re-
1177 5260 1281 5328 valdc
1294 5258 1524 5327 consolantur
1546 5253 1612 5325 hae
1634 5257 1847 5341 sententiae,
1866 5266 1901 5323 et
1924 5253 1962 5321 in
1986 5275 2083 5343 spem
2100 5251 2177 5319 eri-

132 5356 347 5453 prebendet.
403 5359 453 5433 Et
479 5362 687 5459 intelligunt
718 5362 774 5432 illi
797 5363 884 5454 ipsi,
916 5362 1047 5455 quibus
1071 5355 1129 5430 bic
1177 5374 1284 5449 gunt,
1307 5373 1346 5430 ut
1363 5359 1537 5429 confidam
1552 5359 1650 5443 fore,
1675 5370 1714 5427 ut
1731 5354 1828 5427 Deus
1845 5356 2037 5426 clementer
2053 5354 2179 5421 desen-

134 5456 252 5535 bonos
271 5464 494 5546 decernitur,
519 5459 616 5538 hunc
637 5486 711 5537 esse
726 5464 863 5536 aditum
878 5486 954 5534 non
966 5465 1012 5534 ad
1034 5485 1131 5555 opes,
1178 5465 1240 5535 dat
1263 5461 1479 5555 principem,
1511 5481 1552 5530 ar
1571 5472 1683 5631 pqtpm
1705 5455 1834 5550 Remp.
1886 5452 1936 5527 Et
1955 5454 1986 5524 si
2009 5454 2178 5526 volumus
