4664 6022
241 296 312 375 aaa
413 374 425 387 ,,
906 284 1066 363 ouon
1097 285 1173 362 uu
1204 284 1397 363 caera
1423 284 1612 373 noua,
2204 292 2285 372 tes

243 494 340 556 nere,
362 490 470 562 quam
484 464 548 560 qui
562 486 663 535 veras
677 484 797 534 causas
812 464 1014 533 tractandas
1028 460 1237 555 suscipiunt,
1285 462 1383 532 nime
1398 463 1605 538 delectatur.
1651 463 1775 559 Neque
1788 465 1883 534 euim
1901 467 2092 537 obscurum
2108 481 2172 553 est,
2198 492 2280 540 eum

244 588 365 645 tamen
379 594 455 650 me,
480 591 556 637 non
572 567 701 638 fiducia
717 563 865 655 ingenii,
891 566 1115 658 quodsentio
1129 588 1236 659 quarn
1285 579 1413 637 natura
1437 569 1481 634 ad
1512 566 1733 637 clementiam
1764 569 2115 663 moderationemque
2144 570 2229 641 duci
2248 585 2283 643 et

245 677 293 747 sit
316 675 499 764 exiguum,
524 671 586 740 sed
611 668 817 759 magnitudo
839 669 975 738 doloris
997 669 1174 760 perpulit,
1198 681 1239 739 nt
1287 669 1530 739 acrudelitate
1547 666 1751 741 abhorrere.
1788 666 1837 742 Et
1852 694 1932 757 cum
1943 672 2098 742 maiores
2114 696 2201 745 suos
2215 696 2282 745 ato·

245 773 345 848 hunc
365 777 404 845 in
420 776 538 844 locum
553 796 628 841 non
650 772 769 842 fictum
794 784 1042 861 argumentum
1065 796 1107 840 ex
1128 768 1238 839 veteri
1288 794 1371 841 rnen
1385 795 1425 840 ac
1439 771 1581 841 titulum
1597 771 1738 863 imperii
1754 772 1792 841 in
1807 767 1901 843 hanc
1913 775 2095 845 nationem
2109 799 2130 845 a
2144 789 2283 849 servata

247 881 366 974 aliqua
395 874 591 967 tragoedia,
632 875 692 943 sed
720 869 904 942 historiam
931 874 1105 943 adferrem
1130 871 1238 941 nimis
1289 875 1377 943 urbe
1400 871 1516 944 Roma
1537 875 1699 944 intulisse
1721 875 1858 960 videat,
1883 875 2043 947 dubitari
2066 901 2141 947 non
2166 878 2283 967 dehet,

248 1006 354 1078 quam
371 1003 502 1051 veram.
546 974 634 1046 Sum
649 976 744 1045 enim
760 975 920 1046 dicturus
935 977 978 1045 de
995 974 1237 1045 crudelissima
1289 977 1378 1069 quin
1392 975 1429 1043 iu
1444 975 1588 1045 illorum
1604 977 1747 1046 intuens
1765 977 1942 1070 exempla,
1969 979 2143 1070 intelligat
2157 1002 2282 1053 omnea

245 1084 346 1157 tirbis
360 1080 497 1154 Romae
516 1078 726 1168 direptione,
751 1092 785 1148 et
802 1078 1048 1169 deploraturus
1063 1076 1239 1165 indiguis-
1290 1078 1431 1168 imperii
1453 1102 1536 1169 opes
1557 1102 1597 1148 ac
1620 1079 1713 1148 vires
1733 1082 1777 1148 ad
1800 1074 1908 1150 huius
1929 1082 2028 1151 urbis
2050 1084 2203 1153 salutem
2219 1085 2281 1155 de·

246 1188 375 1258 simum
392 1205 509 1254 casum
528 1181 692 1265 civitatis,
718 1180 878 1250 omnium
896 1180 1037 1270 reginae
1052 1193 1156 1272 atque
1173 1180 1239 1246 do·
1288 1180 1556 1273 sensionemque
1571 1182 1721 1250 maxime
1733 1184 1988 1254 convertendas
2002 1206 2086 1265 esse,
2114 1198 2147 1256 et
2159 1185 2207 1256 ab
2221 1184 2282 1257 illa

246 1289 376 1360 minae.
425 1280 571 1354 Etenim
588 1306 669 1352 cum
686 1306 792 1351 nemo
807 1295 880 1353 tam
899 1282 995 1352 serus
1011 1282 1074 1363 sit,
1096 1294 1239 1372 tamque
1290 1283 1691 1374 vimatquevastitatem
1710 1284 1966 1375 depellendam.
2019 1285 2139 1375 Quam
2153 1288 2283 1361 multos

247 1410 393 1484 prorsus
412 1389 457 1456 ab
480 1381 638 1454 hominis
661 1408 765 1455 sensu
783 1384 940 1470 alienus,
965 1385 1121 1477 quinon
1144 1406 1240 1452 acer·
1290 1408 1478 1453 numerare
1502 1397 1631 1474 potest,
1656 1410 1737 1455 cum
1757 1387 1928 1476 imagines
1941 1388 2052 1457 avitas
2073 1389 2283 1480 aspexerint,

246 1492 390 1564 bissime
403 1492 490 1559 ierat
507 1487 691 1577 indignam
708 1487 859 1578 patriae,
887 1511 978 1580 quae
992 1487 1117 1576 genuit
1132 1508 1240 1578 quae·
1291 1486 1354 1580 qui
1370 1487 1684 1556 turbulentissimis
1704 1490 1970 1579 tempestatibus
1985 1492 2110 1560 urbem
2128 1488 2281 1563 Romam

248 1619 317 1691 que
341 1591 520 1674 educavit,
545 1592 745 1670 fortunam,
771 1614 842 1682 quo
867 1591 1009 1659 tandem
1030 1590 1149 1658 animo
1173 1610 1239 1655 nus
1291 1589 1453 1657 maximis
1485 1592 1680 1659 terroribus
1711 1590 1956 1673 liberaverint,
1991 1593 2053 1684 qui
2078 1616 2282 1688 quanquam

248 1698 406 1787 accipere
432 1692 531 1763 urbis
553 1690 692 1764 Romae
722 1691 905 1762 interitum
933 1706 1037 1784 atque
1064 1691 1239 1760 excidium
1291 1691 1598 1782 periculosissimis
1614 1691 1717 1760 bellis
1733 1693 1828 1761 domi
1849 1692 2031 1783 impliciti,
2051 1707 2172 1767 tarmn
2189 1697 2283 1768 velut

248 1803 365 1882 decet,
391 1821 470 1865 cnm
497 1818 537 1863 ea
560 1795 647 1864 urbs
671 1817 743 1863 una
768 1794 929 1865 interris
952 1795 1062 1869 fuerit
1079 1793 1238 1863 omnium
1292 1796 1336 1861 ad
1359 1793 1507 1884 patriam
1530 1795 1789 1863 defendendam
1815 1789 1885 1864 huc
1911 1817 2046 1865 summa
2071 1797 2206 1869 virtute
2227 1822 2282 1869 at:-

249 1897 622 1994 gentiumcommunis
642 1896 778 1987 patria?
811 1893 889 1986 Ego
903 1898 1059 1988 profecto
1077 1919 1151 1963 non
1173 1893 1241 1961 mi·
1293 1897 1479 1979 currerint,
1496 1895 1578 1987 quia
1595 1896 1634 1963 in
1652 1890 1758 1965 huius
1773 1896 1879 1966 unius
1898 1897 1998 1967 urbis
2011 1899 2173 1989 periculo
2192 1901 2282 1992 peri·

249 2027 319 2074 nus
335 2000 433 2070 illius
448 1998 643 2068 calamitate
659 2022 895 2084 commoveor,
920 2022 1024 2091 quam
1041 1998 1116 2067 eius
1130 1997 1241 2088 ipsius
1292 1997 1408 2067 clitari
1445 1997 1608 2067 omnium
1642 1999 1799 2087 gentium
1837 1999 1985 2069 salutem
2024 2001 2282 2078 existimabant.

250 2104 392 2198 oppidi,
419 2102 588 2196 quodme
608 2101 766 2191 primum
783 2114 983 2169 nascentem
1002 2099 1154 2191 excepit,
1178 2100 1241 2166 ad·
1293 2097 1374 2168 Huc
1396 2101 1507 2183 adde,
1541 2101 1637 2191 quod
1659 2101 1794 2169 nullius
1815 2100 1931 2190 regiae
1952 2101 2121 2184 familiae,
2154 2103 2281 2199 siquis

249 2209 359 2277 versis
374 2206 480 2273 rebus
496 2205 732 2294 perturbarer.
784 2200 875 2272 Cum
894 2203 1003 2291 igitur
1017 2216 1106 2271 esset
1121 2197 1190 2270 hoc
1204 2201 1241 2267 in
1292 2225 1415 2270 omnes
1429 2215 1611 2281 numeret,
1636 2203 1738 2293 plura
1759 2202 1950 2272 clementer
1965 2218 2025 2273 aut
2051 2206 2109 2293 pie
2124 2207 2216 2276 tacta
2229 2230 2281 2276 rr·

249 2312 328 2380 loco
351 2302 439 2374 mihi
463 2329 527 2397 pro
551 2308 650 2374 mor'e
673 2304 884 2384 dicendum,
913 2327 988 2373 non
1010 2303 1131 2396 potui,
1160 2326 1241 2373 curu
1292 2303 1427 2372 censeri
1451 2317 1617 2394 possunt,
1644 2327 1749 2395 quam
1768 2299 1984 2377 Austriacae.
2038 2303 2086 2377 Et
2107 2309 2280 2379 maiorum

249 2424 338 2482 esset
360 2408 502 2477 animus
522 2407 645 2476 dolore
667 2421 876 2498 occupatus,
903 2407 970 2475 alia
989 2408 1032 2475 de
1054 2429 1092 2475 re
1111 2404 1243 2475 oratio-
1291 2430 1437 2476 suorum
1454 2408 1541 2473 adeo
1565 2429 1639 2473 non
1654 2406 1836 2474 dissimilis
1858 2420 1909 2476 est
1922 2404 2090 2492 Carolus,
2115 2423 2159 2481 ut
2173 2432 2281 2505 qnan-

249 2538 332 2584 nem
348 2510 545 2582 instituere.
598 2507 670 2579 Ubi
686 2509 793 2592 dolet,
818 2507 1005 2601 inquiunt,
1030 2508 1081 2577 ibi
1097 2531 1242 2577 manum
1291 2520 1367 2578 tum
1383 2532 1505 2578 omnes
1519 2507 1659 2599 imperii
1672 2509 1917 2598 magnitudine
1929 2512 2122 2594 antecedit,
2147 2525 2279 2584 tantum

249 2612 372 2687 habet:
409 2609 531 2699 Quare
554 2634 634 2680 cum
660 2610 801 2678 assiduo
831 2625 1029 2680 versaretur
1051 2612 1098 2679 ob
1121 2608 1243 2679 oculos
1292 2611 1396 2681 etiam
1413 2609 1532 2680 vincat
1545 2611 1742 2681 clementia.
1796 2608 1903 2699 Quod
1919 2613 2014 2680 enim
2030 2612 2069 2682 in
2085 2614 2159 2684 ulla
2174 2609 2281 2686 hiato·

140 2788 143 2797 ,
249 2719 326 2788 eius
348 2714 450 2784 urbis
470 2712 622 2804 direptio
643 2727 749 2804 atque
771 2712 996 2797 incendium,
1028 2735 1118 2805 quae
1138 2708 1242 2779 nohis
1293 2714 1344 2782 ria
1359 2712 1492 2782 factum
1508 2714 1716 2783 clementius
1739 2713 1886 2801 legitur,
1913 2738 2018 2807 quam
2043 2717 2142 2809 quod
2164 2717 2282 2787 inimi·

249 2821 353 2910 leges,
380 2839 470 2909 quae
486 2812 686 2904 religiones,
712 2837 802 2907 quae
817 2838 941 2883 omnes
957 2810 1121 2885 honestas
1135 2812 1242 2881 disci·
1292 2814 1471 2883 cissimum
1482 2811 1627 2903 Regem,
1642 2839 1660 2884 a
1676 2840 1747 2908 quo
1764 2815 1897 2884 bellum
1913 2831 2034 2886 contra
2051 2818 2106 2888 ius
2122 2820 2282 2910 gentium

249 2922 366 3014 plinas
395 2917 562 3002 tradidit,
599 2917 752 3009 denique
781 2940 800 2984 a
834 2941 903 3009 qua
934 2917 1035 3008 plura
1064 2915 1242 2998 beneficia,
1293 2929 1426 2984 motum
1451 2931 1542 3001 erat,
1575 2930 1717 3007 captum
1738 2917 1777 2984 in
1801 2917 1890 3001 acie,
1923 2942 1998 2987 non
2021 2922 2131 2990 modo
2152 2923 2284 2993 dimisit

249 3046 356 3118 quam
379 3022 423 3089 ab
446 3019 520 3109 ipsa
545 3019 677 3111 patria,
703 3019 741 3085 iu
767 3020 1001 3112 quaquisque
1025 3019 1164 3107 genitus
1182 3031 1242 3100 est,
1295 3018 1526 3102 incolumem,
1567 3021 1627 3087 sed
1657 3019 1762 3087 etiam
1784 3020 1988 3089 devinctum
2016 3022 2211 3105 affinitate,
2247 3025 2283 3094 in

250 3145 374 3196 omnes
395 3121 610 3212 accepimus,
642 3121 756 3210 coegit
779 3145 835 3217 me
861 3121 1067 3210 magnitudo
1093 3120 1243 3203 doloris,
1295 3120 1633 3210 regnumrestituit?
1666 3119 1820 3190 Tantam
1840 3122 2063 3191 clementiam
2087 3127 2279 3197 achonita-

250 3231 295 3298 de
333 3227 476 3296 fortuna
508 3223 610 3292 urbis
643 3225 757 3316 deque
793 3222 999 3292 miserrimis
1025 3222 1243 3313 temporibus
1294 3239 1363 3293 tem
1388 3223 1486 3292 nulla
1518 3217 1674 3292 humana
1696 3248 1764 3293 vox
1795 3246 1859 3313 pro
1887 3224 2058 3314 dignitate
2081 3228 2281 3319 praedicare

250 3328 370 3424 queri,
410 3326 617 3418 praesertim
642 3326 680 3392 in
708 3321 775 3393 hoc
801 3339 920 3412 coetu,
959 3328 1053 3417 apud
1080 3320 1243 3393 homines
1293 3339 1397 3418 atque
1412 3348 1540 3394 ornare
1555 3337 1679 3416 potest.

249 3430 489 3512 doctissimos,
524 3429 587 3520 qui
617 3427 821 3517 intelligunt
844 3442 1017 3521 quantum
1040 3424 1124 3496 huic
1149 3427 1243 3512 urbi,
1393 3426 1515 3516 Longe
1531 3427 1638 3515 igitur
1650 3426 1796 3511 fallitur,
1822 3427 1852 3496 si
1867 3427 1947 3520 quis
1963 3429 2001 3496 in
2016 3430 2085 3499 tale
2100 3430 2285 3522 ingenium

249 3558 292 3604 ex
317 3557 385 3625 qua
413 3530 555 3613 literae,
580 3544 614 3599 et
641 3523 844 3599 humanitas
871 3526 941 3599 huc
964 3531 1149 3620 importata
1174 3543 1243 3614 est,
1294 3542 1427 3599 tantam
1468 3531 1688 3598 iracundiam
1724 3532 1849 3598 cadere
1890 3531 2080 3615 existimat,
2121 3547 2165 3605 ut
2197 3535 2284 3605 ullas

250 3657 373 3703 omnes
389 3645 508 3721 gentes
522 3632 682 3699 debeant.
708 3628 813 3718 Quod
829 3645 945 3700 autem
963 3636 1006 3699 de
1022 3646 1119 3722 capta
1132 3631 1241 3700 Troia
1294 3630 1454 3722 quamvis
1466 3653 1611 3720 magnas
1626 3630 1776 3699 iniurias
1791 3626 1857 3700 hoc
1872 3635 1979 3702 modo
1994 3634 2116 3703 ulcisci
2131 3636 2284 3707 votuisse

250 3735 424 3824 Virgilius
445 3733 639 3824 praelator:
1295 3733 1463 3802 videatur.
1516 3731 1580 3801 llle
1602 3757 1687 3801 vero
1710 3734 1888 3821 privatum
1913 3735 2093 3820 dolorem,
2121 3738 2193 3807 vel
2206 3738 2283 3810 urbi

1293 3834 1379 3924 ipsi,
1404 3857 1509 3926 aqua
1527 3835 1668 3923 imperii
1692 3858 1821 3903 nomen
1840 3830 1965 3922 hahet,
1990 3836 2048 3906 vel
2068 3851 2123 3910 tot
2139 3841 2284 3912 sanctis-

1292 3936 1390 4003 simis
1411 3937 1498 4020 aris,
1531 3937 1588 4004 vel
1603 3937 1753 4004 aliarum
1776 3938 1953 4026 gentium,
1985 3962 2075 4033 quae
2097 3940 2283 4015 suasliea-

1293 4039 1376 4129 pub.
1392 4038 1467 4106 sine
1489 4034 1597 4108 huius
1614 4039 1714 4109 urbis
1737 4040 1885 4109 consilio
1899 4054 2019 4110 tenere
2036 4066 2109 4111 non
2127 4058 2283 4135 possunt,

251 4164 315 4231 ego
337 4139 449 4209 multo
474 4137 600 4207 iustius
622 4161 804 4228 usurpem:
837 4137 935 4205 ncilla
954 4151 1004 4206 est
1026 4139 1119 4205 euim
1145 4152 1240 4208 tama
1294 4140 1436 4227 utilitati
1459 4143 1712 4223 condonasset,
1738 4143 1899 4233 quamvis
1923 4143 2048 4228 iratus,
2074 4144 2105 4214 si
2128 4146 2282 4219 licuisset

252 4241 472 4334 eloquentia,
493 4265 583 4332 quac
599 4240 816 4307 atrocitatem
835 4234 941 4307 huius
962 4239 1011 4306 rei
1030 4264 1093 4328 pro
1115 4241 1241 4310 merito
1292 4243 1322 4309 ei
1346 4244 1542 4333 praesenti,
1568 4268 1642 4312 rem
1659 4243 1811 4312 subitam
1831 4244 2050 4339 minimeque
2070 4262 2279 4338 expectatam

252 4367 425 4435 exponere
440 4343 566 4433 possit,
592 4365 724 4433 quaeve
738 4339 911 4430 explicare
925 4356 1048 4433 queat,
1074 4356 1240 4434 quantam
1291 4366 1412 4433 regere
1433 4370 1473 4414 ac
1497 4347 1705 4433 gubernare.
1756 4342 1875 4432 Quare
1898 4342 2027 4416 Caesar
2053 4349 2157 4418 nullo
2177 4350 2278 4421 modo

250 4446 393 4514 ruinam
415 4443 576 4512 omnium
599 4443 813 4532 optimarum
837 4466 974 4525 rerum,
1006 4438 1112 4513 lulius
1134 4445 1242 4514 unius
1292 4447 1330 4513 in
1357 4442 1422 4515 hac
1442 4448 1603 4518 oratione
1620 4450 1836 4516 accusandus
1852 4460 1922 4532 est,
1950 4450 2010 4542 qui
2036 4452 2278 4522 exercitumin

249 4547 350 4617 urhis
371 4544 506 4614 eversio
525 4567 641 4614 secum
659 4538 784 4614 trahat.
837 4541 934 4631 Quid
954 4545 1027 4615 ullo
1050 4548 1167 4615 seculo
1184 4572 1242 4616 ac·
1294 4546 1390 4619 ltalia
1407 4551 1450 4619 ad
1470 4550 1664 4619 custodiam
1686 4549 1954 4642 tranquillitatis
1968 4552 2132 4642 publicae
2150 4548 2279 4638 hahuit,

251 4648 339 4718 cidit
366 4647 567 4736 indignius,
606 4669 712 4739 quam
738 4645 833 4737 quod
865 4646 925 4714 ille
955 4647 1029 4737 ipse
1059 4650 1241 4732 exercitus,
1293 4674 1363 4718 non
1379 4654 1423 4720 ad
1447 4651 1672 4722 latrocinium
1693 4654 1946 4737 exercendum,
1971 4677 2045 4721 non
2060 4656 2106 4724 ad
2124 4670 2277 4727 everten-

251 4750 315 4843 qui
328 4772 347 4818 a
361 4746 511 4819 Caesare
537 4749 574 4815 iu
594 4746 693 4817 ltalia
717 4748 761 4815 ad
784 4747 932 4817 salntem
948 4750 1108 4818 omnium
1126 4753 1240 4820 bono·
1292 4755 1373 4820 dam
1394 4753 1519 4823 urbem
1543 4752 1684 4843 imperii
1706 4775 1841 4834 arcem,
1867 4777 1941 4821 non
1962 4756 2006 4822 ad
2024 4752 2278 4847 prophananda

251 4872 353 4937 rum,
393 4851 435 4918 ad
465 4848 731 4919 custodiendam
759 4850 903 4934 urbem,
948 4850 1090 4943 imperii
1115 4877 1240 4938 arcem,
1290 4857 1440 4944 templa,
1464 4879 1537 4922 non
1553 4856 1596 4923 ad
1617 4853 1835 4945 diripiendas
1853 4851 2107 4942 bibliothecas,
2139 4882 2216 4929 non
2237 4858 2277 4929 ad

251 4950 443 5020 collocatus
459 4965 551 5031 erat,
576 4950 631 5018 illi
649 4950 716 5041 ipsi
740 4951 821 5019 urbi
847 4953 1016 5021 nefariam
1036 4955 1128 5039 vim,
1155 4980 1239 5023 con·
1290 4956 1520 5026 trucidandos
1542 4958 1754 5035 sacerdotes,
1789 4979 1864 5026 non
1886 4958 1930 5025 ad
1947 4958 2102 5048 virgines
2116 4975 2152 5031 et
2173 4956 2279 5033 hone-

251 5067 305 5122 tta
335 5051 460 5141 optimi
489 5050 665 5142 Principis
691 5048 813 5122 Caroli
841 5054 1079 5140 voluntatem,
1117 5071 1239 5126 contra
1290 5070 1359 5125 stas
1383 5072 1562 5127 matronas
1586 5059 1781 5149 rapiendas.
1840 5056 1937 5129 Haec
1965 5084 2044 5131 cum
2069 5063 2193 5133 omnia
2214 5060 2283 5153 tegi

355 3889 434 3969 Quis
450 3891 564 3950 cladem
577 3894 659 3951 illius
673 3893 788 3967 noctis,
816 3893 882 3972 quis
897 3891 1002 3950 funera
1014 3892 1105 3951 liudo

354 3992 511 4076 Explicet,
537 4006 588 4054 aut
606 3997 700 4074 possit
714 3993 876 4075 lachrymis
894 4015 1018 4076 aequare
1032 3992 1174 4055 labores?

252 5152 459 5243 disciplinae
474 5155 638 5227 militaris
656 5155 764 5242 leges,
786 5167 910 5223 contra
924 5156 1090 5248 auspicia,
1117 5175 1239 5230 contra
1289 5159 1361 5228 suis
1376 5161 1483 5229 armis
1500 5184 1635 5254 suoque
1657 5161 1810 5229 exercitu
1828 5159 2023 5252 lmperator
2035 5163 2160 5249 vellet,
2186 5187 2285 5235 exer·

250 5255 426 5324 maiorum
448 5258 622 5348 exempla,
651 5255 784 5327 intulit.
836 5252 900 5325 Est
917 5258 1011 5325 enim
1034 5259 1239 5330 liberandus
1289 5261 1397 5345 citus,
1429 5275 1469 5331 ut
1493 5286 1594 5355 saepe
1621 5263 1708 5331 alias
1736 5262 1882 5347 accidit,
1915 5278 2037 5336 contra
2058 5265 2284 5358 disciplinam

250 5358 353 5449 culpa
365 5353 513 5443 Caesar,
540 5359 603 5452 qui
621 5358 757 5428 etiamsi
773 5358 873 5427 iustis
888 5360 931 5428 de
949 5360 1061 5430 causis
1072 5359 1238 5433 Romano
1288 5363 1499 5450 militarem,
1526 5378 1647 5435 contra
1673 5365 1776 5432 fidem
1800 5362 2009 5456 Imperatori
2034 5367 2171 5453 datam,
2196 5390 2280 5441 ava-

249 5456 414 5532 Pontilici
431 5459 618 5550 irascitur,
643 5472 760 5530 tamen
779 5453 846 5530 hoc
869 5461 963 5533 exitu
979 5463 1147 5535 victoriae
1170 5465 1239 5534 mi·
1287 5465 1395 5551 ricia,
1442 5468 1486 5537 ad
1523 5467 1759 5559 diripiendam
1797 5469 1922 5536 urbem
1957 5469 2286 5561 opulentissimam,
