4664 6022
153 287 227 365 en
699 276 865 377 naor.
894 274 972 377 nu
1000 271 1335 379 nunnoaro
1368 268 1664 387 cannova.
2129 278 2204 359 sae

257 453 378 547 Quam
399 455 529 529 misera
551 468 604 529 est
630 470 749 530 autem
776 454 946 537 servitus,
981 476 1153 545 organum
1207 445 1346 520 Videtis
1360 442 1456 521 hanc
1470 471 1544 519 esse
1555 470 1745 535 summam,
1767 460 1802 521 et
1814 450 2025 522 sententiam
2040 453 2202 527 omnium

152 584 229 635 ease
259 560 352 632 tanti
384 558 518 632 luroris
538 582 581 631 ac
602 561 694 632 tanti
719 557 794 629 odii
816 560 984 631 adversus
1012 554 1154 628 Deum?
1205 550 1504 645 promissionum,
1537 574 1626 644 quae
1640 548 1808 622 Patribus
1832 564 1866 622 et
1881 548 2068 645 Prophetis
2090 558 2201 628 tradi-

152 664 258 745 Talis
278 676 331 735 est
351 662 425 735 vita
446 660 602 733 Neronis
625 677 660 735 et
674 662 868 753 impiorum
883 659 1065 745 omnium,
1090 658 1152 753 qui
1205 668 1262 727 tae
1284 667 1379 733 sunt.
1441 652 1554 725 Lucet
1585 676 1667 744 ergo
1700 651 1738 722 in
1760 652 1898 725 latrone
1920 679 2003 727 vera
2026 657 2128 729 fides:
2165 675 2199 732 et

152 790 237 839 eum
260 765 300 837 in
322 788 426 837 cruce
448 765 648 856 pendeant,
679 759 748 834 hoc
773 776 844 848 est,
875 762 1009 833 sintin
1034 761 1151 831 media
1204 755 1287 826 lidei
1311 756 1497 848 proprium
1527 768 1578 826 est
1608 768 1726 847 petere
1749 757 1889 828 veniam
1913 771 2058 852 propter
2081 758 2198 854 ipsum

151 881 289 950 morte,
314 890 399 937 nam
410 866 609 961 voluptates
624 888 749 938 eornm
762 890 837 937 non
852 878 935 937 sunt
949 864 1151 949 diuturnae,
1203 858 1430 928 liberatorem
1452 856 1567 929 lilium
1588 854 1677 942 Dei,
1709 881 1774 929 nec
1796 860 1966 930 deterreri
1987 860 2118 933 nostris
2135 864 2199 934 de-

150 984 274 1045 umen
286 969 512 1039 liberatorem
526 983 771 1060 aspernantur.
823 963 873 1039 Et
888 967 1072 1039 confirmat
1093 988 1149 1035 er·
1203 959 1314 1046 lictis,
1345 985 1415 1053 quo
1438 960 1559 1031 minus
1578 961 1623 1030 ad
1640 984 1721 1030 eum
1737 962 2001 1052 confugiamus,
2026 988 2066 1034 ac
2088 965 2198 1037 bene·
2322 974 2327 984 “

151 1096 271 1143 rorem
294 1068 488 1157 Diabolus,
522 1070 586 1164 qui
604 1084 792 1164 postquam
822 1069 1003 1153 mentibus
1025 1091 1147 1139 eorum
1201 1062 1318 1132 licium
1345 1062 1420 1132 eius
1447 1077 1678 1154 expectemus.
1735 1062 1843 1134 Latro
1865 1066 2022 1153 agnoscit
2043 1089 2105 1138 sua
2122 1092 2196 1138 sce-

150 1174 285 1247 offudit
300 1172 481 1243 densiores
504 1173 673 1258 nebulas,
697 1185 817 1264 postea
839 1196 904 1265 pro
918 1170 1069 1240 libidine
1085 1192 1147 1239 sua
1200 1166 1292 1248 lera,
1315 1187 1389 1233 non
1404 1163 1517 1235 adfert
1531 1165 1576 1234 ad
1592 1157 1775 1237 Christum
1789 1167 1970 1238 benefacta
1985 1180 2046 1238 aut
2058 1170 2195 1261 merita,

150 1272 226 1347 illia
241 1275 423 1361 abutitur,
455 1275 617 1347 accendit
631 1276 669 1343 in
692 1274 744 1345 eis
762 1275 884 1346 odium
902 1267 990 1354 Dei,
1020 1285 1054 1341 et
1069 1294 1146 1341 sae·
1199 1268 1259 1335 sed
1280 1268 1385 1336 sentit
1403 1260 1500 1337 hunc
1513 1288 1587 1337 esse
1602 1262 1754 1338 hostiam
1772 1291 1836 1358 pro
1860 1270 2022 1340 omnium
2038 1271 2193 1346 delictis:

148 1377 278 1451 vitiam
299 1378 469 1446 adversus
492 1376 649 1448 membra
669 1371 816 1447 Christi.
873 1374 957 1449 Non
977 1374 1087 1464 igitur
1103 1372 1147 1441 li·
1200 1369 1296 1440 videt
1318 1368 1501 1440 voluntate
1523 1368 1608 1455 Dei,
1640 1363 1725 1440 huic
1739 1383 1872 1441 tantam
1890 1393 2040 1462 poenam
2057 1372 2194 1466 irroga.

148 1480 326 1551 berantur
346 1502 367 1549 a
387 1492 521 1566 morte,
553 1481 613 1549 sed
638 1492 749 1549 ruunt
776 1479 813 1549 in
834 1491 995 1547 aeternos
1011 1475 1147 1546 crucia·
1199 1484 1271 1541 tam
1292 1493 1364 1541 esse
1388 1469 1590 1557 innocenti,
1622 1484 1665 1542 ut
1679 1472 1737 1542 liat
1753 1464 1868 1546 hostia
1891 1497 1956 1565 pro
1973 1488 2049 1547 toto
2065 1499 2193 1567 genere

147 1598 227 1665 tus,
260 1603 341 1651 cum
371 1579 516 1674 quidem
539 1580 610 1650 iam
638 1579 693 1651 bis
714 1581 870 1653 latrones
892 1580 981 1662 sint,
1013 1573 1146 1648 habent
1198 1566 1368 1647 humano.
1428 1570 1528 1643 Talis
1551 1572 1636 1644 fides
1659 1587 1752 1645 certo
1783 1574 1949 1666 impetrat
1975 1579 2192 1670 promissaa

147 1681 355 1755 communia
382 1683 513 1753 scelera
536 1683 600 1754 toti
626 1683 749 1773 generi
772 1677 941 1755 humano.
1001 1678 1066 1749 His
1081 1680 1146 1749 ad·
1197 1671 1284 1747 Deo.
1345 1671 1466 1763 Quare
1495 1670 1661 1746 Christus
1693 1676 1786 1748 clara
1810 1700 1895 1747 voce
1926 1701 2008 1749 eum
2037 1681 2192 1757 absolvit

145 1786 242 1855 dunt
263 1794 506 1875 contemptum
531 1783 690 1854 beneficii
712 1780 865 1869 Christi,
899 1797 934 1853 et
950 1782 1142 1852 crudelita-
1198 1778 1352 1871 aculpa,
1375 1801 1415 1847 ac
1429 1778 1604 1869 promittit
1617 1778 1649 1847 ei
1663 1801 1792 1849 novam
1808 1793 1840 1850 et
1850 1795 2054 1870 perpetuam
2071 1784 2192 1873 vitam,

147 1899 240 1970 gam,
266 1908 372 1977 quam
390 1885 429 1953 in
445 1881 627 1956 Christum
644 1899 680 1956 et
701 1886 777 1955 eins
800 1886 959 1955 membra
974 1896 1144 1957 exercent,
1197 1880 1409 1948 confirmans
1448 1880 1519 1948 iam
1551 1881 1877 1972 interpretationem
1911 1882 2190 1971 promissionum

146 1986 269 2061 Huius
284 1985 386 2077 impii
409 1987 561 2077 agminis
576 1987 734 2058 universi
756 1982 867 2060 εἰκών
882 2001 935 2057 est
950 1985 1145 2055 maledicus
1198 1974 1501 2073 propheticarum:
1541 1976 1674 2066 Hodie,
1708 1982 1842 2079 inquit,
1878 1982 1947 2053 eris
1976 2009 2115 2057 mecum
2152 1989 2190 2059 in

146 2090 255 2164 latro.
311 2085 414 2158 Nunc
446 2090 490 2159 de
527 2089 639 2159 altero
677 2088 812 2174 dicam,
846 2087 908 2183 qni
937 2089 1145 2159 emendatus
1196 2082 1370 2173 paradiso.
1428 2080 1589 2176 Corpora
1611 2083 1881 2177 relinquebant,
1915 2099 1951 2158 et
1976 2101 2094 2160 tamen
2118 2114 2190 2163 arna

145 2188 325 2281 significat
346 2184 560 2272 Ecclesiam,
594 2212 685 2284 quae
708 2203 761 2260 est
781 2190 890 2262 altera
905 2213 986 2281 pars
1005 2188 1144 2280 generis
1195 2184 1308 2254 loturi
1333 2198 1434 2255 erant
1458 2186 1496 2256 in
1520 2200 1622 2258 coctu
1645 2184 1797 2285 piorum·
1809 2182 2030 2276 Angelorum
2046 2216 2086 2262 ac
2099 2191 2189 2264 Pro-

145 2286 319 2374 humani,
352 2315 442 2384 quae
465 2306 500 2363 et
525 2292 603 2387 ipsa
623 2283 810 2375 latrocinio
825 2291 1064 2365 contaminata
1081 2305 1145 2377 est,
1195 2281 1401 2376 phetarum,
1424 2287 1487 2381 qui
1501 2288 1573 2359 Dei
1589 2288 1845 2360 consuetudine
1857 2290 2039 2365 fruuntur.

145 2416 190 2465 ac
204 2392 376 2463 destinata
392 2392 520 2476 morti,
543 2394 702 2483 agnoscit
726 2418 763 2466 se
778 2389 910 2465 habere
927 2408 1084 2484 peccata,
1109 2406 1152 2464 et
1297 2384 1459 2459 Audistis
1484 2392 1573 2460 duas
1606 2390 1807 2483 perspicuas
1828 2386 2017 2480 Evangelii
2047 2397 2189 2467 concio-

144 2493 407 2567 calamitatibus
424 2495 629 2582 ingentibus
647 2519 687 2567 ac
702 2497 809 2577 morti
831 2496 984 2568 obnoxia
1007 2510 1078 2581 est,
1103 2509 1144 2566 ut
1195 2512 1277 2578 nes,
1302 2492 1346 2560 de
1360 2491 1540 2562 beneficiis
1556 2486 1711 2583 Christi,
1739 2494 1782 2564 de
1807 2492 2118 2584 reconciliatione,
2144 2502 2188 2571 de

143 2596 278 2669 caeteri
310 2589 482 2670 homines.
548 2599 619 2669 Sed
642 2594 804 2668 redditur
827 2598 860 2666 ei
888 2610 968 2691 post
991 2610 1141 2667 mortem
1193 2592 1266 2662 vita
1283 2607 1462 2686 perpetua.
1513 2592 1624 2664 Latro
1637 2594 1725 2686 petit
1749 2598 1890 2667 veniam
1909 2596 2019 2667 fretus
2034 2623 2108 2668 non
2124 2602 2189 2672 be-

143 2720 241 2769 nova
264 2710 298 2767 et
315 2712 481 2788 perpetua
498 2698 589 2783 vita,
623 2700 703 2783 lux,
731 2700 923 2791 sapientia,
954 2699 1142 2771 iusticia'et
1194 2694 1343 2766 nesactis
1363 2696 1453 2780 suis,
1489 2696 1550 2765 sed
1572 2691 1721 2767 Domini
1741 2696 1927 2768 clementia
1947 2712 1982 2768 et
2001 2701 2185 2776 sacrificio.

142 2798 301 2877 laeticia.
360 2797 458 2870 Haec
480 2803 661 2894 quomodo
682 2801 787 2888 hant,
819 2826 861 2873 ex
878 2797 945 2873 hoc
962 2800 1142 2895 colloquio
1194 2791 1359 2870 Christus
1382 2798 1593 2889 promittens
1629 2796 1661 2867 ei
1692 2798 1833 2870 veniam
1860 2812 1893 2869 et
1920 2799 2029 2870 vitam
2060 2827 2187 2899 perpe.

142 2901 345 2985 diurnus,
377 2902 495 2994 quod,
520 2915 561 2973 ut
581 2916 664 2974 ante
681 2903 776 2989 dixi,
800 2896 1142 2995 omniumprophe·
1193 2910 1312 2984 tuam,
1336 2911 1484 2971 testatur
1508 2893 1594 2970 haec
1619 2900 1789 2971 beneficia
1805 2896 1997 2973 hocmodo
2012 2906 2189 2979 credenti-

141 3003 298 3079 sicarum
336 3016 371 3074 et
406 3003 680 3095 apostolicarum
716 3006 928 3077 concionum
967 3027 1140 3075 summam
1191 3002 1260 3071 bus
1275 3001 1365 3073 dari.
1399 2998 1547 3073 Possent
1563 2996 1650 3071 baec
1663 3003 1777 3073 multo
1793 3002 1938 3075 uberius
1952 3005 2100 3094 exponi,
2126 3012 2187 3081 sed

140 3103 404 3196 complectitur.
463 3105 633 3194 Agnoscit
654 3128 717 3177 sua
740 3121 880 3198 peccata
896 3102 955 3177 bic
971 3107 1081 3191 latro,
1107 3120 1141 3177 et
1192 3126 1274 3173 cum
1305 3104 1399 3195 apud
1435 3103 1591 3173 eruditos
1613 3096 1788 3174 habeatur
1817 3103 1951 3188 oratio,
1984 3106 2087 3177 nolui
2115 3134 2188 3182 esse

140 3206 283 3299 ingenti
306 3219 406 3276 motu
427 3208 539 3276 animi
561 3210 750 3296 confugere
773 3210 879 3279 audet
902 3210 947 3278 ad
972 3207 1141 3279 liberato-
1191 3202 1383 3297 prolixior:
1414 3205 1490 3275 dixi
1513 3227 1687 3274 summam
1710 3202 1895 3297 Evangelii
1913 3207 1951 3276 in
1972 3203 2029 3278 his
2044 3214 2188 3284 concio-

142 3332 237 3381 rem.
287 3304 461 3381 Audierat
483 3310 529 3379 de
549 3302 616 3379 boc
631 3308 728 3379 socio
743 3309 910 3403 supplicii
925 3306 1026 3393 lesu,
1052 3310 1140 3405 qnid
1191 3306 1299 3377 nibus
1311 3300 1601 3397 comprehensam
1615 3328 1701 3379 esse.
1738 3305 1876 3379 Hortor
1890 3307 1995 3379 etiam
2011 3324 2052 3380 ut
2070 3336 2188 3383 exem-

145 3408 340 3481 docuisaet:
366 3411 529 3483 audierat
542 3434 623 3480 eum
639 3409 839 3483 testimonia
856 3411 1038 3483 doctrinae
1056 3434 1140 3483 auae
1192 3407 1292 3500 plum
1322 3406 1524 3489 imitemur,
1556 3432 1596 3478 ac
1620 3406 1731 3477 simili
1753 3409 1880 3501 fiducia
1900 3413 1946 3482 ad
1981 3408 2094 3482 lilium
2117 3412 2187 3487 Dei

145 3532 228 3581 non
248 3510 400 3601 vadgcia
423 3507 643 3597 exhibuisse,
672 3525 707 3582 et
726 3528 881 3585 senserat
900 3536 982 3583 eum
997 3514 1140 3601 iniuste,
1191 3508 1449 3609 confugiamus.
1492 3508 1589 3581 Haec
1603 3521 1675 3595 est,
1695 3524 1736 3583 ut
1750 3511 1866 3594 scitis,
1891 3512 2073 3585 doctrinae
2088 3537 2186 3587 sum·

140 3610 279 3683 scelere
304 3611 518 3685 Pontificum
552 3629 693 3706 raptum
727 3638 801 3685 esse
834 3618 881 3685 ad
913 3614 1137 3709 supplicium.
1191 3634 1271 3697 ma,
1303 3614 1348 3682 de
1381 3612 1521 3684 iusticia
1548 3612 1651 3694 fidei,
1683 3635 1744 3685 seu
1780 3615 1825 3685 de
1852 3613 2119 3706 regeneratione
2151 3634 2186 3692 et

142 3712 322 3785 Audierat
351 3730 385 3788 et
407 3716 576 3808 quasdam
602 3717 679 3787 eius
708 3739 812 3787 voees
833 3717 871 3785 in
893 3740 1014 3803 cruce,
1052 3740 1140 3812 quas
1190 3714 1291 3785 aditu
1306 3715 1350 3785 ad
1366 3714 1476 3786 vitam
1491 3728 1681 3789 aeternam.
1732 3708 1927 3787 Videamus
1937 3714 2086 3813 reliqua.
2132 3716 2186 3792 Ne

138 3814 442 3888 animadverterat
473 3840 547 3887 non
572 3817 744 3910 proficisci
774 3843 794 3888 a
820 3819 957 3908 vulgari
982 3814 1138 3892 homine.
1190 3815 1269 3888 heri
1291 3815 1438 3911 quidem
1452 3830 1584 3912 potest,
1612 3830 1651 3889 ut
1664 3810 1824 3895 Ecclesia
1840 3818 1884 3891 ait
1898 3818 1975 3890 sine
1990 3819 2087 3891 cultu
2103 3820 2185 3909 Dei,

142 3914 256 3987 Videt
276 3931 439 4003 naturam
465 3942 603 3999 rerum,
629 3932 911 4005 terraemotum,
935 3921 1070 3992 subitas
1085 3932 1139 3991 te·
1189 3919 1269 3989 sine
1282 3918 1483 4004 sacrificiis,
1505 3919 1582 3990 sine
1595 3918 1700 3991 bonis
1717 3920 1903 4013 operibus,
1927 3920 2005 3991 sine
2023 3923 2186 3993 certami-

136 4019 275 4091 nebras
288 4019 374 4093 solis
396 4022 441 4090 de
454 4044 497 4090 eo
513 4020 714 4093 testimonia
735 4024 853 4093 edere:
886 4046 996 4116 quare
1016 4022 1140 4094 statuit
1191 4020 1311 4095 nibus.
1361 4019 1446 4093 ldeo
1460 4022 1556 4093 enim
1572 4019 1959 4113 Derurestituitgenus
1973 4016 2185 4112 humanum,

141 4114 245 4195 hunc
267 4143 350 4191 vere
379 4144 454 4193 esse
482 4123 708 4194 liberatorem
742 4136 777 4195 et
804 4120 1004 4195 Christum.
1061 4122 1139 4195 Hac
1191 4138 1232 4195 ut
1254 4122 1348 4195 inter
1372 4116 1536 4195 homines
1560 4122 1671 4215 ipsius
1692 4122 1823 4195 noticia
1839 4124 1955 4195 luceat
1971 4147 2012 4197 ac
2027 4124 2184 4199 celebre·
2283 4192 2289 4201 .

138 4220 214 4295 lide
241 4223 427 4310 excitatus,
461 4223 597 4317 inquit:
644 4222 828 4297 Memento
860 4226 928 4297 mei
962 4226 1138 4313 Domine,
1190 4240 1266 4297 tur:
1296 4248 1405 4319 quare
1426 4226 1542 4297 cultus
1563 4237 1599 4295 et
1617 4222 1734 4295 officia
1749 4239 1842 4297 certa
1865 4226 2032 4319 postulat.
2083 4225 2181 4301 Num

138 4348 225 4397 curn
240 4327 380 4396 veneris
393 4326 432 4395 in
446 4349 593 4416 regnum
607 4339 719 4397 trium.
769 4324 1000 4399 Considerate
1009 4342 1138 4413 autem,
1190 4323 1277 4398 haec
1299 4327 1456 4417 neglexit
1476 4328 1567 4398 latro
1591 4326 1818 4412 emendatus,
1839 4350 1927 4399 num
1944 4328 2030 4422 quia
2046 4331 2181 4421 pende-

137 4449 252 4521 quam
275 4426 440 4498 miranda
463 4428 523 4499 lux
546 4429 583 4496 in
607 4422 675 4498 hoc
699 4428 838 4500 latrone
854 4431 1002 4503 fulserit.
1054 4428 1137 4501 Non
1189 4431 1251 4501 bat
1265 4430 1437 4501 nudusac
1452 4428 1612 4509 vinctus,
1633 4428 1733 4499 nulla
1749 4428 1864 4499 officia
1879 4425 1957 4500 Deo
1982 4430 2182 4522 praestitit?

127 4530 342 4599 ‘deterretur
354 4529 521 4607 foeditate
536 4529 701 4621 supplicii
715 4544 750 4602 et
763 4545 877 4603 morte
887 4526 1041 4617 Christi,
1065 4556 1137 4626 quo
1190 4530 1256 4603 ttte
1271 4554 1356 4601 vero
1375 4531 1579 4624 praecipuos
1594 4524 1749 4602 honores
1763 4523 1906 4601 Christo
1922 4531 2067 4618 tribuit,
2090 4554 2180 4626 quos

139 4630 265 4701 minus
294 4630 426 4702 iudicet
456 4655 539 4701 eum
568 4654 642 4703 esse
665 4632 876 4722 promissum
898 4634 1138 4709 liberatorem.
1188 4630 1287 4705 Deua
1300 4632 1339 4704 in
1355 4633 1480 4727 primis
1496 4631 1649 4725 flagitat:
1682 4631 1753 4722 agit
1770 4631 2046 4722 poenitentiam,
2069 4654 2180 4724 agno-

137 4728 285 4805 Deinde
304 4733 409 4823 longe
430 4734 536 4804 aliter
564 4736 608 4803 de
631 4731 762 4803 Messio
787 4734 912 4820 sentit,
941 4760 1048 4830 qnam
1080 4735 1137 4807 vel
1188 4734 1255 4807 scit
1275 4736 1532 4819 auumscelus,
1568 4747 1660 4805 recte
1682 4732 1790 4805 sentit
1817 4734 1862 4804 de
1884 4728 1954 4803 hoc
1976 4733 2179 4821 liberatore,

138 4828 347 4918 Pharisaei,
372 4836 426 4905 vel
451 4832 634 4926 Apostoli,
659 4835 803 4929 utrique
824 4839 1053 4928 expectabant
1068 4837 1137 4907 im-
1188 4832 1282 4909 nihil
1311 4836 1498 4911 deterritus
1530 4835 1593 4906 illa
1616 4835 1813 4931 miserabili
1841 4834 1956 4927 specie
1983 4836 2180 4922 morientis,

139 4935 242 5027 peria
258 4949 294 5007 et
313 4960 410 5028 opes.
461 4935 532 5009 Hic
548 4937 639 5010 latro
655 4936 725 5008 iam
741 4932 939 5030 Prophetas
960 4939 1138 5032 interpre·
1183 4939 1332 5013 invocat
1344 4962 1438 5011 eum.
1485 4934 1585 5009 llaec
1597 4951 1681 5010 sunt
1694 4961 1776 5008 vere
1789 4937 1847 5030 pia
1861 4959 1981 5029 opera.
2030 4935 2179 5011 Accedit

139 5048 258 5123 tatur,
282 5040 385 5109 docet
401 5037 570 5109 Messinm
590 5040 822 5111 liberaturum
837 5063 903 5111 nos
918 5064 991 5111 esse
1006 5066 1026 5111 a
1043 5042 1138 5112 veria
1188 5055 1224 5114 et
1246 5040 1439 5113 dimicatio.
1477 5124 1482 5131 Ι
1499 5037 1715 5135 Quanquam
1730 5038 1827 5109 enim
1847 5040 1979 5132 pendet
1989 5038 2180 5113 semivivus

138 5152 176 5211 et
192 5139 346 5213 aeternis
361 5140 485 5224 malis,
511 5154 713 5231 apeccato,
738 5166 759 5209 a
776 5143 956 5234 perpetuis
971 5143 1137 5215 cruciati·
1187 5166 1229 5216 ac
1258 5143 1418 5215 laceratis
1445 5141 1634 5231 membris,
1663 5155 1783 5213 tamen
1809 5140 1909 5213 venit
1935 5140 1975 5211 in
2001 5154 2178 5215 certamen

136 5240 231 5327 bus,
257 5264 299 5312 ac
320 5256 549 5332 regnaturum
572 5267 646 5315 non
668 5242 707 5311 in
729 5237 795 5313 hac
818 5244 1020 5320 calamitosa
1053 5246 1137 5331 vita,
1187 5269 1270 5317 cum
1292 5244 1551 5331 conviciatore,
1582 5268 1655 5339 quo
1677 5266 1798 5333 severe
1818 5242 1986 5335 castigato
2008 5243 2180 5317 etobiur-

140 5342 205 5413 aed
226 5338 419 5434 posthanc
445 5344 572 5426 vitam,
602 5344 667 5415 ubi
688 5342 1136 5421 lruemurDeiconsuetu·
1188 5360 1284 5438 gato,
1308 5348 1468 5419 defendit
1487 5341 1623 5419 Christi
1642 5344 1805 5437 gloriam.
1854 5342 1953 5419 Haec
1974 5357 2028 5416 est
2041 5346 2179 5417 conles-

141 5444 246 5528 dine,
277 5444 419 5519 liberati
449 5446 495 5516 ab
525 5445 695 5518 omnibus
716 5447 899 5520 erroribus
921 5463 957 5521 et
974 5448 1138 5523 miseriis.
1187 5450 1261 5538 sio,
1286 5474 1394 5545 quam
1406 5448 1529 5544 quanti
1540 5444 1761 5535 laciatllens,
1781 5469 1884 5542 saepe
1892 5462 2015 5521 monet
2027 5446 2180 5543 scripto·

193 5548 678 5619 tttnsnu.0m.v0e.x1.
1543 5572 1548 5587 ¹
1690 5548 1737 5623 81
