4664 6022
155 290 232 376 326
612 291 884 375 asculta
915 289 1256 370 DlGNlTATE
1289 290 1494 369 sruutt
1525 290 1739 372 THEOL.
2119 301 2208 391 '326

149 471 231 542 odit
252 463 507 559 Evangelium3
543 468 673 539 deinde
700 470 960 555 ministerium,
991 463 1060 540 boc
1087 482 1151 555 est,
1203 467 1348 553 feratis,
1373 482 1407 538 et
1422 467 1515 539 batis
1533 468 1603 538 mei
1620 467 1800 562 discipuli.
1851 466 1922 545 Hic
1944 471 2038 544 clare
2054 483 2203 550 testatur

151 593 289 643 munus
312 572 463 642 docendi
488 571 620 644 iudicat
645 596 720 643 esse
740 575 852 643 lacem
872 573 1089 643 seditionum
1116 584 1152 641 et
1202 570 1251 642 ita
1274 569 1465 661 glorificari
1489 588 1645 662 patrem,
1671 573 1701 643 si
1725 573 1815 643 alios
1835 574 2024 645 doceamus
2040 579 2202 663 verbum,

150 673 400 765 dissipationis
432 675 542 745 totius
574 675 712 765 generis
742 671 912 760 humani,
946 689 981 746 et
1004 675 1148 770 quidem
1203 697 1293 766 quos
1309 675 1354 745 ab
1370 676 1447 767 ipso
1463 688 1633 768 tanquam
1647 675 1812 767 discipuli
1824 678 2036 769 accepimus,
2063 678 2200 754 etPro-

149 774 289 850 Paulus
313 777 389 869 ipse
407 777 633 848 acerbitatem
652 778 727 849 odii
743 777 783 848 in
800 772 1005 849 bominibus
1023 780 1150 848 adver·
1202 772 1308 869 pheta
1332 779 1401 868 ait,
1437 801 1543 871 quam
1568 777 1717 870 speciosi
1742 780 1846 869 pedes
1866 774 2199 871 Evangeliaantium

151 903 214 952 sus
227 882 392 951 doctores
405 875 590 970 Evangelii
605 880 805 951 illustribus
821 881 937 951 verbis
953 882 1149 973 descripsit,
1202 903 1333 971 pacem.
1385 879 1570 971 Significat
1593 881 1689 950 enirn
1712 893 1746 951 et
1770 878 1848 951 Deo
1875 895 1910 953 et
1931 879 2110 956 Ecclesiae
2132 881 2197 958 hos

150 1005 233 1053 cum
249 982 312 1067 ait,
331 979 523 1073 Apostolos
540 977 665 1053 baberi
685 1008 750 1075 pro
766 977 990 1054 catharmatis
1004 998 1039 1055 et
1053 985 1146 1076 peri-
1193 983 1352 1052 nuncios
1368 983 1521 1074 placere,
1547 982 1682 1053 etiamsi
1706 985 1863 1055 mundus
1878 1009 1939 1055 eos
1953 988 2041 1069 odit,
2067 1003 2102 1060 et
2119 990 2195 1060 vel·

151 1084 340 1177 prematis,
370 1079 438 1154 hoc
460 1097 530 1170 est,
561 1110 624 1176 pro
650 1087 800 1177 piaculis
817 1088 1039 1172 execrandis,
1064 1088 1144 1181 qni·
1200 1085 1250 1156 uti
1268 1099 1431 1177 portenta
1445 1077 1637 1161 execratur.
1672 1084 1751 1157 Hoc
1766 1086 1882 1179 ipsum
1892 1090 2044 1159 docendi
2062 1115 2193 1164 munus

150 1189 219 1258 bus
241 1185 342 1258 Deus
365 1185 639 1279 implacabiliter
664 1190 854 1273 irascatur,
880 1192 1051 1284 aquibus
1074 1202 1145 1261 tota
1200 1200 1301 1257 vocat
1323 1186 1452 1258 Paulus
1476 1189 1704 1274 sacrificium,
1733 1189 1827 1260 sicut
1850 1203 1884 1260 et
1907 1191 1993 1262 alibi
2017 1193 2193 1285 scriptura

151 1312 273 1361 rerum
306 1302 433 1360 natura
466 1283 674 1373 abhorreat,
718 1316 871 1384 quorum
898 1292 1024 1361 umbra
1049 1292 1148 1362 velut
1198 1314 1300 1382 saepe
1321 1291 1369 1359 ita
1391 1292 1552 1382 appellat
1614 1289 1736 1381 Quare
1755 1293 1907 1363 sciamus
1935 1289 2031 1365 bunc
2055 1297 2192 1369 cultum

150 1391 318 1484 contagio
334 1403 460 1462 noceat
472 1393 659 1463 universae
671 1393 828 1464 societati
843 1387 1043 1471 bominum.
1199 1393 1385 1483 praecipue
1404 1394 1539 1486 requiri
1557 1395 1717 1484 anobis,
1743 1408 1778 1465 et
1791 1394 1943 1468 sciamus
1965 1396 2041 1469 Deo
2064 1399 2192 1488 gratis-

255 1549 320 1613 lam
336 1555 383 1614 sol
396 1552 581 1637 stupefactus
595 1558 712 1617 sceleris
728 1554 935 1639 magnitudine

254 1651 397 1736 Resistit,
423 1670 453 1719 et
473 1679 576 1720 currus
593 1662 709 1740 pellens
729 1659 847 1722 inhibet
861 1680 941 1738 suos,

222 1760 228 1771 '
252 1754 437 1844 Lumeuque
453 1765 556 1839 terris,
584 1775 660 1840 terra
673 1761 774 1845 fruges
788 1764 925 1844 denegat,

252 1858 295 1924 Et
310 1867 342 1923 iu
355 1877 441 1926 vetus
456 1877 561 1926 natura
578 1861 678 1929 Chaos
694 1866 900 1931 confunditur.

1197 1596 1259 1691 qui
1282 1613 1449 1690 praesunt
1473 1595 1658 1685 Ecclesiis,
1689 1614 1888 1672 sustentent
1916 1624 1991 1672 sese
2020 1603 2191 1675 adversus

1197 1699 1320 1794 iniqua
1335 1701 1476 1786 iudicia,
1499 1716 1532 1771 et
1547 1703 1660 1772 sciant
1674 1727 1710 1773 se
1723 1699 1800 1773 Deo
1815 1704 2044 1796 praecipuum
2059 1719 2095 1777 et
2108 1729 2192 1775 san-

1197 1803 1392 1874 ctissimum
1412 1806 1547 1875 cultum
1570 1805 1686 1876 officio
1711 1806 1864 1875 docendi
1887 1819 2074 1896 praestare.
2130 1806 2191 1878 ln·

1135 1943 1136 1946 =
1198 1906 1309 1978 vitent
1329 1907 1435 1975 etiam
1457 1902 1544 1976 baec
1559 1908 1745 1998 praeconia
1766 1909 1906 2000 plures,
1932 1923 1972 1980 ut
1989 1933 2025 1978 se
2042 1912 2084 1979 ad
2103 1905 2190 1980 baec

147 2007 274 2104 Neque
292 2008 387 2078 euim
407 2009 481 2079 beri
500 2024 634 2103 potest,
659 2012 748 2106 quin
766 2007 949 2082 horribilis
971 2012 1143 2083 acerbitas
1197 2010 1381 2099 praeconia
1399 2025 1620 2101 praeparent,
1641 2036 1680 2080 ac
1696 2011 1807 2081 sciant
1821 2035 1857 2081 se
1870 2036 2012 2106 quoque
2022 2012 2191 2106 discenda

147 2110 279 2182 odiiin
303 2110 381 2180 istis
395 2112 536 2197 existat,
561 2115 623 2207 qui
646 2114 805 2184 iudicant
821 2110 1054 2204 Evangelium
1071 2138 1144 2185 esse
1196 2106 1262 2181 hac
1274 2113 1449 2198 doctrina,
1475 2113 1685 2184 sacrificium
1703 2110 1780 2183 Deo
1795 2113 2033 2202 gratissimum
2050 2115 2190 2190 offerre.

130 2212 213 2284 'aut
226 2207 494 2304 blasphemiam,
517 2229 580 2285 arat
593 2218 869 2289 commentitiam
884 2217 1054 2303 fabulam,
1069 2217 1144 2286 dis-
1195 2213 1265 2287 Sed
1283 2215 1378 2285 dicat
1397 2215 1547 2308 aliquis,
1572 2216 1660 2310 quid
1684 2211 1769 2285 haec
1786 2212 1914 2286 Oratio
1928 2218 1973 2285 de
1988 2217 2188 2289 ministerio

148 2316 325 2406 sipantem
343 2316 511 2408 imperia,
536 2317 647 2407 leges,
673 2320 881 2391 constitutas
899 2317 1143 2412 Respublicas,
1195 2319 1240 2386 ad
1264 2312 1421 2404 scholas,
1452 2330 1488 2389 et
1512 2319 1555 2387 ad
1580 2317 1648 2388 hos
1670 2321 1800 2408 gradm
1824 2317 1864 2386 in
1886 2313 2019 2388 scholis
2040 2319 2191 2391 attinet?

146 2417 414 2504 ordinationes,
466 2420 760 2513 tranquillitatem
802 2424 941 2511 generis
981 2417 1142 2496 humani.
1194 2416 1270 2509 Ego
1288 2444 1372 2490 vero
1388 2421 1469 2489 ideo
1487 2423 1530 2490 de
1550 2422 1747 2492 ministeriu
1764 2420 1849 2506 diri,
1875 2434 1926 2506 ut,
1951 2447 2023 2515 quo
2039 2420 2190 2493 consilio

146 2517 239 2591 Cum
256 2515 314 2590 bis'
336 2521 483 2590 summis
505 2523 714 2593 criminibus
739 2524 891 2594 maxima
915 2548 996 2617 pars
1016 2527 1140 2595 muudi
1195 2524 1382 2594 tradantur
1396 2546 1514 2592 sacrae
1533 2524 1674 2607 literae,
1701 2526 1744 2592 ad
1762 2548 1865 2616 quem
1882 2523 1989 2592 finem
2007 2518 2046 2592 bi
2060 2525 2190 2615 gradm

146 2635 272 2692 oneret
286 2618 542 2713 Evangelium,
567 2638 686 2694 tamen
709 2624 997 2717 Pautnotngemi
1021 2627 1141 2697 animo
1194 2626 1377 2696 constituti
1395 2627 1485 2711 sint,
1511 2627 1754 2697 consideretis.
1807 2621 1898 2694 Nam
1915 2620 2001 2695 baec
2016 2625 2134 2697 studia
2149 2627 2188 2696 in

143 2727 319 2795 adversus
346 2721 432 2795 baec
460 2727 547 2796 falsa
572 2728 702 2798 iudicia
726 2730 899 2800 clamitat:
933 2728 1015 2800 Non
1033 2732 1143 2822 pudet
1193 2721 1325 2797 scholis
1345 2730 1390 2798 ad
1410 2729 1716 2800 conservationem
1744 2726 1933 2798 ministerii
1963 2728 2188 2800 ecclesiastici

142 2823 424 2915 uteErangelii‚
446 2851 579 2922 suaque
595 2856 678 2900 voce
701 2833 984 2913 nosconfirmat‚
1010 2845 1051 2903 ut
1072 2847 1141 2903 sta-
1194 2830 1337 2921 proprie
1354 2831 1543 2923 pertinent.
1595 2829 1675 2902 Hoc
1694 2829 1843 2902 consilio
1868 2843 1902 2900 et
1919 2830 2006 2900 olim
2029 2827 2187 2902 Alexan·
2237 2910 2242 2916 ,

143 2944 289 3003 tuamne
302 2943 398 3000 oerto
415 2926 649 3022 Evangeliuin
663 2958 786 3003 verum
803 2948 837 3007 et
852 2934 972 3005 efficax
990 2958 1079 3016 esse,
1108 2949 1138 3004 et
1193 2932 1310 3018 driae,
1344 2948 1377 3005 et
1403 2935 1442 3003 in
1467 2934 1633 3025 plurimis
1654 2933 1812 3024 collegiis
1835 2928 1977 3003 scholae
2003 2932 2188 3004 institutae

114 3092 123 3111 .
147 3044 328 3103 aeternam
343 3030 410 3102 Dei
427 3033 646 3106 voluntatem
662 3059 756 3123 esse,
783 3060 822 3106 ac
838 3061 970 3107 munus
988 3039 1139 3108 docendi
1193 3036 1355 3122 luerunt,
1380 3049 1421 3106 ut
1441 3037 1525 3106 inde
1543 3051 1769 3109 sumerentur
1783 3036 1947 3106 doctores
1973 3049 2008 3106 et
2030 3050 2187 3129 pastores

142 3128 337 3223 Evangelii
363 3136 622 3207 sanctissimum
650 3137 717 3208 Dei
745 3140 881 3210 cultum
909 3163 1001 3221 esse,
1031 3165 1140 3234 quem
1191 3134 1446 3208 Ecclesiarum.
1498 3135 1662 3210 Christus
1679 3141 1773 3209 enim
1791 3141 1852 3209 dat
1868 3134 2047 3210 Ecclesiae
2069 3153 2188 3232 pasto·

141 3238 336 3328 praecipue
351 3239 556 3332 requiritab
572 3236 791 3315 bominibus.
826 3240 960 3311 Verum
975 3257 1072 3312 tanta
1089 3255 1140 3311 est
1193 3263 1265 3325 res,
1292 3236 1481 3332 propbetas
1506 3244 1737 3326 etdoctores,
1760 3242 1907 3333 vultque
1928 3241 1973 3311 ab
1988 3234 2187 3312 hisEccle-

143 3339 333 3409 infirmitas
350 3339 456 3410 etiam
473 3338 594 3426 iubis,
619 3343 679 3435 qui
697 3367 771 3413 non
785 3357 868 3414 sunt
883 3357 1001 3435 aperte
1017 3342 1140 3430 ἄθεοι,
1191 3343 1279 3410 siam
1303 3342 1442 3413 institui
1463 3367 1504 3410 ac
1528 3344 1668 3427 doceri,
1701 3345 1848 3435 vultque
1872 3343 2073 3433 praeparari
2103 3343 2186 3414 illos

148 3456 214 3509 aut
243 3441 440 3514 defensores
478 3445 671 3534 impiorum
708 3446 885 3525 cultuum,
926 3460 968 3517 ut
1002 3459 1138 3517 tantum
1192 3444 1254 3537 qui
1281 3444 1506 3535 praeficiendi
1532 3460 1617 3517 suut
1637 3440 1824 3529 Ecclesiis,
1858 3467 1922 3513 nec
1944 3444 2021 3513 vult
2042 3443 2186 3535 praefici

144 3543 278 3611 muudi
298 3543 439 3615 iudiciis
460 3562 686 3627 moveantur,
713 3573 785 3641 quo
808 3549 927 3618 minus
946 3545 1140 3618 honorifice
1192 3547 1241 3616 eis
1256 3569 1401 3638 prorsus
1417 3547 1599 3631 indoctos,
1625 3561 1685 3618 aut
1707 3543 1873 3617 homines
1895 3545 2097 3636 imperitos,
2122 3545 2186 3638 qui

143 3646 190 3715 de
216 3644 414 3719 ministerio
436 3650 557 3735 verbi,
591 3650 628 3719 id
652 3663 724 3735 est,
753 3653 798 3719 de
819 3652 964 3743 publico
987 3652 1138 3721 docendi
1192 3649 1259 3719 sibi
1278 3649 1444 3719 videntur
1460 3644 1744 3734 αὐτοδίδακτοι,
1771 3664 1805 3721 et
1829 3649 1906 3718 sine
1926 3646 2002 3718 ullo
2024 3671 2091 3718 usu
2113 3647 2186 3740 spi-

142 3770 295 3818 munere
311 3751 477 3822 sentiant.
532 3750 612 3823 Huc
628 3754 781 3837 accedit,
807 3757 902 3846 quod
921 3778 1000 3823 cum
1014 3757 1137 3824 docto·
1191 3751 1312 3823 rituali
1329 3776 1370 3821 er
1386 3775 1461 3821 sese
1477 3754 1618 3842 fingunt
1639 3753 1838 3844 opiniones.
1893 3749 2055 3825 Fuerunt
2078 3750 2186 3841 igitur

141 3873 201 3920 res
224 3846 409 3942 Evangelii
432 3855 504 3925 sint
528 3856 656 3945 spreti,
680 3855 807 3940 invisi,
833 3871 867 3925 et
888 3870 1076 3927 versentur
1099 3858 1137 3924 in
1191 3855 1296 3925 initio
1320 3855 1357 3923 in
1381 3850 1549 3925 Ecclesiis
1570 3851 1739 3940 scholae,
1768 3879 1858 3948 quae
1877 3853 2015 3923 utinam
2041 3876 2186 3924 conser-

140 3953 297 4023 assiduis
318 3957 500 4046 periculis,
527 3958 632 4028 multi
650 3958 755 4027 etiam
778 3958 870 4027 lame
888 3972 1050 4051 pereant,
1077 3961 1137 4028 de·
1191 3972 1329 4028 vassent
1358 3958 1557 4030 doctrinam
1582 3982 1707 4049 puram
1733 3960 1779 4028 ab
1799 3944 1982 4048 Apostolis
2009 3955 2187 4029 traditam.

140 4068 326 4126 terrentur
348 4053 510 4128 homiues
532 4074 628 4131 metu
656 4058 894 4148 periculorum
924 4075 961 4130 et
984 4061 1137 4130 crucisa
1191 4057 1262 4130 Sed
1294 4056 1379 4129 baec
1412 4074 1597 4153 postquam
1627 4060 1762 4151 ingenti
1792 4073 1827 4130 et
1849 4057 2053 4128 admirabili
2075 4058 2186 4128 bene·

141 4158 343 4229 ministerio
357 4157 562 4253 Evangelii,
587 4174 620 4233 et
644 4162 814 4254 quoniam
834 4156 988 4232 bonores
1014 4177 1049 4233 et
1064 4187 1140 4231 am-
1191 4160 1270 4231 bcio
1285 4159 1351 4233 Dei
1370 4176 1537 4232 renovata
1550 4174 1619 4246 est,
1643 4177 1678 4233 et
1692 4160 1788 4231 Deras
1803 4156 1861 4230 bis
1886 4159 2072 4252 postremis
2097 4174 2186 4232 tem·

140 4261 202 4353 pla
221 4263 378 4351 praemia
394 4267 574 4357 proposita
593 4279 678 4335 sunt
694 4266 781 4334 alias
799 4279 1026 4358 quaestuosas
1048 4277 1139 4335 artes
1191 4265 1339 4354 poribus
1361 4265 1489 4334 iterum
1508 4264 1606 4333 dedit
1619 4259 1854 4356 Prophetam,
1882 4277 1921 4334 ut
1936 4262 1999 4331 alii
2019 4262 2185 4332 erudian-

139 4366 404 4450 esercentibus,
430 4368 512 4437 ideo
536 4366 738 4460 paucissimi
765 4390 802 4436 se
824 4368 868 4435 ad
890 4363 958 4437 boc
982 4366 1138 4437 studium
1193 4380 1266 4450 tur,
1302 4367 1457 4458 prolecto
1483 4389 1605 4436 rursus
1628 4390 1753 4437 curare
1772 4367 1902 4436 debent
1926 4360 2121 4449 Ecclesiae,
2146 4373 2187 4432 ut

140 4489 323 4537 sacrarum
351 4471 553 4552 literarum,
589 4486 650 4540 aut
679 4469 916 4540 ministerium
940 4470 1137 4540 conferunt.
1193 4468 1281 4539 illud
1307 4468 1519 4538 beneficium
1544 4467 1628 4553 Dei,
1654 4469 1819 4540 videlicet
1842 4466 2038 4538 doctrinam
2064 4460 2186 4534 Evan-

140 4566 256 4639 Multi
281 4571 387 4640 etiarn
413 4586 540 4662 putant
564 4567 631 4642 boc
653 4595 763 4661 genus
780 4573 964 4643 doctrinae
980 4573 1056 4643 sine
1074 4574 1139 4642 do·
1191 4571 1275 4660 gelii
1289 4594 1435 4661 puram,
1461 4594 1601 4641 summo
1616 4572 1737 4642 studio
1753 4580 1982 4652 conservent,
2008 4566 2103 4636 etad
2123 4586 2187 4656 po·

140 4671 303 4742 ctoribus
331 4674 463 4765 percipi
492 4698 602 4765 posse.
656 4672 751 4744 lacet
779 4674 888 4766 igitur
918 4687 1140 4763 contemptus
1192 4687 1303 4744 steros
1318 4672 1572 4744 transmittant.
1622 4671 1823 4743 Plurimum
1848 4673 1967 4764 itaque
1989 4668 2097 4739 refert
2116 4667 2187 4737 ite-

141 4773 210 4843 iste
235 4777 324 4843 ordo
349 4777 608 4850 ministrorum.
668 4774 885 4869 Quanquam
907 4791 1025 4847 autem
1054 4771 1140 4846 baec
1193 4800 1293 4860 rum,
1325 4799 1415 4872 qnos
1438 4770 1632 4846 babeamus
1654 4788 1913 4867 praeceptores,
1946 4794 2098 4864 quorum
2123 4792 2190 4840 au-

141 4875 253 4965 vulgo
276 4877 323 4946 ita
348 4878 453 4966 bant,
485 4893 603 4949 tamen
630 4879 679 4970 pii
700 4879 938 4948 adolescentes
962 4879 1140 4948 inculcare
1193 4879 1334 4949 diamus
1355 4878 1487 4948 iudicia
1512 4879 1557 4947 de
1581 4879 1688 4948 rebus
1708 4875 1872 4947 maximis
1894 4886 1928 4944 et
1949 4873 1993 4941 de
2013 4869 2191 4963 dogmati-

142 4977 215 5047 sibi
246 4973 340 5050 hanc
371 4978 623 5051 vocem'Pauli
651 4983 800 5051 debent:
841 4979 923 5051 Non
947 4982 1058 5073 pudet
1085 5004 1141 5049 me
1193 4981 1269 5049 bus.
1322 4979 1423 5052 Sicut
1455 4979 1566 5050 sancti
1599 4978 1720 5049 Patres
1747 5002 1849 5070 saepe
1882 4975 2032 5064 allegant
2061 4972 2192 5066 partim

142 5074 353 5170 Evangelii,
379 5100 413 5156 et
428 5084 627 5174 intelligere
643 5097 773 5178 quauta
788 5082 942 5174 dignitas
965 5083 1012 5153 sit
1033 5077 1142 5153 buius
1193 5078 1405 5174 Apostolos,
1439 5081 1568 5172 partim
1594 5085 1775 5172 proximos
1797 5076 2052 5171 Apostolorum
2077 5072 2194 5146 aetati.

142 5181 352 5269 ministerii,
376 5210 481 5281 seque
497 5186 540 5255 ad
556 5186 592 5256 id
611 5209 837 5278 praeparare,
862 5198 902 5254 ut
920 5185 1056 5277 possint
1073 5180 1141 5254 Ec·
1195 5181 1362 5254 lrenaeus
1380 5184 1474 5252 enim
1497 5185 1582 5255 citat
1597 5182 1856 5276 Polycarpum,
1881 5178 1943 5274 qui
1958 5180 2074 5250 suerat
2090 5172 2194 5246 audi·

142 5284 274 5354 clesiae
299 5310 379 5356 cum
402 5311 492 5381 opus
509 5289 554 5357 sit
577 5290 719 5361 servire.
772 5285 841 5357 llic
856 5289 954 5356 enim
978 5301 1030 5357 est
1045 5311 1143 5356 sum·
1193 5301 1251 5357 tor
1267 5284 1432 5378 Apostoli
1450 5284 1606 5369 loannis,
1632 5299 1667 5356 et
1685 5283 1833 5354 Florino
1850 5280 2064 5352 Valentinus
2079 5298 2196 5368 oppo-

143 5409 226 5456 mus
243 5383 308 5456 Dei
328 5391 461 5472 cultus,
489 5390 578 5460 sicut
596 5386 761 5461 Christus
777 5389 891 5469 docet,
912 5413 992 5459 cum
1008 5389 1074 5459 ait:
1098 5386 1140 5458 ln
1194 5389 1250 5457 nit
1271 5389 1501 5458 autoritatem
1518 5384 1718 5482 Polycarpi.
1768 5382 1924 5454 Basilius
1945 5378 2083 5451 audivit
2099 5375 2196 5446 Neo·

144 5483 215 5559 boc
244 5489 459 5579 glorificatur
479 5506 580 5585 pater
601 5517 717 5578 meus,
749 5507 789 5565 ut
810 5493 966 5563 fructum
989 5491 1140 5563 multum
1193 5490 1468 5574 caesariensem,
1493 5485 1801 5664 cuiuszpqaecipua
1816 5485 1888 5558 tuit
1902 5483 2090 5567 autoritas,
2115 5498 2198 5551 cum

1197 1494 1326 1566 simum
1344 1520 1474 1567 munus
1492 1519 1576 1566 esse.
1612 1494 1689 1567 Hac
1703 1497 1946 1568 consolatione
1963 1500 2050 1570 boni
2077 1513 2112 1570 et
2129 1501 2192 1593 pii,
2307 1543 2313 1553 ·
