4664 6022
132 218 212 357 eci
552 273 718 355 ouen
758 273 834 352 uu
867 256 1014 351 vrra
1046 267 1360 352 nouorum
1395 268 1775 352 scameras.-
2104 282 2180 358 aaa

132 456 237 527 ribus
257 452 444 545 disputans
456 452 510 521 'de
535 450 730 525 eruditiore
750 446 1000 544 Philosophia.
1063 447 1142 522 Au·
1193 462 1297 538 saepe
1320 445 1536 537 praedicavit
1558 443 1742 542 Rodolphi
1765 465 1946 536 naturam,
1978 480 2081 549 quem
2106 458 2189 529 imi.

135 558 256 629 dierat
290 568 409 626 autem
438 554 603 627 renovari
630 570 716 625 tunc
743 553 901 624 Graecae
930 568 964 650 et
993 555 1142 625 Latinae
1193 551 1261 619 tari
1278 549 1436 617 ltalicam
1451 563 1669 619 venustatem
1685 553 1760 621 sine
1773 554 1914 645 ineptiis
1930 561 2083 648 potuisse
2096 562 2188 632 fere-

134 660 282 748 linguae
306 657 421 728 studia
446 658 484 725 in
509 653 623 730 ltalia.
679 654 770 727 Nam
797 671 875 749 post
901 671 1042 749 captum
1069 655 1142 749 By·
1193 653 1264 720 bat.
1303 649 1435 718 Verum
1452 648 1611 721 Musicae
1630 667 1776 723 naturae
1791 659 1834 724 ad
1852 652 2186 748 pronunciationem

136 760 318 849 rentium,
344 756 575 848 Graecipulsi
592 758 722 849 patria,
749 760 786 827 in
804 757 941 828 ltaliam
957 760 1063 828 multi
1082 783 1143 826 ve·
1192 768 1227 822 et
1250 753 1444 835 actionem,
1470 752 1622 842 aptiores
1646 761 1903 828 suntcaeteris.
1956 759 2105 835 Constat
2120 789 2186 835 au-

138 872 295 946 nerunt,
320 861 383 955 qui
403 855 669 949 Philosophiam
692 873 725 930 et
747 861 989 954 eloquentiam
1014 863 1065 928 ihi
1086 885 1141 929 re·
1192 868 1259 923 tem
1277 850 1511 942 Rodolphum
1535 855 1584 927 ita
1610 859 1810 929 excelluisse
1837 863 1876 929 ln
1893 860 2066 949 Musiris,
2088 867 2184 936 mul·

138 973 338 1049 novarunt‚
363 961 464 1031 cuius
486 962 601 1033 studia
626 976 705 1052 post
723 963 917 1054 collapsum
938 964 1142 1054 imperium,
1190 970 1243 1025 tas
1260 968 1300 1026 ut
1315 956 1509 1025 cantilenas
1526 961 1778 1049 composuerit:
1812 963 1883 1032 imo
1898 978 1938 1033 ut
1959 962 2058 1036 Italis
2076 968 2183 1041 lecerit

140 1087 285 1160 prorsus
302 1061 456 1137 initalia
472 1065 724 1133 conticuerant.
778 1063 1007 1153 intelligebat
1023 1078 1140 1134 autem
1191 1059 1399 1142 iucundior,
1434 1072 1617 1148 propterea
1645 1066 1738 1154 quod
1765 1063 1943 1135 interdum
1967 1063 2110 1162 cythara
2125 1070 2183 1140 lu·

140 1169 212 1239 sine
223 1163 373 1236 Graecis
383 1166 494 1235 literis
504 1161 772 1255 Philosophiam
790 1167 926 1258 percipi
944 1190 1140 1258 nonposse.
1190 1162 1289 1230 deret
1305 1161 1342 1227 in
1360 1161 1535 1230 conviviis
1550 1164 1783 1238 eruditorum.
1824 1167 1967 1254 Quanta
1982 1171 2088 1241 fuerit
2105 1171 2181 1242 eius

140 1267 266 1359 Coepit
279 1266 389 1357 igitur
405 1268 575 1358 impetum
592 1267 837 1358 proficiscendi
855 1270 892 1339 in
914 1268 1074 1348 ltaliam,
1101 1283 1141 1337 ut
1190 1263 1378 1345 sedulitas,
1410 1262 1493 1331 inde
1516 1265 1692 1334 aestimari
1714 1280 1847 1359 potest,
1874 1272 1968 1363 quod
1984 1270 2181 1360 Quintilia-

141 1385 171 1443 et
184 1372 404 1440 disertorum
421 1371 677 1439 consuetudine
693 1395 733 1439 ac
748 1373 922 1463 exemplis
936 1395 1044 1461 genus
1061 1396 1141 1439 ora·
1190 1389 1276 1434 num
1300 1388 1361 1433 sua
1384 1388 1492 1433 manu
1509 1364 1684 1455 integrum
1705 1370 1899 1461 descripsit.
1953 1371 2030 1463 lpse
2046 1375 2181 1464 signifi-

141 1473 249 1547 tionis
270 1474 493 1555 emendaret,
528 1485 562 1541 et
587 1467 841 1562 Philosophiae
867 1476 982 1544 lontes
1008 1497 1140 1563 cogno·
1190 1481 1242 1537 cat
1260 1490 1296 1534 se
1311 1466 1350 1535 in
1367 1464 1465 1535 ltalia
1482 1469 1677 1538 naturalem
1695 1464 1878 1541 historiam
1893 1472 2004 1544 Plinii
2028 1477 2181 1566 diligen-

141 1587 263 1647 sceret.
319 1571 427 1644 Venit
444 1570 662 1658 Ferrariam,
687 1575 749 1645 ubi
768 1589 855 1645 tunc
871 1577 1015 1670 quidem
1030 1576 1140 1663 magis
1189 1582 1242 1637 ter
1259 1568 1401 1657 legisse,
1431 1569 1587 1638 fortassis
1605 1573 1788 1642 occasione
1809 1575 2000 1662 invitatus,
2026 1581 2123 1671 quod
2141 1578 2180 1648 in

139 1677 318 1748 florebant
332 1674 449 1746 studia
461 1670 1016 1771 Philosophiaeareloquentiae,
1033 1702 1138 1770 quam
1189 1695 1228 1739 eo
1248 1671 1325 1739 loco
1348 1670 1486 1740 facilius
1512 1671 1690 1764 inquirere
1709 1677 1849 1765 plantas
1869 1678 2006 1770 potuit,
2033 1693 2068 1750 et
2084 1675 2181 1750 haud

139 1781 176 1851 in
196 1777 348 1849 caeteris
362 1774 564 1847 Academiis
581 1777 722 1847 Italicis.
766 1778 856 1849 Nam
872 1778 1138 1851 HerculesDux
1188 1773 1296 1842 dtrbie
1318 1771 1408 1840 vidit
1430 1769 1656 1845 Aristotelem
1687 1791 1721 1848 et
1751 1775 2061 1871 Theophrastum,
2093 1807 2180 1853 con-

136 1878 325 1955 Ferrariae
339 1881 510 1951 sentiebat
525 1882 569 1949 ad
588 1881 675 1949 boni
692 1879 871 1973 Principis
887 1883 1040 1952 officium
1058 1906 1138 1972 per·
1188 1898 1307 1944 versos
1322 1899 1339 1943 a
1358 1873 1471 1959 Gaza,
1497 1900 1680 1967 quoscum
1696 1879 1842 1969 legeret,
1876 1881 2033 1952 Plinium
2050 1885 2179 1955 adiun-

132 1983 253 2055 tinere
276 2005 399 2053 curam
421 1983 597 2054 iuvandae
618 1984 669 2050 rei
698 1984 891 2067 literariae,
922 2008 961 2053 ac
986 1984 1137 2053 delecta·
1187 1980 1340 2065 gendum
1363 1999 1437 2045 esse
1461 1978 1582 2064 duxit,
1613 1994 1653 2050 ut
1672 1984 1766 2051 unde
1782 1981 1877 2054 Gaza
1893 1982 2039 2056 Latinas
2057 1988 2180 2078 adpel-

132 2087 247 2157 batur
276 2082 352 2176 ipse
385 2084 605 2154 eruditorum
636 2084 784 2175 scriptis.
844 2082 933 2157 Erat
956 2079 1138 2154 Ferrariae
1187 2081 1336 2148 lationes
1363 2079 1586 2169 sumpsisset,
1626 2085 1840 2157 observaret.
1905 2085 2002 2157 Haec
2035 2089 2179 2161 collatio

133 2182 356 2258 Theodorus
371 2184 487 2265 Gaza,
519 2186 580 2277 qui
597 2188 798 2257 eruditione
821 2200 854 2258 et
869 2189 1067 2282 eloquentia
1085 2188 1137 2254 fa·
1187 2182 1379 2272 plurimum
1397 2182 1427 2247 ei
1441 2182 1590 2271 profuit,
1607 2187 1856 2275 adaugendam
1873 2203 1907 2259 et
1920 2213 2039 2260 rerum
2057 2191 2179 2282 cogni-

139 2289 211 2358 cile
226 2288 427 2380 aptecelluit
444 2284 589 2357 Graecis
604 2290 771 2358 omnibus
796 2291 859 2382 qui
875 2304 959 2360 tunc
981 2291 1018 2356 in
1037 2288 1135 2358 ltalia
1186 2284 1318 2353 tionem
1347 2296 1382 2350 et
1405 2286 1591 2353 verborum
1615 2289 1764 2377 copiam.
1815 2288 1929 2361 Porro
1953 2315 2034 2361 cum
2056 2315 2092 2363 se
2122 2292 2179 2361 di-

136 2402 254 2463 etant.
316 2389 373 2459 lbi
397 2387 580 2460 Guarinus
606 2388 741 2461 Graece
765 2406 798 2462 et
827 2393 949 2462 Latine
978 2391 1137 2474 docebat,
1186 2386 1337 2474 ligenter
1369 2385 1571 2477 expoliisset
1611 2388 1704 2459 inter
1738 2392 1962 2463 doctissimos
1994 2388 2178 2479 homines,

135 2491 195 2561 vir
211 2492 252 2560 in
269 2492 396 2583 primis
411 2492 573 2580 diligens.
612 2490 775 2563 Aderant
790 2508 822 2562 et
839 2492 983 2564 Strozae
997 2491 1136 2576 Poetae,
1187 2490 1327 2560 tandem
1356 2487 1395 2554 in
1419 2489 1568 2577 patriam
1596 2491 1717 2577 rediit,
1757 2494 1821 2562 ubi
1855 2520 1928 2565 non
1957 2496 2021 2565 diu
2049 2491 2177 2567 haesit:
2221 2538 2224 2543 ·

133 2618 218 2667 cum
235 2592 368 2685 quibus
382 2606 527 2683 apparet
548 2616 708 2682 maguam
733 2597 839 2665 fuisse
860 2596 1135 2665 familiaritatem
1186 2615 1267 2659 narn
1294 2590 1477 2680 aliquanto
1502 2605 1579 2680 post
1606 2595 1778 2677 reditum,
1812 2598 1997 2666 accersitus
2012 2611 2062 2668 est
2079 2597 2178 2692 Hey-

132 2688 348 2786 liudolpho.
406 2690 540 2765 Extant
571 2707 604 2763 et
627 2691 964 2767 Mathematicorum
996 2698 1136 2789 scripta,
1186 2693 1385 2779 delbergam
1409 2715 1427 2758 a
1450 2691 1645 2783 Dalburgio
1666 2692 1843 2788 Episcopo
1865 2697 2113 2788 Vangionum,
2143 2712 2179 2770 et

132 2798 197 2893 qui
213 2794 797 2888 apudHerculcmtuncfvixerunt.
836 2796 999 2893 Denique
1013 2822 1136 2868 omnes
1185 2794 1417 2880 Pleningero,
1450 2817 1553 2884 quem
1581 2798 1653 2885 ipse
1680 2796 1835 2868 Plinium
1863 2802 2034 2872 nominat.
2085 2799 2179 2871 Cum

134 2913 231 2971 artes
264 2898 318 2966 ibi
343 2898 566 2966 foelicissime
594 2903 834 2976 tradebantur.
900 2901 996 2989 Quid
1023 2913 1136 2992 potest
1185 2892 1241 2966 bis
1263 2896 1358 2966 enim
1383 2895 1421 2964 in
1445 2892 1545 2965 ltalia
1569 2895 1762 2990 Rodolpho
1788 2904 2009 2972 familiaritas
2039 2926 2180 2973 summa

134 2995 264 3073 autem
276 2995 415 3068 homini
431 3001 634 3089 ingenioso,
668 3003 813 3073 incenso
835 3027 938 3072 verae
954 3006 1136 3072 doctrinae
1185 3002 1316 3081 fuerat,
1352 2999 1412 3091 qui
1447 3014 1567 3088 postea
1599 3004 1704 3070 ambo
1733 3020 1966 3094 pervenerant
1992 3006 2031 3075 in
2055 3005 2180 3076 aulam

133 3127 281 3183 amore,
315 3102 420 3171 avido
443 3103 622 3185 discendi,
656 3107 771 3197 qualis
805 3119 880 3175 erat
909 3102 1135 3198 Rodolphus,
1185 3100 1361 3191 Principis
1382 3098 1533 3168 Palatini
1559 3098 1740 3193 Philippi,
1775 3107 1835 3197 qui
1858 3123 1898 3179 ut
1921 3122 1995 3178 erat
2019 3107 2179 3199 splendi-

133 3204 346 3294 contingere
367 3205 541 3295 optatius,
572 3228 678 3297 quam
694 3208 787 3277 utin
808 3206 1134 3277 talicoetuDocto-
1185 3207 1269 3286 dus,
1304 3217 1338 3271 et
1365 3226 1437 3269 non
1463 3203 1561 3270 rudis
1592 3204 1773 3274 literarum
1809 3223 1842 3276 et
1864 3233 1991 3298 magna
2013 3211 2180 3280 comitate

133 3330 221 3377 rum
255 3306 377 3376 vivat?
427 3304 496 3374 Hic
530 3308 645 3376 soluta
680 3310 841 3378 oratione
874 3312 1028 3380 certabat
1054 3332 1134 3379 cum
1185 3304 1386 3396 praeditus,
1413 3303 1552 3373 volebat
1575 3306 1691 3373 aulam
1714 3301 1846 3377 habere
1870 3311 2179 3381 ornatam'litera-

139 3404 325 3493 Guarino,
350 3431 452 3477 versu
468 3431 549 3477 rum
567 3406 720 3493 Strozis,
747 3413 791 3479 de
809 3404 1041 3501 Philosophia
1061 3412 1134 3478 dis·
1184 3407 1230 3475 tis
1258 3401 1475 3476 hominibus.
1537 3402 1754 3496 Dalburgius
1780 3407 2020 3481 Cancellarius
2047 3411 2180 3479 deinde
2234 3493 2236 3497 y

141 3508 285 3578 serebat
305 3533 383 3579 cum
410 3506 602 3579 Theodoro
629 3509 747 3594 Gaza,
776 3529 810 3583 et
827 3513 972 3581 caeteris
986 3512 1134 3581 summis
1184 3510 1297 3578 factus
1321 3504 1613 3593 estl'angionum
1636 3506 1846 3601 Episcopus.
1899 3514 1934 3581 ls
1954 3500 2178 3607 Heydelber-

135 3608 242 3684 viris.
317 3609 497 3681 Audiebat
536 3614 749 3702 professores
791 3613 954 3684 omnium
992 3615 1133 3687 artium.
1184 3634 1261 3701 gam
1286 3608 1424 3677 vocavit
1451 3604 1704 3698 Rodolphum,
1736 3636 1797 3682 seu
1824 3626 1862 3683 ut
1889 3615 1963 3684 eius
1987 3627 2179 3684 consuctu-

133 3707 304 3806 Cumque
327 3714 459 3804 pariter
483 3715 655 3785 excoleret
669 3717 853 3805 ingenium
875 3716 1056 3787 doctrinae
1072 3740 1134 3784 va-
1185 3714 1269 3782 dine
1285 3734 1322 3781 se
1337 3711 1411 3801 ipse
1427 3713 1470 3780 ad
1485 3725 1577 3781 recte
1588 3714 1820 3783 scribendum
1842 3717 2086 3796 assuefaceret,
2112 3739 2180 3785 seu

134 3813 284 3900 eierare,
317 3829 352 3885 et
375 3816 412 3882 in
435 3816 636 3907 eloquentia
662 3818 872 3902 elaboraret,
905 3819 1014 3888 totius
1035 3819 1072 3886 in
1097 3841 1133 3888 se
1184 3830 1226 3886 ut
1254 3815 1420 3884 iuventus
1456 3809 1600 3883 haberet
1629 3816 1713 3909 styli
1745 3819 1983 3890 formatorem.
2055 3815 2180 3888 Huius

134 3912 264 3987 ltaliae
280 3941 342 3986 ora
358 3917 549 4010 oculosque
564 3921 748 3990 convertit.
792 3918 1132 4008 Magnarumlaude
1184 3914 1371 4006 Dalburgii
1397 3916 1631 3986 contubernio
1656 3942 1740 3987 usus
1762 3933 1813 3989 est
1840 3922 1957 4013 quoad
1979 3919 2076 3990 vixit.
2127 3915 2180 3990 Et

133 4018 349 4111 disputavit,
375 4019 553 4089 enarravit
576 4034 715 4091 autores
738 4023 922 4116 utriusque
937 4023 1078 4112 linguae
1094 4021 1132 4089 in
1185 4042 1389 4113 quanquam
1408 4017 1510 4087 licuit
1526 4041 1599 4086 esse
1615 4020 1755 4104 ocioso,
1781 4034 1898 4089 tamen
1913 4036 2058 4114 propter
2076 4020 2180 4091 utili-

134 4118 201 4191 itta
224 4120 299 4212 ipsa
322 4118 534 4205 Academia,
564 4116 691 4193 habuit
715 4124 893 4193 orationes
908 4148 1035 4214 magna
1051 4149 1130 4193 cum
1184 4134 1292 4192 tatem
1326 4120 1538 4203 iuventutis,
1584 4121 1621 4187 in
1655 4116 1847 4193 Academia
1882 4124 2023 4214 publice
2056 4122 2177 4193 docuit

134 4222 397 4315 approbatione
412 4224 646 4295 eruditorum.
698 4223 812 4295 Porro
832 4249 959 4314 magna
973 4228 1049 4295 laus
1065 4226 1133 4295 fuit
1186 4221 1319 4293 Graece
1343 4235 1377 4290 et
1397 4218 1539 4290 Latine.
1591 4220 1780 4294 Necduxit
1800 4226 2008 4317 sihiparum
2026 4221 2178 4294 bonori-

133 4318 279 4397 bomini
291 4321 493 4410 Germano,
519 4350 594 4394 non
607 4327 722 4395 solum
739 4327 939 4397 eruditione
956 4342 990 4398 et
1005 4351 1132 4417 genere
1184 4326 1287 4395 licum
1305 4346 1396 4401 esse,
1422 4346 1625 4417 quanquam
1640 4325 1774 4409 aulico,
1800 4322 1937 4395 scholas
1952 4323 2095 4396 habere,
2128 4322 2180 4395 Ut

133 4426 336 4507 menonis,
375 4430 436 4496 sed
473 4429 579 4499 etiam
606 4442 788 4500 venustate
818 4427 968 4499 actionis
993 4430 1133 4499 satisfa·
1184 4422 1409 4497 scholasticas
1431 4448 1555 4515 operas
1572 4449 1668 4496 nunc
1682 4428 1786 4498 multi
1807 4429 1932 4498 leviter
1947 4429 2048 4499 tincti
2064 4425 2179 4496 literis

134 4552 219 4601 esre
235 4526 376 4610 ltaliae,
401 4553 540 4600 morose
565 4554 604 4599 ac
625 4531 805 4600 fastidiose
820 4531 1007 4604 iudicanti.
1060 4531 1132 4601 Nec
1183 4528 1389 4608 fastidiunt,
1415 4540 1454 4596 ut
1470 4539 1521 4595 est
1538 4521 1645 4597 huius
1660 4530 1914 4617 perversissimi
1930 4528 2040 4597 ntuli
2052 4549 2177 4618 super-

133 4629 271 4723 opinor
284 4631 349 4700 ulli
366 4628 627 4701 Germanorum
642 4647 780 4722 praeter
801 4628 916 4718 hunc,
943 4632 1052 4704 ltalos
1066 4631 1132 4703 tri·
1184 4631 1255 4701 bia.
1307 4627 1410 4699 Adiit
1427 4628 1550 4697 crebro
1567 4629 1823 4717 disputationes
1839 4631 2000 4699 omnium
2016 4625 2177 4720 discipli·

134 4733 259 4805 buisse
276 4745 433 4819 tantum,
459 4748 498 4804 ut
521 4733 662 4822 publice
679 4736 863 4807 docentem
878 4759 958 4805 cum
975 4735 1132 4805 admira·
1184 4756 1324 4802 narum.
1384 4727 1426 4799 lu
1444 4723 1675 4820 Philosophia
1700 4733 1910 4802 emendabat
1931 4732 2069 4821 ineptas
2093 4754 2180 4822 per·

133 4833 238 4907 tione
253 4833 436 4918 audirent,
459 4859 498 4905 ac
512 4835 645 4927 pariter
657 4837 914 4920 eruditionem,
939 4858 1132 4926 genusser-
1184 4834 1364 4904 suasiones
1384 4825 1534 4900 scholae.
1588 4831 1644 4901 lbi
1661 4833 1765 4902 etiam
1780 4833 1919 4923 scripsit
1932 4833 2043 4901 libros
2063 4832 2181 4901 diale-

132 4935 260 5007 monis
283 4949 318 5005 et
341 4936 516 5006 actionem
539 4939 742 5027 probarent.
800 4935 922 5007 Audi'o
946 4961 1050 5026 saepe
1071 4962 1132 5006 ro·
1184 4938 1308 5016 cticos,
1332 4946 1373 5002 ut
1388 4946 1498 5001 artem
1514 4948 1738 5023 repurgaret,
1764 4957 1946 5026 eamquce
1964 4933 2120 5004 tenebris
2136 4933 2177 5003 in

131 5051 259 5131 flatum
283 5060 355 5107 esse
377 5033 566 5108 Erasmum
592 5039 630 5108 in
651 5038 771 5121 ltalia,
796 5054 837 5110 ut
853 5039 1030 5131 specimen
1049 5062 1132 5109 suae
1183 5040 1298 5109 lucem
1320 5049 1356 5106 et
1380 5035 1417 5103 in
1434 5036 1542 5103 aciem
1561 5037 1745 5114 educeret,
1772 5058 1875 5105 ustam
1893 5035 2054 5105 videlicet
2070 5059 2177 5104 mon-

132 5139 351 5213 eruditionis
365 5163 405 5210 ac
420 5141 607 5211 facundiae
622 5144 763 5234 publica
780 5143 1015 5232 praelectione
1029 5164 1132 5232 prae-
1184 5157 1310 5212 strans.
1361 5134 1470 5207 Senes
1495 5132 1760 5227 Heydelbergae
1790 5151 1939 5208 narrant
1960 5160 2076 5208 mores
2100 5138 2179 5205 eius

130 5244 247 5315 berec
304 5239 374 5312 Sed
398 5255 439 5311 ut
462 5235 529 5313 bac
555 5243 593 5311 in
615 5268 653 5313 re
678 5245 800 5314 amicis
823 5267 959 5313 morem
985 5258 1131 5333 gereret,
1183 5240 1351 5312 honestos
1372 5253 1406 5308 et
1429 5253 1543 5308 castos
1563 5238 1690 5322 fuisse,
1716 5251 1783 5307 eta
1800 5238 1934 5324 livore,
1958 5237 2178 5308 malevolen-

131 5342 268 5416 adduci
299 5365 481 5436 nunquam
511 5345 646 5435 potuit,
685 5360 845 5416 metuens
871 5369 916 5415 ue
950 5347 996 5416 ab
1032 5343 1131 5416 Italis
1183 5346 1230 5414 tia
1262 5367 1303 5413 ac
1330 5340 1524 5434 petulantia
1559 5338 1809 5410 alienissimos.
1864 5338 1948 5409 Non
1971 5353 2022 5410 est
2049 5336 2179 5409 solitus

129 5443 388 5541 pronunciatio
409 5440 566 5518 hominis
589 5445 761 5518 Germani
786 5446 1018 5519 derideretur.
1077 5449 1132 5521 Ac
1182 5446 1322 5516 irritare
1344 5465 1524 5527 morosos,
1555 5440 1812 5535 intempestivis
1828 5436 2179 5533 reprehensionibus,
