4664 6022
67 110 149 184 tuo
574 107 735 188 DECL.
771 107 847 185 DE
879 104 1326 187 RESTITUENDIS
1357 104 1618 187 SCHOLIS.
2038 115 2114 227 194

225 286 328 372 thue
341 290 419 353 elios
432 293 486 351 elii
500 289 538 352 de
552 292 711 371 relligione
727 288 880 362 docerent,
1119 280 1214 351 10101
1239 302 1327 375 quos
1357 303 1414 348 me
1442 305 1584 377 quoque
1611 282 1713 355 vohis
1743 289 1965 362 commendo.
2021 285 2112 357 Nam

278 389 444 473 Contiguus
458 395 655 475 0100110011
670 392 779 454 habere
793 394 912 457 domos.
1119 397 1154 452 et
1170 383 1274 452 fidem
1291 406 1330 451 ac
1344 381 1567 472 diligentiam
1579 385 1777 476 praestabo,
1800 400 1835 458 et
1849 411 1962 483 genus
1977 388 2111 461 doctri-

69 483 163 558 Cum
184 499 303 558 autem
327 485 511 580 Principes
535 488 607 557 sint
631 489 793 558 custodes
813 484 989 559 humanae
1007 510 1066 557 so·
1117 507 1183 553 nae
1209 485 1308 576 pium
1333 485 1510 575 profiteor.
1562 482 1771 579 Amplector
1794 489 1891 557 enim
1915 515 1996 560 vere
2018 507 2052 563 et
2068 514 2109 561 ex

69 586 227 671 cietatis,
259 602 352 659 10110
376 585 443 659 1101
467 590 604 659 efficere
622 590 770 674 debent,
804 603 975 684 quantum
997 589 1067 680 ipsi
1116 586 1236 655 animo
1272 608 1482 656 consensum
1523 583 1716 659 catholicae
1752 586 1930 661 Ecclesiae
1959 586 2107 677 Christi,

70 703 242 783 possunt,
274 703 314 760 ut
335 687 434 760 Deus
455 707 549 762 recte
571 691 778 763 celebretur.
830 689 1065 763 Armentariis
1115 683 1184 758 hoc
1199 701 1264 771 est,
1289 688 1489 757 doctrinam
1506 684 1641 759 Christi
1658 706 1692 762 et
1711 687 1973 783 Apostolorum,
1998 706 2033 764 et
2047 718 2107 763 ex-

70 790 155 861 satis
169 804 239 875 eu,
266 793 459 882 pecudibus
479 794 650 884 pabulum
666 816 800 866 curare.
852 792 978 887 111001
998 787 1065 862 ho·
1116 789 1342 882 plicationcm
1377 789 1541 859 traditam
1577 792 1615 859 in
1648 790 1845 886 Symbolis,
1887 795 2108 887 Apostolico,

70 893 211 963 minum
229 907 348 962 coetus
370 908 516 982 regunt,
541 919 616 963 non
639 907 776 965 tantum
797 897 959 966 custodes
981 908 1065 965 sunt
1116 889 1249 961 Niceno
1266 903 1299 962 et
1313 886 1570 966 Athanasiano.
1602 888 1651 963 Et
1668 919 1747 964 cum
1764 895 1954 970 inciderint
1972 898 2107 968 discor-

70 995 165 1064 vitae
179 1017 382 1085 corporum,
398 998 457 1064 sed
473 996 558 1084 legis
573 996 849 1086 acdisciplinae:
875 998 955 1067 ideo
968 994 1064 1067 Deus
1115 993 1215 1077 diae,
1247 993 1359 1062 fateor
1386 1017 1441 1061 me
1469 991 1600 1064 sentire
1630 1019 1709 1065 cum
1731 992 1921 1085 Ecclesiis,
1955 1023 2106 1092 quarum

70 1097 121 1167 eis
145 1096 306 1189 impertit
328 1097 530 1167 societatem
547 1099 602 1167 sui
620 1098 797 1183 nominis,
822 1112 862 1168 ut
876 1096 944 1168 Dei
960 1100 1064 1183 dona,
1115 1109 1207 1166 extat
1222 1094 1396 1163 confessio
1413 1093 1629 1184 Augustana,
1655 1111 1690 1168 01
1705 1092 1769 1167 has
1784 1099 1903 1170 iudico
1917 1100 2008 1170 tueri
2025 1124 2106 1193 per-

70 1199 206 1281 idest,
237 1198 468 1287 religionem,
502 1200 695 1283 iusticiam,
721 1199 964 1290 disciplinam,
998 1224 1063 1290 pa·
1115 1211 1260 1288 petuum
1282 1219 1492 1265 consensum
1514 1221 1616 1267 verae
1639 1195 1815 1270 Ecclesiae
1836 1202 1997 1272 omnium
2016 1215 2106 1272 tem·

68 1324 146 1370 cem
170 1298 267 1367 inter
288 1293 452 1369 homines
474 1315 644 1394 tanquam
660 1301 782 1370 vicarii
798 1299 866 1371 Dei
886 1315 1063 1373 tueantur.
1114 1322 1262 1388 porum,
1301 1293 1561 1387 Prophetarum
1594 1313 1629 1369 et
1652 1299 1919 1391 Apostolorum.
1982 1300 2024 1372 ln
2047 1298 2105 1372 his

68 1394 149 1471 Oro
184 1399 295 1489 igitur
319 1399 515 1472 Dominum
544 1415 707 1472 nostrum
733 1401 849 1473 lesum
878 1399 1061 1474 Christum
1113 1399 1233 1470 iudico
1250 1398 1381 1468 multos
1397 1399 1563 1470 articulos
1577 1402 1759 1473 doctrinae
1773 1398 1995 1474 Christianae
2011 1417 2104 1475 recte

68 1501 184 1572 lilium
209 1498 298 1585 Dei,
319 1516 362 1572 ut
383 1504 555 1594 gubernet
578 1517 613 1574 et
632 1518 756 1593 augeat
779 1500 870 1575 hanc
894 1500 1063 1588 scholam,
1114 1515 1150 1571 et
1172 1500 1230 1592 pie
1250 1512 1437 1569 renovatos
1460 1516 1495 1571 et
1518 1501 1711 1574 illustratos
1734 1528 1818 1578 esse.
1868 1500 2105 1576 (1010111110-

68 1603 235 1677 1111οἀ111
252 1598 378 1673 1101001
395 1605 553 1696 gentium
580 1607 748 1676 exuscitet
769 1605 975 1676 adsalutem
992 1603 1063 1675 Ec·
1114 1603 1194 1671 dico
1234 1602 1339 1671 etiam
1373 1625 1455 1670 vere
1489 1622 1682 1693 congruere
1716 1606 1903 1697 scriptores
1941 1606 2105 1698 puriores

67 1705 207 1788 0101100,
222 1728 336 1796 ,quam
346 1703 537 1777 FiliusDei
553 1706 602 1776 sic
617 1720 721 1791 amat,
744 1720 785 1777 ut
800 1731 877 1778 eam
891 1708 1062 1796 sanguine
1113 1705 1233 1772 dextre
1255 1703 1463 1787 intellectos,
1490 1702 1733 1791 Ambrosium,
1757 1704 2009 1798 augustinum,
2035 1705 2106 1778 Hi-

66 1830 135 1878 suo
161 1804 362 1875 redemerit.
418 1805 492 1877 Vos
521 1810 624 1878 etiam
657 1809 720 1903 qui
751 1803 844 1879 hanc
872 1811 996 1879 urbem
1027 1821 1062 1879 et
1113 1805 1262 1888 larium,
1294 1802 1488 1883 Basilium,
1529 1802 1795 1897 Epiphanium,
1831 1806 2104 1884 Nazianzenum.

66 1903 164 1979 hanc
173 1903 402 1979 Academiam
419 1909 551 1999 regitis,
576 1910 744 1990 obtestor,
767 1924 809 1980 ut
823 1934 903 1980 cum
918 1934 1061 2001 operam
1112 1902 1161 1976 Et
1175 1929 1376 1999 quanquam
1400 1906 1562 1976 odiosum
1583 1922 1634 1977 est
1654 1932 1785 1978 nomen
1808 1910 2023 1996 discordiae,
2050 1926 2105 1983 ta-

65 2004 313 2081 scholasticam
334 2005 512 2081 Ecclesiae
535 2012 766 2081 necessariam
786 2035 860 2081 esse
884 2011 1062 2101 intelliga-
1113 2031 1194 2076 meu
1208 2009 1322 2076 sentio
1337 2002 1424 2076 haee
1440 2010 1643 2094 certamina,
1666 2034 1755 2103 quae
1771 2014 1815 2080 de
1829 2012 1990 2082 doctriua
2006 2028 2105 2084 mota·

70 2110 132 2189 tis,
157 2132 211 2180 me
225 2104 413 2201 hospitem,
440 2125 474 2183 01
486 2126 683 2184 versantem
697 2114 736 2182 in
751 2113 888 2184 difficili
903 2137 1062 2198 munere,
1113 2122 1214 2193 sunt,
1243 2109 1436 2178 necessaria
1458 2123 1493 2179 01
1514 2111 1688 2182 divinitus
1707 2110 1854 2182 excitata
1871 2135 1954 2186 esse.
2007 2110 2104 2202 Quia

68 2224 186 2283 vestra
202 2212 447 2282 benevolentia
467 2214 693 2285 confirmetis.
746 2214 877 2286 Sumus
898 2237 964 2285 nos
980 2215 1061 2308 qui·
1112 2210 1240 2281 Daniel
1259 2223 1293 2279 et
1315 2208 1448 2281 Paulus
1464 2213 1703 2282 vaticinantur
1726 2215 1909 2303 postremis
1932 2218 2104 2308 tempori-

66 2316 152 2385 dem
167 2313 275 2407 longe
289 2313 474 2384 inferiores
491 2316 563 2384 illis
576 2316 724 2385 summis
740 2316 848 2398 viris,
871 2318 916 2386 de
932 2317 1062 2410 quibus
1113 2313 1179 2382 bus
1193 2308 1259 2380 hos
1274 2313 1413 2380 1010101
1427 2335 1500 2382 0110
1526 2337 1656 2403 agones
1677 2315 1819 2406 piorum
1841 2317 2010 2386 adversus
2032 2317 2103 2386 im-

64 2427 173 2485 antea
206 2414 299 2495 diri,
334 2415 395 2507 qui
423 2416 510 2485 olim
536 2414 715 2487 Ecclesiae
741 2418 858 2488 studia
883 2428 1061 2502 rexerunt,
1113 2414 1189 2505 pios
1213 2411 1401 2482 Pontifices
1425 2414 1462 2482 in
1486 2410 1662 2500 Ecclesia,
1697 2416 1925 2488 defendentes
1949 2417 2102 2487 manile·
2145 2454 2156 2501 ,-

64 2512 171 2601 lltie,
202 2511 342 2600 Eliseo,
375 2512 498 2598 Esaia,
540 2516 708 2604 leremia,
737 2516 905 2603 Daniele,
935 2516 1062 2603 Esdra,
1113 2529 1201 2585 stam
1234 2509 1526 2606 εἰδωλομανίαν,
1562 2530 1597 2587 01
1631 2510 1828 2587 exercentes
1860 2517 2103 2589 Neronianam

10 2650 12 2659 ·
62 2617 186 2689 sedin
201 2640 346 2688 munere
365 2641 509 2708 prorsus
525 2622 649 2689 eodem
666 2644 859 2693 versamur.
890 2619 963 2691 Nec
979 2645 1059 2690 raro
1112 2616 1292 2685 saevitiam
1309 2616 1348 2684 in
1363 2619 1521 2687 membra
1536 2614 1681 2689 Christi.
1727 2615 1780 2688 lle
1798 2621 2023 2710 praemonuit
2035 2645 2103 2691 nos

10 2786 16 2793 .
63 2720 226 2811 ego-ipse
241 2731 315 2789 1010
330 2743 477 2810 corpore
491 2717 730 2812 perhorresco,
752 2723 910 2817 cogitans
922 2723 1061 2811 magni·
1111 2717 1267 2809 Spiritus
1284 2730 1434 2803 sanctus,
1457 2732 1498 2789 ut
1514 2744 1594 2789 cum
1608 2719 1799 2790 inciderint
1815 2723 2017 2808 certamina,
2044 2745 2104 2792 co-

64 2821 233 2893 tudinem
249 2821 382 2903 oneris,
408 2826 502 2913 quod
520 2824 750 2908 sustinemus,
776 2839 810 2894 et
826 2824 968 2892 intuens
982 2824 1060 2892 aui·
1112 2821 1261 2907 giternus
1278 2819 1341 2887 ubi
1357 2818 1403 2888 sit
1419 2844 1502 2889 vera
1517 2815 1695 2905 Ecclesia,
1718 2845 1791 2890 non
1806 2835 2003 2894 terreamur
2017 2825 2104 2895 titu-

62 2946 128 2995 mo
149 2921 235 2991 illos
248 2936 382 2992 veteres
399 2926 505 2992 duces
527 2939 685 3009 nostros,
710 2950 799 3017 quos
820 2925 927 3009 longo
949 2925 1061 2994 inter·
1112 2921 1156 2989 lis
1169 2918 1418 2989 sceleratorum
1433 2919 1659 3006 Pontificum,
1685 2947 1750 2992 nec
1766 2923 1876 2995 simus
1889 2925 1976 2994 socii
1990 2938 2025 2995 et
2039 2925 2104 2995 ad·

10 3068 20 3089 .
62 3022 165 3095 vallo
177 3023 360 3116 sequimur
375 3023 505 3097 inertes
521 3038 555 3093 et
569 3023 708 3113 ignavi,
728 3037 833 3117 atque
850 3021 941 3095 hanc
957 3026 1060 3095 dissi·
1112 3018 1268 3089 ministri
1296 3021 1425 3111 impiae
1449 3023 1663 3115 tyrannidis.
1720 3021 1804 3093 Non
1835 3025 1945 3114 igitur
1968 3050 2103 3096 novum

63 3124 312 3196 militudinem
335 3149 415 3194 cum
439 3139 584 3218 reputo,
617 3151 692 3195 uon
717 3126 831 3196 solum
855 3127 1059 3197 docentium
1112 3121 1292 3191 doctrinae
1321 3143 1431 3210 genus
1456 3125 1721 3208 comminiscar,
1753 3149 1825 3193 una
1856 3141 1908 3196 est
1933 3141 2103 3218 perpetua

67 3224 362 3309 imbecillitatem,
384 3228 445 3296 sed
463 3224 653 3299 Ecclesiam
669 3228 828 3318 deploro,
852 3252 943 3320 quae
958 3226 1058 3321 quasi
1110 3219 1284 3306 Ecclesia,
1306 3222 1429 3314 iu'qua
1443 3220 1558 3293 Pilius
1573 3225 1643 3294 Dei
1665 3239 1881 3317 perpetres,
1906 3223 2103 3320 Prophetas

69 3337 231 3397 10011100
248 3327 508 3416 imbecillitate,
531 3329 651 3398 omnia
676 3332 835 3399 membra
856 3324 963 3401 babet
982 3330 1060 3398 lau·
1112 3323 1345 3415 etApostolos
1371 3347 1489 3393 veram
1500 3323 1568 3394 Dei
1585 3326 1752 3398 noticiam
1767 3327 1933 3414 tradidit,
1958 3342 1993 3400 et
2008 3341 2104 3401 taxat

64 3426 251 3519 gelidiora,
284 3442 459 3499 ettamen
485 3430 672 3523 postremis
698 3429 919 3521 temporibus
945 3430 1060 3523 pluri·
1111 3425 1354 3519 persuasiones
1379 3428 1652 3498 contumeliosas
1667 3430 1836 3499 adversus
1853 3430 1991 3514 Deum,
2015 3453 2103 3524 quas

64 3552 171 3601 mum
191 3529 340 3623 periculi
369 3526 568 3601 habituram
592 3554 665 3601 esse
689 3526 852 3603 Christus
877 3532 1060 3624 praedixit.
1111 3526 1244 3620 spargit
1257 3526 1420 3596 diabolus
1436 3529 1518 3598 odio
1534 3529 1611 3601 Dei.
1645 3526 1702 3599 Ad
1719 3529 1817 3600 illam
1834 3554 1952 3601 veram
1967 3526 2103 3603 Christi

64 3629 161 3703 111010
185 3654 257 3725 qno
280 3631 426 3723 propius
450 3633 557 3703 instat
576 3633 818 3703 (1101011100ιί
841 3633 984 3716 iudicii,
1017 3659 1059 3704 eo
1110 3626 1325 3713 Ecclesiam,
1351 3651 1448 3700 nunc
1468 3655 1610 3725 quoque
1634 3631 1897 3723 belligerantem
1920 3655 1999 3703 cum
2022 3634 2103 3704 dia·

10 3720 20 3787 1
63 3732 236 3803 diabolus
261 3734 429 3805 furiosius
451 3734 613 3805 irascitur
635 3729 799 3816 Christo,
834 3736 905 3806 iam
927 3735 1060 3805 scilicet
1111 3731 1216 3814 bolo,
1242 3743 1276 3800 01
1296 3730 1561 3805 dissentientem
1583 3757 1603 3802 a
1624 3731 1876 3819 Pontificibus,
1899 3735 1963 3826 qui
1984 3736 2102 3804 idolo·

62 3832 267 3907 formidans
290 3835 519 3915 senientiam,
547 3837 584 3903 in
607 3860 675 3928 qua
700 3836 867 3906 omuibus
890 3837 1060 3907 creaturis
1111 3832 1266 3903 maniam
1290 3830 1504 3914 defenduut,
1533 3848 1568 3907 et
1585 3834 1763 3905 trucidant
1785 3836 1943 3906 membra
1958 3831 2103 3922 Christi,

64 3935 209 4031 patefiet
229 3937 413 4027 turpitudo
442 3938 610 4006 immensa
640 3938 884 4027 superbissimi
904 3940 1061 4031 spiritus,
1110 3946 1151 4004 ut
1164 3955 1289 4003 omnes
1303 3933 1354 4025 pii
1369 3935 1559 4024 adiungere
1582 3958 1619 4004 se
1641 3936 1790 4022 debent,
1815 3937 1864 4007 ita
1888 3961 1944 4006 me
1961 3961 2103 4031 quoque

65 4048 103 4109 et
121 4036 299 4107 cruciatus
325 4038 435 4129 ipsius
458 4033 626 4107 horrendi
650 4040 886 4126 augebuntur.
939 4040 1059 4133 ltaque
1111 4048 1184 4107 tota
1209 4048 1326 4105 mente
1350 4048 1385 4105 et
1400 4049 1474 4105 loto
1492 4050 1632 4124 pectore
1654 4037 1827 4127 adiungo,
1853 4061 1893 4107 ac
1916 4063 2040 4129 precor
2060 4063 2101 4109 ex

10 4098 18 4209 1
67 4138 153 4209 odio
180 4133 316 4210 Christi
346 4139 468 4210 incitat
501 4137 655 4223 Tuccas,
687 4138 894 4226 Pontifices,
930 4141 1060 4233 impios
1111 4138 1229 4207 animo
1240 4134 1372 4205 Filium
1383 4134 1460 4221 Dei,
1484 4137 1679 4208 Dominum
1694 4151 1855 4209 nostrum
1872 4135 2101 4211 lesumChri·

64 4236 198 4331 Reges,
222 4239 376 4333 denique
390 4242 511 4309 omnia
526 4265 588 4310 sua
605 4264 736 4331 organa
753 4245 920 4312 advorsus
935 4240 1061 4314 Eccle-
1110 4255 1227 4321 stum,
1253 4251 1293 4307 ut
1308 4237 1545 4308 ministerium
1562 4263 1679 4309 meum
1697 4242 1889 4328 gubernet,
1914 4265 1954 4311 01
1968 4264 2034 4335 per
2046 4263 2101 4309 me

64 4344 171 4418 siem.
220 4336 276 4411 Eo
301 4343 410 4431 magis
437 4342 658 4432 vigilandum
689 4356 724 4413 et
753 4347 984 4434 pugnandum
1009 4358 1060 4414 est
1111 4341 1157 4412 sit
1172 4340 1313 4419 efficax,
1340 4351 1380 4410 ut
1403 4340 1519 4412 adfuit
1541 4341 1718 4432 patribus,
1743 4336 1928 4431 Prophetis
1951 4356 1986 4410 et
2002 4338 2102 4429 Apo-

65 4443 195 4528 nobis,
220 4456 259 4513 ut
283 4444 383 4513 [0101
397 4445 532 4514 diaboli
556 4444 785 4535 impediatur:
812 4469 908 4536 reges
926 4446 1059 4537 turpis·
1110 4442 1228 4528 stolis3
1254 4440 1365 4533 ipsius
1382 4442 1477 4511 enim
1500 4442 1577 4513 laus
1596 4443 1782 4529 victoriae,
1808 4441 1876 4533 ipsi
1899 4435 2102 4532 triumphus

65 4546 158 4617 sime
179 4543 302 4616 sinunt
327 4546 476 4634 grassari
499 4542 653 4630 Turcas,
683 4543 852 4639 Episcopi
876 4549 1060 4638 negligunt
1111 4546 1277 4628 debetur,
1310 4544 1374 4636 qui
1399 4543 1509 4612 vincit
1535 4543 1734 4613 diabolum:
1769 4556 1888 4613 nostra
1914 4539 2103 4619 infirmitas

64 4644 255 4720 Ecclesias.
314 4643 432 4734 Quare
454 4647 531 4738 pios
553 4645 737 4738 Principes
760 4662 794 4719 et
822 4661 976 4720 caeteros
997 4650 1059 4743 qui
1111 4669 1186 4717 nou
1203 4658 1255 4714 est
1271 4668 1336 4735 par
1356 4657 1475 4713 tantae
1489 4644 1732 4726 dimicationi,
1756 4646 1818 4714 sed
1842 4644 1917 4735 ipse
1931 4643 2008 4712 vult
2032 4642 2102 4736 piis

64 4762 256 4841 praesunt,
281 4748 396 4820 anniti
418 4750 536 4831 decet,
567 4763 607 4822 ut
626 4764 798 4844 quantum
820 4773 885 4820 suo
909 4751 1059 4845 quisque
1111 4749 1251 4832 adesse,
1275 4759 1310 4815 et
1325 4744 1532 4815 conculcare
1546 4757 1652 4836 caput
1669 4743 1861 4836 serpentis,
1885 4738 1954 4814 hoc
1971 4758 2035 4829 est,
2062 4757 2102 4815 ut

62 4852 147 4923 1010
163 4864 299 4940 potest,
321 4851 475 4923 sarciant
489 4851 634 4920 illomm
650 4851 921 4942 negligentiam,
946 4853 1059 4921 houos
1112 4847 1263 4919 loannes
1278 4846 1548 4936 interpretatur,
1574 4846 1755 4917 destruere
1770 4868 1877 4937 opera
1892 4844 2040 4919 diaboli.

62 4956 233 5025 doctores
258 4965 447 5043 quaerant,
474 4953 693 5024 constituant
717 4950 911 5039 Ecclesias,
935 4967 1061 5023 curent
1212 4947 1297 5018 Fuit
1318 4942 1495 5017 Erebolus
1514 4946 1660 5041 quidam
1683 4941 1806 5016 rhetor
1827 4960 1986 5038 tempore
2004 4942 2103 5017 Con-

60 5056 111 5128 ad
143 5066 305 5147 posteros
338 5054 525 5145 propagari
558 5051 805 5145 Evangelium.
866 5049 1060 5126 Auditores
1110 5051 1243 5134 stantii,
1266 5050 1296 5120 is
1310 5061 1350 5119 01
1364 5052 1513 5139 gratiam
1528 5063 1765 5139 aucuparetur
1774 5044 1963 5141 Principis,
1983 5046 2102 5136 bapti·

62 5157 174 5230 etiam
191 5149 743 5246 propterChristumDominum,
761 5180 801 5226 ac
815 5157 923 5227 officii
937 5156 1059 5247 digni-
1111 5165 1208 5222 ratus
1222 5164 1294 5236 est,
1319 5162 1354 5221 et
1374 5165 1415 5222 ut
1434 5151 1503 5221 luit
1525 5150 1726 5221 indicendo
1739 5142 1950 5235 vehemens,
1974 5146 2103 5218 acriter

62 5272 175 5334 tatem
191 5271 350 5329 amanter
366 5269 518 5329 tractent
532 5257 623 5328 fidos
636 5255 824 5350 Evangelii
838 5259 1060 5352 interpretes,
1111 5253 1237 5325 solitus
1262 5267 1315 5325 est
1337 5265 1455 5324 taxare
1478 5249 1746 5325 idolomaniam.
1806 5248 1931 5324 Postea
1951 5248 2018 5320 sub
2040 5246 2102 5319 lu·
