4664 6022
144 290 223 364 617
738 288 898 369 DECL.
930 288 1006 364 DE
1031 288 1229 367 PAULO
1256 291 1588 372 APOSTOLO.
2103 298 2179 371 618

144 461 322 544 retinent,
345 461 407 529 sed
423 461 467 529 ad
486 459 700 534 incrementa
715 464 895 553 dignitatis
912 480 946 536 et
963 460 1140 534 honorum
1190 468 1246 536 nis
1281 469 1354 555 sui,
1395 484 1430 541 et
1460 466 1639 542 Ecclesiae
1672 469 1751 543 lesu
1785 467 1920 543 Christi
1951 471 2176 543 incrementa.

144 564 387 635 emolumenta
404 564 601 635 translatos.
653 563 695 635 In
712 561 767 634 his
783 578 915 658 quanta
932 567 1048 636 indies
1063 580 1141 636 tur·
1191 567 1306 657 Quem
1324 573 1467 666 quidem
1484 586 1559 643 toto
1576 589 1715 664 pectore
1729 600 1793 645 oro
1809 587 1955 667 propter
1968 575 2080 644 lilium
2094 573 2176 643 Me·

142 666 273 760 pitudo
289 678 474 756 appareat,
498 665 669 739 videmus.
722 665 877 762 Ideoque
896 683 931 738 et
950 668 1139 738 comternni
1189 673 1380 759 diatorem,
1405 689 1444 746 ut
1463 675 1499 743 in
1513 671 1569 744 his
1583 677 1691 746 tantis
1706 679 1802 748 orbis
1823 691 1997 747 terrarum
2012 675 2176 748 tumulti-

142 762 232 839 hsec
249 779 392 836 strenue
408 766 584 858 incipiunt
609 783 644 840 et
670 793 690 839 a
710 771 832 841 suiset
851 770 1079 855 abesternis,
1104 784 1139 841 et
1189 774 1256 844 bus
1279 775 1460 870 relliquias
1476 775 1652 848 Ecclesiae
1674 802 1757 850 suae
1774 794 1907 865 servet,
1933 793 1967 850 et
1983 779 2041 870 pia
2059 778 2176 848 studia

142 867 277 938 sensim
302 868 456 937 diminui
482 884 587 962 atque
613 872 752 942 collabi.
814 870 951 944 Interea
975 872 1138 960 augendo
1189 877 1228 944 in
1240 873 1307 948 hac
1323 876 1510 948 Academia
1527 893 1561 950 et
1575 880 1660 950 alibi
1679 895 1829 955 tueatur.
1881 879 2010 953 Amen.
2062 876 2158 953 Dixi.

141 969 360 1061 imperitiam
382 983 415 1040 et
436 969 634 1042 barbariem
657 986 697 1045 ut
719 974 850 1043 alicubi
874 988 996 1044 contra
1019 972 1139 1044 fatalia

139 1072 240 1143 mala
264 1071 447 1156 nituntur,
480 1091 694 1144 accersentes
715 1075 885 1146 nimirum
907 1076 976 1145 sibi
999 1075 1139 1165 gravio-

139 1198 221 1245 rem
245 1172 438 1246 interitum.
490 1172 573 1244 Non
596 1177 691 1245 enim
710 1193 803 1248 certe
825 1179 1015 1248 consistere
1039 1190 1138 1269 pote-

138 1288 251 1358 runt,
276 1275 480 1368 quicunque
497 1300 534 1346 se
556 1292 678 1349 contra
695 1280 877 1351 veritatem
899 1293 934 1350 et
955 1274 1137 1350 Christum
1187 1262 1252 1333 No·
1268 1260 1331 1341 74.
1456 1287 1461 1303 ’
2005 1295 2054 1340 an.
2081 1270 2175 1337 1543.

136 1376 317 1460 incitant,
342 1378 404 1446 sed
427 1379 615 1463 comibus,
642 1394 682 1451 ut
702 1382 853 1469 dicitur,
878 1381 917 1450 in
941 1404 998 1450 aes
1015 1383 1137 1450 incur·
1189 1367 1321 1395 W*
1996 1359 2186 1398 *θ’

135 1478 330 1553 surisunt.
372 1477 513 1549 Horum
528 1481 637 1570 igitur
651 1484 807 1574 exempla
823 1507 889 1553 nos
904 1497 1067 1554 moveant
1081 1495 1137 1552 at·
1416 1465 1493 1551 De
1528 1462 1677 1551 Paulo
1705 1463 1944 1579 Apostoll).

137 1603 214 1676 que
230 1593 416 1664 moneant,
440 1596 481 1652 ut
494 1595 528 1651 et
542 1579 775 1674 Reipublicae
789 1600 823 1655 et
839 1582 1016 1656 Ecclesiae
1030 1579 1137 1655 Chri·

139 1681 190 1755 sti
211 1675 415 1752 scholarum
446 1680 726 1756 incolumitatem
752 1701 977 1778 praestemus.
1028 1683 1138 1756 Multi
1255 1640 1709 1782 tamugqqappllh·pbtqgcqqq.,
1732 1642 1847 1699 &m
1862 1641 1964 1716 up.
1979 1643 2037 1700 Μ
2058 1652 2085 1699 ‘⁸
2103 1643 2175 1716 ῬΜ

141 1796 232 1857 sunt
247 1781 375 1852 animis
391 1785 562 1876 superbis,
588 1787 650 1880 qui
663 1790 838 1879 progressi
855 1791 898 1860 ad
913 1783 1079 1874 honores,
1104 1801 1138 1858 et

139 1886 217 1957 iam
234 1883 399 1955 collocati
423 1885 461 1955 in
482 1887 559 1958 luce
576 1885 828 1981 Reipublicae,
852 1886 949 1961 unde
971 1891 1138 1961 ascende·
1188 1894 1314 1964 Oratio
1330 1888 1377 1961 de
1398 1889 1543 1962 Paulo
1568 1890 1809 1980 Apostolo,
1826 1887 1959 1962 talita
1984 1913 2008 1962 u
2033 1882 2175 1964 Chri·

140 1988 221 2061 rint
253 1985 414 2058 celeriter
446 1987 718 2062 obliviscuntur.
777 1988 825 2062 Et
850 2005 985 2063 constat
1010 2008 1139 2077 tamen,
1289 1990 1511 2086 stophoro
1537 1997 1669 2081 losio,
1696 1992 2074 2065 aeneatorum.

140 2086 246 2161 nulla
260 2087 331 2159 alie
347 2088 516 2179 opinione
533 2093 686 2180 etfama,
703 2117 808 2188 quarn
824 2094 1017 2180 doctrinae,
1034 2095 1139 2164 altius

140 2185 312 2263 homines
327 2190 458 2267 extolli,
510 2192 612 2284 Quae
627 2208 744 2267 amem
760 2197 1138 2289 perversiquefflluo,
1187 2148 1368 2252 Proponit
1393 2153 1461 2228 hoc
1483 2156 1541 2225 die
1554 2152 1711 2226 Ecclesia
1732 2157 1971 2228 meditandam
1991 2157 2093 2229 Pauli
2118 2152 2176 2227 hi-

145 2292 313 2376 andum,
338 2306 456 2384 postea
474 2293 579 2366 etiam
594 2297 756 2367 ordinem
775 2293 1022 2370 scholasticum
1037 2296 1139 2390 quasi
1188 2262 1357 2379 Μήδως
1383 2284 1423 2379 ³}
1438 2257 1728 2378 DilP‘n‘fl‘fflfn
1740 2259 1904 2376 ‚⁶⁸¹‘Jbfflb
1930 2260 1992 2352 ‘1¹¹5
2009 2274 2043 2379 ⁰}
2057 2284 2174 2331 exem·

1189 2366 1287 2458 plum
1304 2361 1564 2431 miserrcordrae
1579 2373 1722 2430 caeteris
1738 2383 1875 2449 rnsrgne
1891 2362 2054 2446 ostendat,
2075 2356 2175 2432 hoste

127 2388 320 2465 humilem
337 2394 554 2485 despiciunt,
579 2409 613 2470 et
628 2397 743 2493 iniqui
765 2393 849 2469 huic
870 2413 954 2470 sunt
969 2414 1199 2492 tanquam·
1324 2466 1332 2482 ,
1724 2461 1734 2479 .
2042 2464 2051 2481 .
2163 2464 2173 2480 .

1188 2492 1226 2537 rn
1245 2479 1393 2556 gratiam
1415 2476 1573 2553 recepto,
1599 2475 1634 2532 et
1650 2464 1753 2531 nobes
1766 2459 1954 2532 Doctorem
1970 2464 2087 2548 dedat,
2112 2489 2175 2556 qur

140 2496 331 2665 ἰηίιξέἰεοιιῃ
349 2498 650 2668 autdneglectoqes
672 2501 801 2620 saltem·
817 2501 931 2619 illius,
956 2515 999 2619 ut
1018 2499 1138 2573 alieni.
1189 2583 1222 2640 el
1236 2568 1338 2636 vivus
1354 2589 1467 2635 annos
1482 2566 1553 2633 sm
1568 2587 1626 2634 sex
1639 2577 1672 2633 et
1689 2564 1831 2653 triginta
1844 2559 2078 2653 &angelium
2094 2589 2174 2657 pas,

141 2595 223 2688 ΟΨ
273 2619 334 2664 ³¹¹
352 2621 415 2690 ‘¹¹¹¹
442 2622 497 2667 ³¹¹¹
523 2623 593 2691 ⁰9¹¹
611 2615 684 2671 ‘¹¹¹¹
706 2615 741 2671 el
766 2604 913 2688 ‘imm’
938 2628 1001 2696 qm
1022 2626 1137 2697 quon·
1188 2671 1255 2740 sim
1274 2669 1312 2740 in
1331 2670 1423 2737 bona
1439 2663 1544 2736 Asiae
1568 2680 1673 2758 atque
1688 2662 1852 2756 Europae
1867 2679 1965 2757 parte
1983 2666 2174 2736 circumlu-

141 2700 235 2769 dam
251 2695 341 2766 servi
358 2712 457 2770 erant
475 2702 754 2793 superstitionis,
779 2728 875 2774 nunc
891 2704 1064 2775 declarata
1077 2727 1138 2772 ve-
1189 2773 1243 2841 m.
1295 2768 1343 2841 Et
1361 2784 1544 2860 postquam
1563 2762 1828 2837 “hamma
1846 2781 2092 2853 mamea,
2117 2793 2173 2839 re,

142 2799 255 2871 ritate
278 2796 477 2891 religionis,
501 2803 586 2895 quid
609 2804 766 2876 iaciunt?
798 2808 995 2876 mercedem
1013 2804 1140 2896 angui-
1205 2869 1499 2891 ‚‚‚‚‚‚
1766 2869 1774 2885 .
1920 2868 1929 2886 .
2107 2870 2115 2887 .

138 2924 232 2975 nam
256 2902 458 2990 repe'ndunt
485 2904 769 2976 benefactoribus
796 2907 887 2991 suis,
920 2924 951 2980 et
978 2907 1139 2978 libertate
1188 2876 1282 2943 Μ’*
1322 2871 1519 2941 ¹¹l¹¹¹⁸⁸¹¹¹¹¹⁸
1554 2883 1795 2940 ¹¹¹⁰⁰⁰¹¹¹⁰¹¹l¹⁸
1829 2871 1946 2940 ‘sudu
1981 2864 2174 2939 Eoel‘fflm

137 3015 247 3179 hm
270 3003 315 3071 ad
335 3004 568 3095 cupidilatum
590 3031 733 3079 suarum
749 3008 916 3102 obsequia
932 3009 1140 3079 abutuntur.
1188 2987 1370 3069 P⁸¹P⁸¹¹¹00

180 3104 322 3199 eliquae
338 3101 454 3175 adhuc
472 3121 651 3201 utcunque
672 3105 811 3179 scholae
831 3122 913 3178 sunt
931 3111 968 3178 in
988 3108 1139 3178 Germa-
1291 3104 1391 3178 Nihil
1417 3121 1532 3177 autem
1559 3107 1669 3196 magis
1691 3109 1791 3177 decet
1817 3108 2022 3199 praesertim
2054 3108 2093 3176 in
2119 3103 2177 3177 his

139 3206 224 3279 nia:
249 3204 397 3296 collegia
421 3208 480 3276 illa
503 3212 723 3281 sacerdotum
745 3211 815 3279 iam
832 3210 970 3301 pridem
983 3210 1139 3280 labantia
1188 3209 1433 3299 congressibus
1455 3209 1605 3290 nostris,
1629 3232 1735 3300 quam
1754 3220 1788 3277 et
1804 3233 1924 3279 vocem
1945 3222 2120 3295 nostram,
2142 3224 2177 3279 et

141 3330 209 3379 sus
225 3307 323 3378 mole
336 3320 476 3385 nutant.
527 3305 702 3380 Monachi
719 3312 756 3380 in
773 3311 963 3383 stoliditate
978 3325 1012 3382 et
1027 3312 1140 3403 impe·
1189 3314 1327 3382 animos
1357 3322 1393 3379 et
1424 3321 1522 3393 vota,
1566 3332 1647 3378 cum
1683 3306 1839 3379 Ecclesia
1875 3309 1944 3380 Dei
1972 3332 2177 3400 congruere.

144 3408 232 3480 ritis
259 3431 324 3480 sua
358 3422 392 3479 et
417 3412 729 3502 superstitionibus
763 3413 924 3483 ridiculis
956 3415 1028 3483 lere
1058 3437 1139 3482 eva·
1190 3412 1297 3502 Quod
1331 3435 1410 3480 cum
1444 3411 1653 3499 cogitarem,
1693 3411 1793 3479 nulla
1818 3411 1862 3479 de
1888 3435 1926 3479 re
1952 3411 2021 3481 alia
2048 3412 2176 3502 potius,

146 3523 319 3581 nuernnt.
371 3507 470 3603 lpsae
495 3513 599 3583 etiam
629 3510 770 3585 scholae
796 3514 928 3585 alicubi
952 3538 1025 3585 sese
1049 3514 1140 3582 male
1191 3538 1297 3609 quam
1320 3515 1364 3581 de
1380 3510 1490 3580 Paulo
1513 3512 1705 3581 dicendum
1727 3508 1800 3580 esse
1821 3511 1994 3602 iudicavi,
2020 3535 2178 3604 praeser-

144 3624 313 3697 tumtur,
336 3611 467 3683 alicubi
483 3614 598 3685 iacent
612 3619 781 3688 desertae.
835 3613 977 3705 Quibus
999 3630 1033 3687 et
1056 3615 1140 3707 ipsis
1191 3617 1254 3686 tim
1278 3639 1356 3686 cum
1375 3611 1449 3683 eius
1467 3607 1614 3683 historia
1633 3635 1700 3683 nos
1715 3615 1760 3682 de
1782 3608 1838 3682 his
1863 3613 1948 3705 ipsis
1965 3613 2112 3699 studiis,
2138 3613 2177 3682 in

142 3713 314 3796 vastatis,
344 3715 430 3807 quid
460 3716 619 3787 futurum
645 3743 718 3789 esse
741 3719 923 3803 videatur,
956 3741 1030 3787 non
1055 3717 1142 3786 libet
1190 3719 1321 3812 quibus
1336 3739 1534 3799 versamur,
1559 3727 1593 3784 et
1609 3717 1654 3785 de
1667 3715 1833 3786 universo
1850 3729 1970 3786 nostro
1987 3715 2179 3802 curriculo,

140 3815 342 3889 tristissimi
365 3815 496 3885 ominis
518 3841 621 3887 carisa
645 3820 776 3914 eloqui.
828 3817 1056 3912 Quapropter
1076 3841 1141 3888 nos
1191 3819 1491 3913 plurimamonet.
1531 3815 1647 3906 Quem
1661 3817 1756 3887 enim
1772 3813 1943 3887 habemus
1955 3816 2065 3887 alium
2081 3814 2179 3889 Scri-

141 3938 294 4001 ornnes,
319 3917 478 3986 omnium
494 3918 661 3990 ordinum
679 3935 714 3992 et
731 3920 975 3993 conditionum
992 3944 1143 3990 consen·
1191 3934 1340 4013 plorem,
1362 3918 1424 4012 qui
1438 3941 1565 4008 genera
1583 3919 1837 4004 doctrinarum,
1862 3914 2125 4010 Philosophiae,
2144 3931 2180 3989 et

141 4019 279 4091 tismns
292 4017 421 4087 animis
442 4042 482 4088 ac
495 4018 756 4103 voluntatibus,
778 4023 1000 4093 conferamus
1020 4045 1142 4110 operas
1191 4019 1389 4111 Evangelii,
1413 4014 1636 4090 artificiosius
1649 4020 1827 4103 discernit,
1852 4018 1914 4113 qui
1930 4042 2032 4090 nsum
2048 4022 2181 4090 utrius-

142 4118 340 4205 etstudia,
365 4120 490 4189 officiis
515 4122 648 4191 narrtuis
664 4146 729 4192 nos
751 4124 948 4197 fulciamus.
998 4122 1144 4194 Namnt
1192 4148 1261 4217 que
1278 4139 1349 4195 tam
1374 4122 1558 4214 perspicue
1578 4132 1770 4204 monstrat,
1797 4121 1859 4214 qui
1882 4118 2180 4215 nobisRempub.

143 4222 255 4295 rliter
275 4220 374 4290 nulla
397 4225 633 4293 communitas
656 4225 783 4294 llorere
798 4236 904 4318 atque
917 4225 981 4295 diu
1006 4248 1144 4315 perma-
1193 4239 1371 4308 nostram,
1403 4223 1438 4292 id
1457 4235 1509 4292 est
1523 4219 1735 4302 Ecclesiam,
1761 4222 1890 4291 clarius
1908 4224 2094 4308 describit,
2119 4222 2181 4314 qui

142 4346 238 4397 nere
253 4336 383 4413 potest:
410 4323 457 4394 ita
475 4323 590 4393 civilis
608 4340 643 4396 et
657 4320 863 4397 scholastica
884 4325 1144 4396 administratio
1193 4328 1330 4418 saepius
1351 4337 1472 4393 monet
1498 4347 1648 4417 quarum
1677 4347 1796 4392 rerum
1819 4325 1980 4395 doctrina
2005 4322 2183 4396 Ecclesiae

144 4426 229 4498 sine
260 4423 415 4516 pernicie
438 4421 671 4518 Reipublicae
696 4427 820 4497 divelli
853 4452 893 4496 ae
920 4427 1033 4497 dividi
1069 4452 1143 4498 non
1193 4425 1386 4497 necessaria
1410 4425 1480 4497 sit?
1530 4421 1584 4493 Ac
1602 4425 1676 4494 scio
1699 4449 1763 4495 vos
1783 4449 1905 4496 omnes
1928 4423 2030 4494 Pauli
2053 4448 2183 4495 nomen

143 4537 312 4623 possunt.
362 4522 564 4598 Delendant
584 4523 833 4600 scholasticum
859 4529 1022 4600 ordinem
1038 4528 1144 4599 Prin·
1194 4529 1242 4601 ita
1259 4549 1394 4611 amare,
1419 4539 1460 4596 ut
1483 4525 1672 4596 consilium
1688 4549 1806 4597 meum
1827 4527 1976 4597 maxime
1999 4525 2183 4616 probaturi

145 4629 248 4723 cipes
269 4640 304 4698 et
322 4627 500 4714 civitates,
526 4630 643 4716 alant,
674 4643 876 4722 protegant,
900 4630 1143 4701 munificentia
1193 4630 1282 4706 sitis.
1333 4626 1403 4700 Sed
1421 4628 1535 4699 dicam
1554 4627 1724 4718 ingenue,
1747 4651 1949 4722 quanquam
1965 4628 2065 4697 ncilla
2083 4627 2120 4695 in
2145 4650 2184 4694 re

146 4752 213 4803 sue
240 4728 447 4813 sublevent,
493 4731 548 4799 vel
580 4732 700 4822 potius
725 4734 907 4804 extollant.
963 4729 1032 4803 Hic
1060 4757 1144 4802 vero
1193 4731 1337 4803 suavius
1360 4731 1563 4824 acquiesco,
1588 4754 1693 4823 quarn
1716 4730 1756 4799 in
1775 4729 1986 4820 cogitatione
2001 4728 2184 4799 doctrinae

145 4830 336 4921 Principes
359 4842 394 4900 et
416 4830 576 4903 civitates
598 4835 709 4915 colat,
737 4848 880 4924 augeat,
905 4849 1027 4916 ornet,
1053 4835 1145 4903 cele-
1193 4846 1229 4905 et
1254 4834 1434 4903 actionum
1461 4829 1565 4902 Pauli
1597 4844 1631 4901 et
1656 4829 1826 4900 similium
1853 4830 2030 4899 virorum:
2064 4843 2184 4899 tamen

146 4934 241 5007 bret.
275 4929 345 5002 Hic
361 4933 603 5004 subministret
618 4949 653 5005 et
667 4935 758 5005 aulis
774 4950 808 5008 et
821 4934 968 5006 Senatui
985 4959 1025 5005 ac
1042 4959 1145 5026 prae·
1194 4934 1392 5026 amplitudo
1409 4956 1526 5003 rerum
1544 4956 1601 5000 me
1615 4933 1799 5015 movebat,
1823 4944 1865 5003 ut
1880 4930 1976 5000 alind
1996 4952 2185 5020 argumen-

146 5037 265 5120 torio,
299 5047 405 5127 atque
429 5033 465 5102 in
496 5022 620 5125 primis
643 5031 828 5118 Ecclesiis,
861 5038 996 5122 bonos,
1028 5038 1146 5122 utiles,
1194 5051 1269 5107 lum
1284 5034 1402 5129 potius
1419 5040 1707 5127 quaereremz'nt
1727 5032 1823 5102 enim
1838 5030 2013 5102 Paulinae
2025 5032 2185 5126 disputa·

148 5139 316 5210 doctrina
340 5149 375 5206 et
397 5135 526 5227 pietate
554 5139 762 5222 conspicuos
791 5139 985 5212 ministros.
1042 5135 1146 5208 Hanc
1193 5139 1309 5208 tiones
1333 5151 1438 5231 atque
1454 5134 1628 5217 actiones,
1654 5134 1858 5204 universam
1873 5130 2069 5206 Ecclesiam
2087 5157 2186 5204 com-

147 5237 438 5315 coniunctionem
456 5238 620 5328 probabit
635 5236 751 5322 Deus,
780 5253 816 5310 et
837 5238 1034 5311 fortunabit
1049 5241 1086 5309 in
1104 5263 1145 5310 ea
1193 5241 1316 5333 plexae
1338 5250 1442 5323 sunt,
1468 5237 1516 5306 ita
1539 5238 1584 5306 de
1604 5235 1655 5305 eis
1675 5233 1858 5327 perspicue
1874 5234 1946 5305 dici
1967 5259 2040 5307 non
2059 5248 2186 5327 potest,

148 5358 260 5437 atque
285 5333 455 5431 provehet
476 5352 643 5424 conatus,
671 5341 808 5422 studia,
842 5364 969 5433 operas
990 5356 1144 5431 nostras,
1194 5341 1265 5410 nisi
1294 5339 1477 5431 religionis
1505 5336 1667 5423 exordia,
1711 5335 1929 5408 incrementa
1955 5351 1991 5408 et
2016 5337 2186 5430 pleraque

146 5445 308 5535 dirigens
332 5435 417 5511 haec
434 5440 554 5511 omnia
568 5443 614 5511 ad
631 5443 771 5514 laudem
795 5443 1007 5515 sanctissimi
1026 5443 1145 5515 nomi-
1195 5442 1387 5515 certamina
1407 5453 1624 5535 repetantur.
1913 5453 1919 5463 '
