4664 6022
140 300 215 375 891
715 295 876 373 DECL
916 296 991 375 DE
1022 293 1301 372 ENCOMlO
1337 296 1654 377 FR'ANCIAE.
2130 300 2208 381 ὅθί

240 473 422 545 Hactenus
436 473 481 542 de
505 472 670 564 auspiciis
684 473 785 562 regni
801 472 977 558 Francici‚
1000 487 1032 544 et
1049 472 1149 566 quasi
1202 471 1308 542 aunis
1324 470 1558 562 septingentis
1570 486 1797 545 conservatae
1812 486 1896 545 sunt
1918 473 2057 546 literae.
2108 471 2206 548 Haec

145 585 191 652 de
215 579 329 670 prima
351 590 462 646 aetate
493 575 579 646 dixi.
632 574 769 644 Posteri
785 576 914 644 deinde
936 601 1010 646 non
1034 575 1150 646 solum
1202 590 1253 646 est
1274 599 1357 644 vera
1383 575 1460 644 laus
1483 576 1615 644 summi
1640 577 1979 669 principis,·pacem
2005 577 2207 666 restituere,

146 683 375 755 retinuerunt
398 690 520 770 partas
541 700 642 769 opes,
676 681 735 747 sed
760 679 865 748 etiam
889 693 1085 762 auxerunt,
1111 702 1150 747 ac
1202 677 1433 766 religionem,
1457 677 1654 762 iusticiam,
1680 680 1906 770 disciplinam
1926 681 2038 765 tueri,
2065 702 2207 768 ornare,

147 809 224 856 non
247 784 354 852 modo
379 779 692 873 potentiacrevit,
719 783 906 851 sedetiam
930 793 1150 851 accesserunt
1203 795 1238 850 et
1261 781 1305 850 ad
1326 793 1484 872 posteros
1506 804 1709 872 propagare.
1763 780 1882 871 Quam
1904 782 2097 854 dissimiles
2120 797 2207 857 sunt

148 887 284 958 maiora
301 886 416 954 studia
433 882 597 950 civilium
610 883 762 969 artium,
788 884 993 973 religionis,
1016 884 1151 953 doctri·
1203 883 1248 951 ab
1264 877 1329 951 bac
1343 882 1499 973 imagine
1514 885 1686 955 exercitus
1702 885 1776 969 illi,
1803 880 1937 979 quibis
1953 886 2125 978 proximis
2138 909 2203 955 an·

150 1014 237 1075 nae,
278 986 456 1067 iusticiae,
490 982 711 1074 disciplinae.
778 984 900 1080 ltaque
935 1011 1014 1056 cum
1049 986 1152 1055 facile
1203 985 1260 1053 nis
1285 983 1422 1054 ltaliam
1450 986 1553 1054 foeda
1584 988 1815 1078 populatione
1847 988 2108 1072 dilacerarent,
2140 1011 2205 1059 nec

152 1092 328 1186 aequitate
352 1102 386 1157 et
409 1085 558 1156 lenitate
581 1085 720 1178 imperii
746 1112 865 1179 pacem
884 1088 981 1157 domi
1009 1104 1153 1159 tueren-
1204 1100 1331 1176 gerunt
1347 1087 1440 1155 bella
1459 1083 1525 1156 boc
1542 1087 1631 1174 bne,
1657 1104 1697 1160 ut
1713 1105 1832 1180 postea
1849 1091 2039 1180 religiones
2062 1103 2099 1161 et
2125 1090 2205 1161 lite·

154 1210 231 1278 tur‚
267 1193 355 1262 foris
388 1191 432 1258 ad
459 1214 686 1259 communem
714 1187 881 1282 Europae
909 1192 1150 1259 defensionem
1205 1213 1325 1259 rarum
1342 1191 1458 1258 studia
1475 1190 1646 1271 excitent,
1671 1196 1732 1262 sed
1750 1208 1789 1262 ut
1806 1207 1984 1263 aeternam
2002 1193 2203 1263 barbariem

153 1297 247 1367 bella
264 1292 458 1362 necessaria
481 1294 662 1380 gerebant.
683 1370 689 1379 „
715 1290 865 1363 Carolus
883 1290 1072 1362 Martellus
1096 1317 1153 1361 re·
1205 1306 1239 1361 et
1254 1292 1449 1361 vastitatem
1474 1291 1653 1364 efficiant?
1686 1294 1832 1384 Quanto
1852 1296 1998 1366 fuerunt
2017 1295 2205 1366 foeliciors

154 1398 281 1492 pressit
301 1395 515 1476 Saracenos,
541 1394 654 1465 deleta
684 1394 817 1485 ingenti
841 1419 963 1465 eorum
988 1395 1152 1464 multitu.
1204 1392 1424 1463 Francorum
1453 1394 1620 1484 imperia,
1647 1398 1707 1490 qui
1730 1399 1834 1467 saluti
1859 1397 2021 1467 omnium
2043 1398 2206 1488 gentium

154 1501 259 1585 dine,
288 1500 377 1567 adeo
401 1511 441 1567 ut
455 1494 649 1588 Hispaniae
672 1515 807 1589 partem
832 1511 918 1567 tunc
939 1498 1151 1569 amitterent.
1205 1495 1480 1582 consuluerunt,
1505 1511 1539 1566 et
1558 1500 1765 1587 religionem
1782 1524 1822 1570 ac
1841 1500 1959 1570 literas
1975 1522 2105 1591 magna
2122 1523 2205 1571 cure

155 1603 308 1696 Pipinus
337 1600 474 1690 pacavit
491 1597 647 1684 ltaliam,
675 1616 708 1670 et
726 1599 871 1669 Parisiis
891 1600 1076 1670 constituit
1091 1626 1153 1668 cu-
1206 1593 1400 1689 provehere
1414 1599 1531 1668 conati
1548 1603 1656 1670 sunt?

156 1707 247 1777 riam
269 1705 449 1783 iudicum,
480 1726 586 1792 quarn
612 1717 739 1772 vocant
762 1701 1047 1786 Parlamentum,
1082 1728 1153 1795 quo
1306 1701 1477 1792 Sequitur
1492 1704 1591 1771 tertia
1609 1701 1826 1774 Francorum
1844 1719 1956 1791 aetas,
1983 1729 2064 1777 curn
2083 1702 2205 1776 Gallis

157 1810 298 1879 nullum
319 1819 369 1873 est
386 1803 590 1894 sapientius,
613 1829 651 1873 ac
669 1805 797 1874 melius
811 1807 1041 1875 constitutum
1060 1806 1150 1874 iudi·
1205 1828 1224 1872 a
1243 1798 1436 1871 Germania
1454 1805 1575 1874 avulsa
1590 1820 1659 1889 est,
1685 1822 1764 1898 post
1779 1807 1815 1876 id
1831 1820 1969 1898 tempus
1984 1810 2139 1879 fuerunt
2152 1822 2206 1879 ts·

158 1912 253 1981 cium
278 1923 352 1979 toto
378 1908 677 1977 orbeterrarum.
734 1905 792 1977 Ab
816 1903 873 1976 his
899 1908 1047 1976 summis
1068 1908 1155 1976 viris
1206 1927 1287 1973 rnen
1312 1906 1349 1972 in
1377 1903 1572 1977 Germania
1595 1905 1816 1979 Francorum
1839 1907 1978 1991 Duces,
2009 1911 2074 2005 qui
2095 1910 2206 1981 ''vetu-

158 2027 259 2084 ortus
276 2008 426 2081 Carolus
441 2006 614 2098 Magnus,
641 2009 738 2081 aurit
761 2010 891 2078 avitam
915 2024 948 2078 et
973 2023 1153 2098 paternam
1205 2021 1292 2076 stam
1309 2005 1529 2078 Francorum
1546 2013 1664 2081 sedem
1682 2012 1719 2079 in
1735 2025 1886 2106 utraque
1908 2011 2036 2083 Moeni
2065 2013 2147 2105 ripa
2172 2025 2208 2084 et

160 2116 320 2205 gloriam.
370 2109 494 2203 Neque
511 2113 604 2179 euim
631 2125 770 2182 tantum
794 2112 902 2180 armis
928 2112 1063 2198 pacavit
1085 2109 1155 2180 lta·
1207 2133 1332 2198 magna
1358 2124 1456 2201 parte
1473 2113 1627 2201 regionis
1641 2109 1838 2185 erenanae
1856 2128 2062 2190 tenuerunt.
2115 2112 2204 2184 Nam

158 2219 264 2296 liam,
290 2214 472 2284 sedetiam
490 2214 634 2283 domitis
649 2213 896 2304 Longobardis
914 2214 992 2283 iura
1007 2229 1039 2284 et
1062 2215 1154 2305 leges
1205 2211 1355 2281 Francia
1373 2226 1491 2282 nostra
1507 2215 1593 2283 olim
1612 2216 1797 2308 aliquanto
1815 2217 1921 2287 latius
1944 2219 2081 2308 patuit,
2110 2238 2205 2285 nnuc

160 2319 278 2403 dedit,
304 2331 343 2386 ut
360 2321 402 2384 ad
421 2317 660 2405 posteritatem
677 2315 777 2386 ltalia
793 2317 911 2409 quieta
929 2329 1028 2388 esset.
1206 2316 1278 2383 fere
1294 2314 1407 2383 scalae
1421 2340 1496 2384 non
1517 2317 1664 2405 figuram
1681 2318 1803 2402 efficit,
1829 2319 1931 2388 cuius
1951 2320 2048 2390 latus
2061 2332 2203 2412 septen·

262 2418 354 2491 Cum
389 2419 499 2507 igitur
533 2433 715 2509 appareret
747 2417 938 2489 Francicus
972 2416 1087 2508 Reges
1121 2431 1154 2486 et
1207 2417 1359 2485 trionale
1377 2418 1571 2507 porrigitur
1587 2420 1631 2488 ab
1647 2434 1729 2490 ortu
1745 2445 1866 2489 versus
1885 2445 2070 2504 occasum,
2107 2418 2200 2493 esa-

64 2570 67 2575 ·
160 2521 408 2615 magnitudine
437 2519 576 2610 imperii
604 2536 638 2592 et
660 2522 791 2592 virtute
806 2535 961 2592 caeteros
979 2518 1094 2610 Reges
1116 2520 1154 2588 in
1206 2520 1259 2589 lae
1282 2518 1442 2588 fontibus
1462 2545 1574 2614 usque
1601 2523 1645 2590 ad
1668 2523 1798 2592 ostium
1823 2521 1949 2592 Moeni
1975 2523 2012 2592 in
2032 2517 2202 2595 Rhenum

160 2625 307 2718 Europa
322 2624 481 2708 vincere,
509 2637 666 2717 essetque
683 2624 804 2718 aliquo
827 2626 972 2693 custode
994 2624 1156 2715 publicae
1208 2621 1399 2690 influentis.
1453 2621 1562 2692 Latus
1583 2624 1819 2695 meridianum
1843 2627 1889 2695 ab
1905 2625 1996 2696 ostio
2012 2624 2144 2696 Moeni
2162 2624 2204 2695 'sd

159 2725 430 2824 tranquillitatis
453 2749 544 2818 opus
565 2727 752 2795 universae
780 2723 964 2816 Europae,
990 2750 1030 2794 ac
1054 2748 1156 2816 prae·
1207 2724 1340 2794 flumen
1367 2721 1603 2818 Altmylium,
1642 2752 1662 2796 a
1689 2728 1838 2797 meridie
1871 2750 1999 2818 magna
2037 2751 2082 2798 ex
2111 2740 2203 2821 parte

161 2835 264 2924 cipue
290 2829 428 2911 ltaliae,
462 2827 562 2898 cuius
590 2829 808 2919 possessione
831 2824 988 2897 Graecos
1012 2826 1156 2915 Longo·
1207 2824 1448 2918 praecingitur
1462 2828 1579 2921 sylva,
1605 2854 1695 2921 quae
1712 2855 1732 2899 a
1749 2831 1911 2900 vastitate
1932 2854 2068 2901 nomen
2090 2825 2201 2904 lubet.

161 2934 266 3005 bardi
279 2933 508 3023 depulerant,
534 2933 629 3000 bono
651 2930 801 3000 consilio
816 2927 979 3001 Romana
999 2926 1155 2999 Ecclesia
1207 2923 1395 2998 Orientale
1410 2929 1502 2999 latus
1522 2930 1566 2999 ab
1582 2930 1755 3025 Altmylio
1773 2936 1817 3004 ad
1834 2931 1937 3003 Salac
1952 2935 2074 3004 fontes
2089 2932 2198 3026 porri·

161 3036 330 3109 Carolum
357 3033 549 3125 appellavit
570 3034 841 3122 lmperatorem,
868 3046 908 3101 ut
929 3032 959 3099 ei
978 3031 1156 3102 defensio·
1207 3030 1303 3120 gitur
1328 3030 1423 3100 iuna
1446 3045 1583 3102 montes
1602 3032 1764 3108 Sndetes.
1817 3034 1888 3104 Nec
1910 3037 2038 3126 procul
2066 3034 2192 3107 recusit

87 3146 90 3153 ’
162 3165 244 3210 nem
266 3136 386 3207 ltaliae
408 3150 512 3228 atque
526 3132 703 3204 Ecclesiae
718 3137 995 3209 commendaret.
1047 3133 1156 3222 Quod
1208 3133 1424 3202 aveteribus
1450 3133 1596 3220 vicinis,
1622 3161 1775 3230 quorum
1792 3136 1921 3208 Strabo
1940 3138 2027 3208 fecit
2049 3136 2191 3210 menic-

162 3255 280 3313 autem
310 3238 485 3308 illustrius
516 3236 759 3308 testimonium
792 3237 936 3307 virtutis
966 3235 1156 3307 Francicae
1208 3259 1304 3306 nem.
1347 3232 1438 3306 Nam
1455 3251 1489 3306 et
1505 3231 1613 3307 hodie
1632 3236 2039 3310 Vindelicosameridie
2053 3237 2197 3329 attingit,

163 3341 433 3416 commemorari
459 3352 589 3431 potest,
623 3364 727 3432 quam
754 3334 839 3407 baec
863 3340 993 3408 iudicia
1022 3354 1157 3408 extera·
1209 3353 1239 3408 et
1258 3339 1331 3407 fere
1354 3339 1399 3407 ab
1424 3354 1507 3410 ortu
1524 3340 1648 3432 aspicit
1663 3340 1846 3416 Noricum.
1898 3339 2018 3413 Habet
2037 3344 2086 3412 ad
2105 3340 2197 3413 Mos

161 3471 242 3520 rum
258 3445 467 3527 nationum,
491 3465 671 3535 quaenon
689 3443 984 3515 modoauxilium
1007 3440 1156 3511 aFran-
1209 3466 1296 3510 num
1321 3439 1404 3509 sitas
1429 3443 1662 3534 metropoles,
1695 3442 1948 3535 Bambergam,
1981 3442 2199 3516 Wircebut·

163 3551 214 3620 cis
228 3547 530 3638 imploraverunt,
558 3547 616 3612 sed
635 3546 738 3614 etiam
766 3544 1013 3613 existimarunt
1029 3567 1065 3611 se
1086 3545 1158 3612 illis
1210 3567 1292 3634 gum
1310 3557 1345 3612 ct
1361 3539 1665 3617 Francofordiam.
1699 3544 1768 3614 llic
1785 3559 1916 3615 tractus
1931 3546 1971 3615 in
1985 3548 2066 3638 ripa
2083 3544 2197 3618 Maeni

164 3649 423 3740 imperantibus
464 3648 662 3716 libertatem
707 3670 804 3715 snam
846 3670 946 3735 posse
980 3646 1159 3714 retinere?
1211 3643 1316 3714 bodie
1331 3645 1460 3717 retinet
1475 3647 1512 3713 in
1528 3646 1721 3717 Germania
1738 3646 1909 3717 Franciae
1924 3673 2072 3719 nomen.
2108 3646 2197 3721 Olim

164 3752 285 3841 Quare
311 3772 473 3837 magnam
498 3748 604 3818 fuisse
621 3749 780 3818 iustitiae
795 3748 1002 3840 opinionem
1028 3751 1072 3815 de
1092 3772 1160 3814 no·
1211 3750 1303 3816 bona
1322 3771 1402 3838 pars
1423 3748 1521 3839 ripae
1538 3752 1581 3818 ad
1596 3744 1765 3819 Rhenum
1788 3750 1928 3843 aSpira
1946 3775 2062 3845 usque
2077 3755 2122 3821 ad
2137 3748 2199 3823 Co·

163 3855 246 3926 stris
269 3847 478 3920 hominibus
499 3876 637 3920 necesse
661 3866 722 3920 cst.
776 3848 905 3919 Fertur
928 3851 1018 3918 illud
1044 3848 1159 3919 Grae·
1210 3849 1343 3918 loniam
1367 3854 1560 3921 vocabatur
1580 3849 1752 3922 Franciae
1773 3850 1942 3924 Ducatus.
1997 3852 2199 3945 Mogontia

165 3983 266 4038 crint,
302 3950 370 4025 τὸν
397 3947 571 4052 φράγκον
598 3949 711 4049 φίλον
738 3950 814 4044 ἔχε,
855 3944 1006 4048 yeisovol
1034 3947 1075 4022 tls
1101 3948 1159 4034 οὐ,
1212 3952 1951 4043 enimquispiamevetnstissimisDucibus
1966 3958 2131 4046 sepultus
2144 3967 2200 4039 est,

165 4074 266 4129 acute
288 4058 460 4126 fortassis:
496 4054 586 4124 Nam
609 4069 822 4124 crescentem
848 4055 1070 4124 Francorum
1097 4080 1161 4144 pu-
1211 4055 1271 4124 cui
1292 4078 1423 4122 nomen
1449 4053 1633 4146 Meingos,
1664 4070 1697 4125 et
1718 4054 1928 4145 Cunradus,
1959 4058 2024 4152 qui
2047 4057 2202 4129 condidit

164 4161 311 4232 tentiam
342 4158 585 4227 formidabant
615 4156 754 4227 Graeci.
817 4155 888 4228 Sed
912 4170 1029 4226 tamen
1058 4154 1159 4225 ltalia
1212 4156 1384 4247 templum
1411 4155 1599 4248 Spirense,
1630 4182 1704 4227 non
1733 4159 1858 4251 procul
1885 4186 1905 4230 a
1935 4158 2041 4252 Spita
2073 4160 2200 4251 regiam

81 4336 90 4355 .
164 4288 240 4333 non
268 4262 419 4331 amicum
445 4262 552 4329 modo
576 4261 812 4343 acvicinum,
837 4261 897 4328 sed
923 4258 1162 4328 etiamdomi-
1212 4253 1603 4352 habultLympurgam.

165 4391 252 4435 num
272 4360 399 4433 babere
418 4361 593 4431 Francum
612 4378 755 4452 propter
771 4361 936 4433 virtutem
956 4373 988 4429 et
1003 4362 1161 4453 aequita-
1312 4358 1453 4450 Peperit
1470 4380 1586 4431 aunem
1602 4380 1634 4431 et
1651 4359 1735 4432 baec
1756 4364 1861 4433 tertia
1876 4362 2101 4434 Francorum
2118 4377 2202 4434 aetas

165 4482 237 4539 tem
254 4465 394 4554 imperii
411 4489 484 4532 uon
500 4466 684 4532 recusavit.
719 4463 767 4535 Ut
782 4481 896 4534 autem
912 4462 1062 4532 Carolus
1077 4464 1161 4532 belli
1212 4464 1473 4533 laudatissimos
1497 4463 1697 4556 Principes,
1740 4463 1938 4535 Henricnm
1965 4464 2202 4557 Bambergcu·

166 4571 278 4662 gloria
294 4594 357 4660 par
375 4566 440 4636 fuit
455 4566 601 4635 summis
620 4565 906 4658 lmperatoribus,
932 4567 978 4635 ita
994 4567 1088 4655 pacis
1104 4592 1163 4634 ar·
1213 4589 1305 4647 sem,
1332 4567 1394 4659 qui
1410 4567 1590 4655 Belgicum
1608 4568 1756 4658 recepit,
1781 4582 1815 4636 et
1834 4570 1968 4660 expulit
1985 4567 2089 4641 ltalia
2104 4568 2200 4642 Sars

166 4674 264 4744 tibus
287 4667 792 4762 upticnosaequatPrincipes.
846 4669 1071 4738 Academiam
1089 4666 1162 4737 Bo·
1213 4691 1336 4753 cenos;
1368 4668 1497 4737 deinde
1521 4666 1709 4740 Conradus
1735 4671 1866 4762 recepit
1892 4668 2143 4762 Burgundiam
2173 4682 2203 4741 el

168 4774 397 4854 noniensem,
430 4785 531 4840 antea
554 4793 574 4837 a
598 4767 804 4840 'l'lnodosio
830 4771 1077 4851 constitutam,
1105 4774 1157 4838 in·
1214 4795 1290 4839 eam
1314 4770 1453 4858 imperii
1480 4786 1633 4859 partem,
1667 4797 1773 4866 quam
1798 4786 1928 4843 vocant
1950 4772 2204 4851 Arelatensem

168 4877 360 4956 stauravit,
385 4877 543 4966 duasque
560 4897 668 4940 novas
686 4873 759 4962 ipse
775 4872 933 4955 addidit,
959 4873 1102 4942 alteram
1125 4873 1161 4940 in
1212 4885 1247 4941 et
1260 4873 1397 4942 domuit
1413 4870 1615 4943 Pannonas.
1664 4873 1801 4943 Posteri
1815 4875 1911 4957 eius,
1937 4876 2098 4947 artificiis
2113 4873 2205 4946 Pon·

170 4976 271 5048 ltalia
295 4975 522 5066 Papiensem,
548 4975 694 5043 alteram
720 4975 757 5042 in
774 4971 904 5044 Galliis
916 4973 1163 5056 Parisicusem,
1213 4975 1347 5044 tilicnm
1368 4973 1634 5059 Rornanorum,
1659 4975 1824 5066 impliciti
1845 4991 1931 5047 suut
1950 4977 2121 5049 civilibus
2136 4974 2205 5046 bel·

168 5094 208 5151 ut
232 5081 304 5146 fere
329 5078 480 5145 extincta
511 5076 725 5166 optimarum
749 5077 878 5146 artium
901 5078 1016 5147 studia
1040 5101 1163 5146 rursus
1213 5076 1276 5162 lis,
1302 5082 1360 5144 sed
1379 5090 1498 5147 tamen
1515 5102 1570 5147 res
1592 5093 1776 5167 gesserunt
1796 5080 1978 5152 maximas.
2031 5078 2206 5151 Henricus

170 5183 354 5261 excitaret,
379 5193 413 5249 et
430 5178 589 5248 doctrina
615 5178 823 5267 religionem
847 5204 886 5248 ac
907 5176 1066 5269 Respnb.
1084 5204 1163 5247 mir·
1214 5193 1361 5270 quartus
1386 5179 1525 5270 saepius
1547 5181 1622 5249 acie
1646 5181 1830 5250 dimicasse
1852 5182 2021 5253 scribitur
2045 5206 2153 5278 quern
2168 5176 2205 5251 G

170 5286 263 5354 niret
285 5297 319 5351 et
341 5292 495 5350 ornaret.
547 5279 619 5350 Nec
640 5307 724 5350 vero
747 5283 938 5351 obscurum
963 5294 1033 5366 est,
1056 5307 1161 5375 quam
1213 5279 1353 5354 Caesar.
1386 5280 1510 5351 Postea
1524 5283 1676 5352 extincta
1695 5284 1803 5377 stirpe
1821 5282 1982 5370 Ducum,
2009 5299 2131 5355 nostra
2144 5306 2206 5353 no-

170 5388 349 5480 praeclare
374 5382 520 5451 meritus
553 5382 598 5452 sit
622 5385 666 5453 de
690 5397 763 5454 toto
789 5385 876 5451 orbe
905 5395 1078 5457 terrarum
1109 5378 1165 5452 bis
1214 5383 1334 5452 bilitas
1350 5397 1385 5453 et
1398 5384 1567 5469 civitates,
1581 5409 1626 5454 ne
1641 5400 1803 5456 externos
1817 5385 1985 5457 dominos
1998 5388 2205 5479 acciperent,

171 5488 301 5560 scholis
325 5485 544 5571 constitutis,
576 5509 726 5578 quarum
752 5485 937 5577 praecipua
961 5510 1068 5580 opera
1092 5484 1163 5555 iam
1186 5548 1192 5570 ,
1213 5508 1304 5556 neve
1319 5486 1519 5560 libertatem
1534 5509 1634 5558 suam
1651 5488 1875 5576 amitterent,
1907 5499 2087 5561 su‘mmum
2104 5486 2206 5560 Prin-
