4664 6022
164 299 238 373 855

165 476 228 546 No.
249 475 333 545 108.

176 570 342 599 Μ

291 693 368 777 De
397 691 562 778 studiis
588 693 783 801 linguae
814 688 1027 776 Graecae.

235 868 266 922 ln
290 868 384 924 select.
402 870 527 925 Declsm.
545 869 577 925 Τ.
594 870 641 926 lV.
664 887 691 940 p.
704 868 781 935 446„
811 867 929 925 Servest.
948 867 980 925 Τ.
994 867 1040 922 lV.
1059 887 1084 937 p.
1097 866 1157 923 404.

269 939 520 1080 l{tsiprz'l'onnlll
545 938 656 995 Briord.
681 940 719 992 lit.
746 941 780 1005 K,
797 939 823 996 9.
847 949 872 992 et
897 939 969 1008 apud
994 937 1157 994 Richardt.

193 1191 321 1259 Oratio
350 1187 396 1259 de
421 1186 562 1259 studiis
587 1190 740 1283 linguae
771 1191 940 1258 Graecae
965 1208 989 1256 a
1027 1189 1132 1258 Vita

455 1288 729 1362 th'stemto
756 1291 874 1362 diota.

168 1453 282 1534 Recte
305 1473 339 1529 et
360 1461 487 1529 ordine
509 1460 586 1529 fieri
601 1460 738 1542 iudico,
766 1473 804 1528 ut
822 1454 890 1527 hoc
908 1459 944 1525 in
961 1458 1039 1526 loco
1056 1470 1160 1549 atque

166 1566 205 1634 in
229 1558 284 1632 his
307 1563 571 1653 congressibus,
598 1564 641 1630 de
665 1562 708 1629 iis
729 1560 815 1652 ipsis
833 1561 957 1629 studiis
974 1572 1007 1628 et
1025 1560 1160 1628 artibus

167 1668 325 1750 dicatur,
351 1666 541 1760 inquibus
566 1688 764 1732 versamur:
793 1664 900 1755 idque
918 1658 986 1732 hoc
1002 1677 1160 1754 tempore

168 1769 277 1859 magis
309 1769 412 1838 etiam
445 1767 678 1837 necessarium
710 1791 783 1835 esse
814 1767 966 1837 videtur.
1038 1763 1159 1852 Quum

167 1872 262 1940 enim
289 1872 404 1941 studia
430 1871 613 1940 doctrinae
637 1893 707 1937 una
734 1894 813 1937 cum
835 1868 921 1957 ipsis
941 1863 1088 1949 scholis,
1123 1867 1160 1932 in

50 2056 53 2061 ,
167 1971 233 2042 hac
249 1986 448 2065 temporum
469 1972 732 2063 perturbatione
750 1971 879 2039 afflicta
895 1971 1025 2052 iacent,
1052 1967 1160 2039 etSa-

169 2093 267 2146 tanes
283 2071 451 2144 Ecclesiis
474 2076 605 2166 pariter
628 2097 667 2142 ac
689 2070 819 2143 scholis
843 2071 1075 2146 vastationem
1093 2071 1160 2138 mi-

169 2192 286 2249 netur.
339 2174 525 2246 Constanti
554 2190 588 2246 et
615 2176 735 2245 animo
765 2177 867 2244 firmo
890 2178 1067 2266 praeditos
1088 2198 1161 2243 esse

168 2293 328 2371 oportet,
355 2303 444 2372 quos
468 2279 505 2347 in
526 2275 591 2347 hac
607 2279 757 2348 statione
775 2275 871 2347 Deus
887 2278 1090 2361 collocavit,
1117 2301 1161 2345 ne

169 2408 204 2454 se
225 2377 281 2451 his
305 2395 553 2473 tempestatum
575 2381 682 2450 minis
704 2405 845 2450 acursu
863 2380 1061 2450 studiorum
1078 2404 1161 2451 suo-

169 2510 249 2556 rum
265 2483 434 2554 deterreri
453 2499 513 2553 aut
529 2484 657 2552 abduci
678 2485 868 2573 patiantur.

270 2600 320 2675 Ut
349 2605 445 2672 enim
474 2603 579 2671 fidem
604 2601 799 2672 amicorum
823 2603 973 2693 probare
998 2603 1162 2676 solemus,

168 2730 258 2801 quos
281 2707 321 2775 in
342 2708 448 2776 rebus
462 2706 582 2776 dubiis
599 2718 705 2797 atque
724 2705 880 2772 adversis
897 2704 935 2772 in
951 2704 1066 2773 officio
1083 2727 1163 2794 per-

168 2809 337 2879 mansisse
370 2808 618 2897 cognovimus:
655 2808 736 2876 illos
764 2830 848 2874 vero
872 2806 998 2874 merito
1022 2805 1162 2895 vitupe-

168 2934 308 2994 ramus,
335 2912 396 3003 qui
422 2933 501 2977 cum
525 2911 668 2976 fortuna
692 2919 830 2977 mutant
853 2907 1007 2975 animos:
1034 2906 1082 2975 ita
1101 2931 1164 2999 pa-

169 3037 249 3083 rum
270 3012 369 3101 digni
388 3006 425 3079 hi
443 3008 629 3080 Musarum
646 3009 753 3078 sacris
768 3022 873 3103 atque
889 3009 1071 3079 doctrinae
1089 3021 1162 3078 stu-

169 3115 238 3184 diis
253 3113 438 3198 videntur,
464 3111 546 3206 qui,
568 3136 649 3182 cum
666 3114 810 3181 adversa
828 3113 972 3182 fortuna
988 3111 1164 3197 imminet,

170 3241 244 3288 non
263 3218 408 3287 eandem
426 3216 598 3308 praebent
611 3214 722 3283 animi
739 3214 984 3285 constantiam.

272 3332 349 3403 Imo
373 3358 457 3403 vero
480 3335 629 3402 eandem
655 3333 716 3402 illa
741 3346 941 3425 temporum
967 3331 1165 3417 difficultas,

171 3459 240 3531 qua
270 3436 367 3526 vulgi
390 3436 528 3506 animos
549 3436 712 3525 frangere
734 3460 773 3504 ac
798 3436 1040 3525 languefacere
1064 3435 1164 3515 solet,

53 3534 57 3540 ’
170 3562 237 3610 nos
259 3537 466 3609 extimulare
487 3538 610 3617 debet,
643 3551 682 3607 ut
705 3538 816 3628 magis
839 3537 1066 3630 pertinaciter
1089 3561 1164 3605 ma-

170 3640 293 3734 gisque
314 3641 441 3733 cupide
463 3664 543 3710 cum
569 3640 707 3731 pietatis
731 3640 951 3724 doctrinam,
984 3654 1059 3710 tum
1081 3663 1164 3708 vero

171 3743 288 3815 studia
310 3755 432 3812 nostra
454 3765 614 3812 amemus
634 3756 738 3835 atque
758 3742 1023 3832 amplectamur.
1073 3739 1163 3810 Nam

172 3859 308 3935 storgae
333 3839 498 3940 physicae
521 3866 601 3933 erga
625 3868 707 3927 eos,
732 3844 794 3936 qui
819 3843 923 3913 nobis
947 3838 1044 3913 chari
1071 3857 1166 3927 sunt,

172 3972 252 4018 curn
277 3971 333 4017 res
350 3959 435 4016 sunt
457 3948 641 4031 adversae,
666 3959 750 4017 tunc
775 3946 885 4036 magis
902 3946 1034 4026 irritari
1050 3947 1166 4015 solent

172 4063 278 4142 atque
291 4048 447 4122 accendi.
500 4042 615 4118 Verus
631 4047 726 4117 enim
743 4071 844 4118 amor
856 4071 995 4139 semper
1007 4063 1166 4139 tempore

172 4149 268 4221 tristi
289 4150 453 4221 elucescit
475 4150 596 4239 magis.
650 4149 752 4238 Quos
769 4174 854 4219 vero
870 4150 988 4220 statim
1002 4151 1166 4222 fortunae

173 4252 343 4347 iniquitas
357 4264 486 4330 mutat,
511 4245 566 4335 hi,
589 4264 629 4322 nt
646 4247 838 4345 Euripides
852 4252 918 4321 ait:

427 4344 509 4436 λόγῳ
530 4339 612 4431 ἦσαν
634 4345 690 4414 orla
711 4347 791 4438 ἴργῳ
813 4349 907 4435 φίλοι.

274 4455 324 4529 Ut
354 4455 462 4547 igitur
490 4471 655 4547 appareat
678 4480 744 4528 nos
770 4482 851 4527 vere
873 4481 912 4527 ac
936 4458 1027 4528 serio
1048 4483 1166 4528 amare

172 4561 372 4633 doctrinam
396 4557 556 4651 pietatis,
582 4573 686 4654 atque
706 4560 823 4631 studia
845 4574 984 4643 nostra,
1009 4562 1081 4630 iam
1099 4587 1166 4632 nos

172 4662 208 4732 id
233 4663 411 4733 declarare
431 4675 582 4753 oportet.
637 4660 762 4755 Neque
782 4687 866 4732 vero
889 4665 926 4733 id
948 4664 1027 4734 sine
1047 4665 1165 4735 fructu
1184 4726 1187 4731 .

163 4765 355 4836 faciemus:
383 4787 467 4834 nam
489 4764 613 4857 literae
633 4779 666 4836 et
683 4764 845 4835 doctrina
860 4777 901 4835 ut
917 4767 1022 4836 rebus
1039 4790 1165 4837 secun-

173 4866 228 4934 dis
244 4880 458 4937 ornamento
469 4881 571 4945 sunt,
597 4867 645 4938 ita
661 4868 817 4938 adversis
831 4868 1033 4960 perfugium
1049 4893 1089 4939 ac
1105 4894 1165 4939 so-

173 4966 296 5036 latium
319 4971 500 5060 praebent.
551 4967 715 5064 Cumque
731 4971 851 5040 omnia
868 4971 962 5041 vitae
977 4972 1164 5065 praesidia,

173 5092 251 5160 spes
282 5094 422 5153 omnes,
455 5072 653 5142 destituunt
685 5067 866 5143 homines:
901 5087 986 5144 tunc
1013 5073 1164 5166 pietatis,

172 5172 331 5262 virtutis,
363 5174 547 5243 doctrinae
568 5177 687 5245 studio
709 5199 785 5245 non
807 5176 969 5258 destitui,
1002 5178 1162 5246 sedtum

172 5276 323 5365 primum
357 5275 458 5344 fulcit
489 5291 594 5368 atque
625 5292 816 5362 sustentat,
849 5302 889 5347 ac
918 5303 963 5349 ne
988 5279 1026 5347 in
1051 5293 1164 5350 morte

172 5378 313 5470 quidem
339 5379 481 5448 deserit.
533 5375 612 5449 Hoc
637 5381 731 5449 enirn
758 5383 880 5461 decus,
907 5395 948 5452 ut
969 5378 1163 5475 Euripides

169 5483 237 5565 ait,
262 5481 300 5548 in
314 5481 440 5551 mediis
454 5482 631 5551 aerumnis
649 5483 778 5553 clarius
793 5483 896 5553 lucet.

586 294 747 368 DECL.
781 294 855 367 DE
890 291 1134 366 s't‘uutts
1167 292 1434 366 LlNGUAE
1468 290 1774 368 GRAECAE.

1001 474 1157 540 antus.

2125 291 2196 368 856

1310 469 1349 539 Si
1372 493 1456 539 vero
1478 470 1592 538 callum
1608 492 1769 562 unquam
1785 481 1924 559 tempus
1939 466 2028 550 fuit,
2055 490 2127 559 quo
2140 469 2199 533 ad-

1210 571 1344 663 paruit,
1377 596 1483 666 quam
1515 567 1607 640 nihil
1636 572 1730 641 firmi
1761 572 1806 640 sit
1835 570 1875 638 in
1897 571 2007 639 rebus
2027 563 2200 651 humanis,

1208 668 1301 742 nihil
1325 675 1467 744 stabile:
1494 671 1598 757 haec,
1623 675 1772 767 opinor,
1796 687 1956 761 tempora
1978 694 2048 740 nos
2065 670 2105 738 id
2122 672 2201 740 satis

1210 777 1393 847 manifeste
1414 780 1625 847 docuerunt.
1677 773 1734 846 Ad
1751 771 1848 845 hunc
1863 774 1973 865 igitur
1990 787 2136 862 portum
2150 794 2201 842 sa-

1210 880 1295 950 lutis
1321 880 1515 969 dirigamus
1539 878 1678 948 animos
1699 893 1805 972 atque
1826 877 1948 947 oculos
1973 889 2137 957 nostros,
2167 891 2201 946 ut

1211 1006 1332 1050 sanam
1356 1005 1551 1075 puramque
1573 981 1772 1050 doctrinam
1792 1003 1896 1049 verae
1915 979 2082 1070 pietatis,
2116 1002 2203 1046 nunc

1213 1085 1321 1175 inagis
1351 1111 1456 1177 quam
1476 1107 1643 1177 unquam
1674 1096 1796 1168 antea,
1829 1107 1868 1151 ac
1890 1081 2116 1173 pertinacius
2137 1103 2205 1148 anr-

1212 1189 1422 1278 plectamur:
1449 1200 1484 1256 et
1498 1186 1623 1255 studiis
1635 1185 1782 1270 nostris,
1807 1207 1896 1279 quae
1908 1186 1954 1253 ad
1967 1184 2126 1273 gloriam
2135 1181 2207 1267 Dei,

1213 1292 1255 1357 ad
1282 1290 1439 1359 eiusdem
1463 1289 1645 1358 doctrinae
1668 1311 1785 1358 sacrae
1806 1287 2109 1377 propagationem
2137 1308 2207 1375 per·

1213 1392 1344 1477 tinent,
1376 1415 1514 1461 summa
1544 1412 1627 1459 cura
1660 1414 1700 1460 ac
1731 1388 1915 1479 diligentia
1948 1389 2209 1470 incumbamus,

1213 1509 1316 1587 atque
1339 1496 1377 1562 in
1401 1489 1458 1562 his
1477 1494 1676 1583 temporum
1693 1491 1858 1583 procellis
1873 1491 2056 1560 auxilium
2073 1504 2110 1559 et
2126 1491 2207 1559 libe·

1213 1599 1385 1666 rationem
1410 1598 1455 1665 ab
1478 1608 1621 1665 aeterno
1638 1618 1678 1663 ac
1695 1593 1969 1664 clementissimo
1985 1589 2094 1672 Deo,
2122 1606 2206 1685 patre

1213 1699 1362 1770 Domini
1392 1698 1508 1767 nostri
1533 1697 1610 1766 lesu
1631 1691 1785 1781 Christi,
1818 1711 1852 1767 et
1885 1709 2056 1786 petamus
2085 1708 2124 1765 et
2152 1719 2199 1764 er·

1215 1816 1399 1894 pectemus.
1454 1799 1563 1888 Quod
1584 1801 1613 1868 si
1635 1799 1838 1882 fecerimus,
1871 1821 1948 1866 non
1974 1798 2135 1867 dubium
2155 1812 2206 1890 est,

1214 1905 1301 1998 quin
1317 1901 1415 1973 Deus
1437 1925 1568 1995 poenas
1589 1901 1814 1989 mitigaturus
1831 1901 1896 1980 sit,
1924 1900 2115 1993 nobisque
2131 1898 2206 1969 Hal·

1214 2007 1359 2102 cyonia,
1400 1999 1469 2073 hoc
1495 2018 1566 2083 est,
1605 2003 1920 2095 tranquillitatem,
1962 2017 2153 2093 receptum
2181 2016 2209 2071 et

1213 2106 1367 2201 hospitia
1398 2107 1611 2198 largiturus,
1659 2118 1742 2204 utut
1769 2105 1863 2175 inter
1892 2127 1930 2174 se
1959 2128 2080 2195 regna
2114 2101 2208 2175 huius

1214 2213 1340 2283 mundi
1355 2211 1457 2281 bellis
1472 2234 1512 2279 ac
1528 2208 1739 2278 tumultibus
1753 2207 1986 2282 collidentur.

1315 2311 1407 2384 Cum
1430 2313 1539 2403 igitur
1564 2310 1757 2402 praesentis
1779 2310 1948 2400 temporis
1973 2324 2090 2404 atque
2116 2308 2206 2379 oflicii

1216 2418 1305 2487 ratio
1336 2411 1426 2485 mihi
1454 2410 1521 2484 hoc
1544 2437 1675 2483 munus
1698 2413 1878 2504 imponat,
1911 2413 2023 2483 utin
2045 2407 2117 2483 hoc
2138 2436 2205 2480 con·

1215 2544 1310 2590 sessu
1335 2519 1478 2588 brevem
1496 2516 1692 2586 orationem
1708 2509 1877 2599 habeam,
1901 2538 1983 2584 non
1997 2516 2105 2585 aliud
2120 2538 2204 2603 argn-

1215 2635 1376 2691 mentum
1399 2619 1553 2709 deligere
1576 2618 1691 2698 volui,
1719 2641 1825 2710 quam
1843 2630 1883 2687 ut
1899 2619 1944 2686 ad
1966 2615 2138 2688 Graecae
2152 2618 2202 2685 lin-

1215 2749 1303 2814 guae
1342 2735 1375 2792 et
1412 2723 1634 2805 literaturae,
1675 2742 1782 2814 quam
1814 2719 2006 2811 profiteor,
2052 2720 2198 2799 studium,

1216 2826 1453 2894 adolescentes
1468 2817 1689 2892 adhortarer.
1741 2819 1821 2891 Etsi
1836 2822 1874 2891 id
1891 2822 2018 2894 minus
2035 2824 2194 2894 commode

1216 2953 1234 2998 a
1259 2951 1314 2995 me
1339 2925 1414 2995 beri
1434 2947 1535 3017 posse
1558 2918 1731 3013 intelligo.
1785 2921 2018 3016 Impossibile
2041 2927 2186 3001 enimet

1216 3043 1257 3101 ut
1276 3031 1319 3097 de
1338 3028 1480 3119 linguae
1494 3026 1718 3097 dulcissimae
1735 3038 1841 3120 atque
1856 3026 2190 3098 eruditissimaelsr

1216 3133 1320 3203 dibus
1342 3155 1405 3223 pro
1429 3129 1600 3219 dignitate
1620 3130 1774 3210 dicatur,
1807 3129 1877 3198 nisi
1902 3130 1948 3199 ab
1971 3124 2132 3201 homine
2150 3129 2199 3198 elo·

1217 3235 1360 3329 quenti,
1398 3245 1503 3325 atque
1542 3228 1636 3300 haud
1674 3230 1867 3321 vulgariter
1893 3231 2024 3318 docto,
2069 3253 2201 3328 quorun

1217 3349 1382 3407 neutrum
1397 3330 1488 3404 mihi
1502 3355 1639 3423 arrogo.
1693 3331 1764 3403 Sed
1778 3356 1880 3425 spero
1894 3345 2020 3404 tamen
2036 3360 2108 3407 vos
2120 3336 2204 3406 edan

1216 3436 1303 3509 haec
1319 3437 1579 3532 qualiacunque
1594 3435 1681 3506 boni
1696 3436 1921 3506 consulturos
1935 3458 2032 3507 esse:
2063 3458 2207 3531 praeser-

1217 3543 1281 3612 tim
1309 3565 1390 3611 cum
1422 3564 1479 3608 me
1508 3563 1582 3608 non
1613 3538 1827 3623 ambitione,
1858 3540 1918 3608 sed
1942 3539 2063 3610 officii
2087 3541 2208 3612 ratione

1216 3656 1374 3723 motum,
1399 3637 1463 3711 bas
1477 3640 1621 3711 dicendi
1637 3654 1753 3728 partes
1766 3638 1959 3732 suscepisse
1972 3642 2115 3713 sciatis.

1320 3740 1373 3815 Ac
1393 3743 1550 3837 primurn
1573 3741 1736 3837 quidem,
1761 3743 1825 3813 etsi
1841 3765 1917 3812 non
1931 3741 2033 3814 idem
2053 3745 2210 3815 omnibus

1217 3847 1256 3916 in
1281 3846 1449 3916 discendo
1473 3844 1695 3938 propositum
1716 3858 1786 3928 est,
1812 3858 1847 3914 et
1867 3844 1930 3915 alii
1952 3847 1998 3916 ad
2026 3848 2210 3925 aliuddo·

1217 3949 1353 4021 ctrinae
1382 3972 1492 4039 genus
1525 3947 1633 4017 variis
1664 3946 1777 4018 causis
1805 3946 2027 4018 invitantur:
2064 3965 2209 4022 attamen

1217 4053 1281 4146 qui
1306 4047 1374 4123 hoc
1393 4064 1570 4144 spectant,
1595 4062 1637 4119 ut
1652 4073 1773 4119 veram
1789 4073 1830 4119 ac
1844 4049 1998 4119 solidam
2014 4053 2209 4124 doctrinan

1218 4169 1498 4249 consequantur,
1531 4147 1571 4222 hi
1596 4151 1666 4221 sibi
1690 4148 1847 4222 Graecae
1869 4151 2017 4242 linguae
2043 4153 2211 4246 cognitio·

1218 4281 1300 4325 nem
1322 4257 1472 4326 omuino
1494 4253 1725 4324 necessariam
1748 4276 1821 4325 esse
1838 4255 2041 4345 putabunt:
2069 4281 2142 4352 qna
2157 4254 2211 4349 qui

1218 4359 1471 4444 destituuntur,
1496 4360 1539 4428 ad
1555 4358 1794 4451 quodcunque
1808 4356 1992 4447 doctrinae
2006 4380 2128 4449 genus
2139 4357 2212 4429 ani·

1218 4487 1315 4531 mrim
1331 4461 1606 4555 adplicaverint,
1629 4458 1767 4547 ingenti
1782 4457 2004 4529 adminiculo
2020 4483 2061 4530 se
2075 4457 2213 4533 dudini

1217 4566 1381 4639 sentient.
1434 4562 1544 4653 Quod
1559 4585 1634 4631 non
1651 4560 1796 4632 difficile
1813 4575 1864 4630 est
1880 4561 2086 4638 ostendere.

1319 4665 1411 4736 Nam
1435 4665 1590 4757 primum
1611 4675 1652 4734 ut
1674 4666 1717 4733 de
1734 4663 1895 4734 doctrina
1911 4687 2019 4734 verae
2034 4662 2214 4757 religionis

1217 4794 1257 4840 ac
1279 4767 1419 4861 pietatis
1439 4790 1602 4857 agamus,
1628 4764 1777 4837 tradidit
1798 4765 1904 4836 nobis
1918 4767 2213 4840 clementissimus

1217 4885 1251 4942 et
1281 4871 1438 4963 optimus
1459 4866 1575 4953 Deus,
1616 4881 1715 4958 pater
1738 4867 1888 4938 Domini
1915 4891 1956 4938 ac
1975 4866 2214 4962 'redemptoris

1216 4972 1330 5045 nostri
1346 4970 1427 5042 Iesu
1441 4965 1593 5051 Christi,
1621 4969 1833 5041 immensum
1851 4963 2067 5043 thesaurum
2084 4969 2213 5047 doctri-

1215 5100 1282 5147 nae
1298 5098 1426 5146 sacrae.

1320 5175 1401 5266 Qua
1424 5198 1490 5245 nos
1509 5176 1554 5245 de
1569 5190 1712 5247 aeterna
1728 5174 1877 5246 essentia
1895 5197 1978 5262 sua,
2004 5176 2055 5247 de
2069 5176 2214 5268 origine,

1214 5280 1412 5366 creatione,
1445 5279 1701 5372 gubernatione
1729 5301 1769 5347 ac
1796 5277 2075 5348 conservatione
2097 5302 2212 5351 rernm

1215 5382 1396 5469 omniurn,
1422 5384 1468 5453 de
1490 5380 1672 5452 voluntate
1694 5381 1849 5474 denique
1863 5403 1925 5449 sua
1941 5402 2027 5470 erga
2047 5406 2119 5454 nos
2134 5385 2214 5453 edo·

1215 5498 1286 5566 cet,
1319 5487 1473 5558 ostendit
1496 5484 1599 5556 nobis
1620 5483 1794 5575 originem
1819 5483 1951 5575 peccati
1976 5496 2093 5581 atque
2118 5486 2212 5556 infir·
