4664 6022
148 346 223 420 sat

147 522 216 591 tias
240 533 407 610 egerunt,
445 535 480 590 et
503 513 677 589 Matthias
701 533 735 590 et
761 518 958 612 principes,
999 533 1035 591 ct
1065 531 1145 590 vota

148 625 328 708 lecerunt,
367 639 408 694 ut
431 620 547 706 Deus,
572 623 634 716 qui
656 647 739 692 vere
755 623 932 714 transfert
952 635 986 692 et
1011 622 1146 693 stabilit

148 749 275 816 regna,
307 738 346 795 ut
373 725 492 820 inquit
513 724 661 809 Daniel,
695 726 907 815 gubernaret
940 726 1024 794 novi
1054 724 1146 815 regis

146 840 290 919 pectus,
329 829 479 900 consilia
512 839 547 898 et
575 827 750 911 actiones,
790 841 829 899 ut
860 827 1025 897 salutaris
1055 841 1146 897 esset

147 930 358 1020 gubernatio
374 929 581 1001 Pannoniae
598 943 632 999 et
647 930 727 998 orbi
744 924 962 1001 Christiano.

249 1032 351 1102 Balla
378 1030 494 1104 statim
523 1031 590 1100 tria
624 1033 733 1102 initio
760 1029 1030 1121 gubernationis
1062 1053 1143 1098 eum

150 1148 377 1226 exceperunt.
443 1132 689 1219 Austriacum‚
730 1128 965 1227 Telephicum
993 1145 1027 1203 et
1047 1129 1142 1201 Tur·

148 1240 273 1308 sicum.
301 1235 391 1307 Nam
401 1234 607 1305 Fridericus
618 1236 822 1327 imperator,
836 1236 901 1330 qui
917 1249 1013 1306 tutor
1028 1235 1143 1303 fuerat

148 1340 239 1428 regis
263 1339 497 1410 adolescentis
517 1335 651 1429 Pragae
669 1338 824 1424 mortui,
850 1361 1021 1408 coronam
1042 1357 1141 1425 regns

146 1439 350 1530 Huugariac
364 1438 549 1511 retinebat.
584 1436 631 1511 Et
646 1434 732 1510 huic
746 1438 958 1511 scNicolaus
969 1433 1144 1510 Matthiae

146 1544 314 1614 inimicus
339 1544 573 1633 adiungebat,
605 1544 669 1636 qui
691 1545 756 1614 etsi
782 1541 1143 1635 regnumadpetebat

146 1648 240 1736 ipse,
269 1660 385 1715 tamen
402 1646 593 1715 simulabat
610 1667 646 1715 se
662 1659 807 1739 propter
823 1668 1049 1715 communem
1066 1639 1143 1712 Eu-

146 1771 255 1839 ropae
270 1748 420 1818 salutem
439 1748 532 1818 valle
546 1746 769 1838 Huugariam
794 1771 875 1817 cum
891 1746 1037 1819 Austria
1057 1768 1142 1816 con-

146 1851 305 1920 iunctam
320 1873 412 1934 esse,
435 1866 476 1920 ut
490 1851 605 1921 luerat
620 1864 721 1921 antea
738 1847 979 1939 regisAlberti
992 1863 1025 1920 et
1040 1846 1143 1918 Post-

146 1947 249 2022 humi
266 1966 434 2046 tempure.
469 1950 719 2044 Movet-igitur
734 1953 870 2023 bellum
884 1949 1051 2022 Nicolaus
1061 1949 1142 2020 Fri-

146 2055 257 2124 derici
272 2057 428 2140 nomine,
456 2066 490 2123 et
506 2057 608 2126 abeo
624 2056 824 2137 adiuvatur,
849 2078 889 2124 ac
906 2054 1024 2145 priore
1039 2077 1142 2144 prae-

146 2158 196 2226 lio
213 2158 325 2227 vincit
339 2151 514 2228 Matthiae
531 2158 732 2227 exercitum.
786 2156 855 2227 Sed
873 2155 1068 2248 posteriore
1081 2179 1140 2225 su·

146 2272 287 2352 peratns
311 2282 351 2327 ex
368 2257 554 2348 Huugaria
578 2259 732 2351 pellitur.
785 2255 924 2329 lnterea
947 2260 1040 2350 apud
1060 2254 1142 2328 Fri-

146 2361 306 2434 dericum
323 2384 386 2452 por
403 2361 535 2449 legatos
550 2362 622 2451 agit
637 2355 830 2446 Matthias,
853 2361 897 2431 de
913 2385 1043 2431 corona
1059 2361 1140 2429 red-

147 2465 263 2533 denda
290 2474 325 2530 et
347 2465 392 2531 de
410 2486 511 2552 pace,
538 2485 584 2531 ne
603 2462 672 2531 alia
696 2462 810 2552 magis
830 2463 1025 2534 necessaria
1047 2463 1139 2532 bella

146 2564 416 2656 impedirentur.
471 2562 675 2635 Fridericus
689 2566 818 2655 igitur,
844 2577 885 2635 ut
898 2579 974 2636 erat
990 2566 1141 2656 sagacis-

146 2667 257 2733 simus
279 2687 402 2749 senex,
429 2666 556 2736 maluit
580 2691 748 2737 coronam
771 2669 939 2748 reddere,
975 2692 1080 2763 quam
1107 2681 1141 2736 et

146 2767 185 2833 in
205 2763 386 2836 Austriam
402 2768 537 2837 bellum
559 2763 754 2854 attrahere,
780 2783 814 2840 et
831 2769 1007 2860 impedire
1029 2771 1068 2839 in
1087 2770 1141 2838 al·

146 2880 217 2935 tera
229 2865 436 2938 Pannoniae
452 2891 514 2938 ura
524 2867 727 2940 Turcorum
742 2871 1011 2963 repressionem.
1049 2870 1140 2941 Pace

143 2991 225 3038 cum
235 2966 419 3040 Fridericu
434 2971 543 3055 facta,
569 2972 667 3062 prius
682 2987 717 3045 et
732 2973 819 3043 alias
833 2972 1026 3043 seditiones
1039 2973 1140 3043 domi

143 3071 397 3161 opprimendas
426 3094 500 3142 esse
531 3075 685 3158 censuit,
719 3097 827 3167 quam
861 3086 958 3144 extra
990 3095 1139 3164 regnum

143 3173 335 3243 exercitum
350 3176 505 3246 duceret.

245 3271 334 3347 Erat
351 3271 533 3369 Telephus
548 3270 729 3347 Bohemus
751 3289 858 3368 capot
872 3275 1067 3347 multorum
1083 3297 1140 3345 sc-

142 3375 355 3448 ditiosorum
372 3373 561 3449 bominum
577 3379 618 3448 in
634 3379 726 3469 iugis
733 3373 923 3470 Carpatlri,
949 3377 1010 3470 qui
1028 3377 1139 3448 latro-

143 3479 278 3550 cinium
296 3480 348 3551 ibi
363 3482 582 3566 exercebant,
606 3496 641 3554 et
654 3504 777 3573 regum
790 3479 1015 3553 autoritatem
1032 3478 1137 3551 ctiam

143 3593 246 3651 antea
276 3595 583 3674 contempserant,
616 3608 657 3655 ac
687 3585 779 3654 vitae
809 3583 921 3676 patris
948 3578 1138 3652 lluniaclae

144 3683 305 3756 insidiati
320 3686 472 3756 fuerant.
512 3683 590 3755 Hos
603 3710 678 3758 non
694 3687 771 3757 sine
785 3685 993 3756 difficultate
1007 3684 1137 3776 partim

145 3787 280 3876 expulit
311 3811 441 3878 regno,
474 3789 603 3880 partim
635 3802 755 3882 captos
783 3787 972 3861 interiecit.
1030 3785 1138 3856 Tele-

144 3883 256 3979 phum
281 3890 398 3983 ipsum
422 3888 524 3961 aiunt
545 3893 626 3981 suga
651 3893 829 3985 elapsum,
865 3905 983 3982 postea
1004 3886 1137 3979 Pragae

146 3989 241 4060 inter
260 3993 444 4065 mendicos
469 4006 504 4064 et
527 4016 672 4064 errones
692 4007 898 4085 vagantem,
932 4004 1015 4062 ante
1033 3995 1137 4061 aedes

144 4091 298 4165 divitum
318 4095 445 4186 stipem
466 4108 502 4165 et
525 4119 650 4187 panem
677 4097 838 4190 petiisse,
865 4107 904 4165 ut
928 4094 1015 4164 olim
1030 4091 1137 4163 Tele-

628 343 785 420 DECL.
834 342 909 420 DE
944 341 1229 419 ΜΑΤΤΗΙΑ
1259 339 1422 419 REGE
1457 340 1720 424 HUNGAR.

2125 358 2201 432 982

1199 511 1316 608 pham,
1343 516 1399 586 cui
1415 530 1515 587 vetus
1529 541 1661 588 nomen
1676 518 1945 613 fuitTeudasia,
1967 528 2004 599 id
2021 543 2083 611 est,
2099 528 2197 602 Teu-

1198 616 1349 689 thonum
1374 621 1521 705 domus,
1553 622 1749 713 eripuerat,
1783 626 1906 699 foedus
1935 656 2016 701 cum
2042 628 2196 705 Matthia

1198 722 1350 807 iaciunt,
1378 735 1417 792 ut
1434 717 1684 795 Mahometum
1700 726 1944 818 reprimerent.

1297 854 1387 930 Erat
1411 873 1527 929 autem
1555 856 1727 933 Matthias
1753 889 1828 935 non
1853 869 1968 938 solum
1988 871 2092 943 fortis
2110 875 2195 959 dux,

1197 963 1257 1030 sed
1282 962 1388 1032 etiam
1406 961 1691 1054 circumspectus.
1744 964 1856 1040 Norat
1877 971 2061 1060 ingenium
2079 990 2114 1046 et
2129 1002 2195 1067 po·

1197 1065 1342 1134 tentiam
1374 1060 1590 1150 Mahometi,
1632 1067 1774 1141 videbat
1808 1071 1966 1160 ingentes
1998 1098 2193 1150 successus:

1196 1165 1316 1259 itaque
1341 1166 1396 1236 sui
1415 1167 1515 1257 regni
1536 1169 1623 1240 fines
1649 1193 1774 1259 magua
1795 1173 1977 1264 vigilantia
2001 1181 2194 1268 tutabatur,

1132 1336 1140 1353 ,
1196 1272 1255 1337 sed
1275 1283 1393 1339 tamen
1418 1269 1558 1358 longius
1575 1274 1740 1361 progredi
1764 1300 1884 1346 versus
1901 1275 2091 1350 Thraciam
2115 1308 2191 1353 non

1195 1371 1323 1455 voluit,
1345 1371 1458 1441 sciens
1472 1395 1510 1441 se
1526 1397 1651 1458 unum,
1679 1375 1761 1444 belli
1780 1380 1909 1448 molem
1925 1383 2100 1456 sustinere
2115 1410 2190 1455 non

1195 1496 1313 1563 posse,
1340 1487 1376 1543 et
1391 1474 1429 1542 in
1445 1475 1635 1545 foederatis
1652 1471 1746 1546 nihil
1760 1481 1834 1570 spei
1851 1505 1935 1551 esse.

1296 1606 1423 1680 Postea
1443 1604 1650 1682 Mahometo
1673 1628 1814 1684 mortuo
1837 1641 1916 1686 cum
1933 1618 1997 1689 lilii
2016 1624 2060 1691 de
2075 1646 2186 1713 regno

1195 1710 1426 1794 dissiderent,
1452 1713 1588 1782 occasio
1607 1728 1699 1799 erat,
1726 1717 1777 1784 rei
1803 1719 1980 1809 praeclare
2001 1727 2187 1813 gerendae,

1194 1817 1254 1883 sed
1279 1814 1373 1884 tristi
1396 1810 1563 1904 Europae
1587 1817 1680 1898 lato,
1723 1834 1927 1892 averterunt
1950 1821 2140 1897 Matthiam
2166 1851 2188 1900 a

1195 1916 1288 1985 bello
1305 1913 1459 1986 Tuccico
1469 1914 1623 1987 Romani
1642 1920 1818 2009 pontilicis
1835 1939 1945 2009 artes,
1972 1929 2035 2020 qui
2052 1929 2084 1997 ei
2100 1930 2187 2001 titu-

1193 2019 1268 2088 lum
1284 2018 1410 2089 tribuit
1432 2021 1530 2108 regni
1549 2017 1735 2090 Bohemici
1753 2024 1856 2094 etiam
1876 2041 1996 2098 contra
2012 2029 2188 2103 Friderici

1193 2120 1418 2212 imperatoris
1435 2122 1666 2196 voluntatem.
1719 2123 1904 2199 Malebant
1926 2131 2022 2200 enim
2041 2135 2188 2224 pontifi-

1193 2245 1248 2292 ces
1275 2223 1387 2292 dcleri
1413 2218 1622 2295 Bohemicas
1644 2221 1837 2314 Ecclesiae,
1861 2256 1968 2325 quam
1990 2250 2187 2323 grassantes

1193 2323 1332 2395 Turcos
1354 2325 1513 2416 reprimi.
1570 2321 1771 2401 Attrahunt
1793 2331 1901 2422 igitur
1919 2327 2069 2405 Bohemi
2086 2335 2189 2409 Casi-

1193 2427 1323 2497 mirum
1339 2424 1570 2508 Polonicum,
1597 2430 1772 2522 optimum
1790 2457 1928 2525 regem,
1951 2438 2052 2508 cuius
2068 2442 2188 2510 consi-

1193 2529 1233 2598 lii
1248 2543 1353 2600 autor
1368 2530 1510 2601 videtur
1527 2531 1635 2601 luisse
1650 2531 1864 2610 Fridericus.
1916 2535 2011 2609 Huic
2029 2541 2188 2614 infoelici

1192 2632 1286 2703 bello
1305 2632 1499 2724 implicitus
1515 2629 1687 2706 Matthias
1705 2637 1791 2708 alias
1806 2662 1860 2709 res
1881 2640 2052 2713 salutares
2068 2640 2188 2716 Euro·

1192 2758 1258 2826 pac
1273 2735 1403 2805 omisit.
1456 2733 1594 2805 lnterea
1608 2737 1684 2806 eius
1701 2741 1823 2829 copiae
1840 2742 1877 2811 in
1895 2738 2066 2813 Bohemia
2083 2762 2116 2818 et
2132 2749 2188 2818 vi-

1192 2837 1282 3007 qiuis
1301 2836 1508 2926 regionibus
1527 2852 1669 2928 vagatae
1695 2844 1893 2916 vastitatem
1908 2847 1947 2915 in
1964 2849 2086 2918 multis
2100 2850 2188 2922 locis

1205 2953 1362 3010 eterunl·

1295 3053 1416 3144 Quare
1447 3069 1482 3126 et
1514 3056 1692 3149 principes
1720 3060 1759 3128 in
1790 3055 1856 3131 hac
1879 3060 2094 3142 Germaniae
2124 3096 2186 3142 ora

1192 3157 1384 3227 exercitum
1400 3171 1671 3244 contraxerunt,
1693 3174 1728 3230 et
1745 3159 1998 3234 Vratislaviam
2021 3172 2064 3239 ad
2089 3195 2187 3262 reges

1192 3272 1432 3343 accesserunt,
1458 3274 1493 3329 ct
1509 3261 1751 3351 perfecerunt,
1778 3276 1817 3334 ut
1833 3288 1931 3356 reges
1950 3262 2018 3339 hoc
2038 3272 2187 3345 infoelix

1192 3361 1325 3430 bellum
1342 3361 1564 3446 omitterent,
1587 3375 1621 3432 et
1638 3387 1721 3454 pace
1737 3367 1827 3436 lacta
1855 3368 1892 3437 in
1915 3393 1977 3438 sua
1997 3395 2104 3463 regna
2128 3400 2186 3446 re-

1190 3463 1317 3534 dirent.
1370 3462 1495 3533 Postea
1517 3477 1551 3533 et
1573 3465 1741 3559 reliquias
1760 3469 1942 3558 copiarum
1961 3469 2185 3564 Huugarica-

1190 3590 1270 3635 rum
1286 3565 1324 3634 in
1341 3560 1406 3634 hac
1425 3565 1555 3634 vicinia
1574 3568 1680 3637 duces
1696 3567 1869 3641 Saxoniae
1891 3585 1926 3643 et
1950 3571 2108 3648 marchio
2125 3577 2185 3651 lo-

1189 3663 1324 3738 hannes
1340 3668 1557 3738 deleverunt.

1292 3782 1491 3855 Ascensum
1526 3797 1578 3855 est
1615 3809 1737 3856 rursus
1776 3787 1910 3858 bellum
1945 3788 2185 3889 Austriacum,

1189 3887 1307 3957 nescio
1331 3910 1400 3981 qua
1424 3887 1625 3972 occasione,
1652 3891 1842 3958 nonenim
1863 3908 1982 3967 extant
2004 3894 2184 3973 historiae.

1191 3990 1232 4060 ln
1248 4014 1289 4060 eo
1304 3989 1399 4060 bello
1416 4012 1495 4056 cum
1506 3987 1684 4057 Viennam
1698 4009 1899 4083 occupasset
1909 3994 2092 4088 Matthias,
2108 4028 2184 4075 non

1188 4092 1302 4163 multo
1326 4105 1405 4184 post
1430 4090 1469 4158 in
1493 4114 1533 4161 ea
1551 4093 1641 4161 urbe
1665 4109 1827 4164 mortuus
1850 4110 1913 4167 est.
1965 4095 2080 4175 Aiunt
2097 4130 2184 4198 apo-

142 4191 237 4287 phus
254 4197 292 4264 in
307 4196 497 4287 tragoediis
513 4199 730 4269 mendicasse
746 4198 878 4268 victum
895 4209 1073 4270 narratur.
1190 4193 1302 4287 plexis
1319 4193 1511 4263 extinctum
1527 4216 1620 4278 esse,
1648 4218 1753 4287 quam
1771 4197 1821 4266 ira
1840 4193 2083 4276 vehementior
2100 4207 2184 4278 irri-

247 4292 951 4372 lntcreaMahometussciensMatthiam
968 4299 1137 4369 domesti-
1189 4309 1334 4369 taverat.
1375 4291 1479 4365 ‘Haec
1494 4296 1538 4364 de
1552 4296 1655 4365 bellis
1674 4294 1847 4369 Matthiae
1863 4300 2021 4391 legimus.
2073 4304 2183 4380 Domi

142 4401 194 4470 cis
209 4400 313 4471 bellis
328 4416 537 4495 occupatum
552 4425 638 4484 esse,
665 4399 993 4474 mittitHalibecum
1010 4403 1136 4472 ducem
1190 4402 1228 4469 iu
1242 4395 1509 4481 iurisdictione,
1535 4398 1600 4466 etsi
1616 4396 1711 4468 visus
1728 4416 1779 4471 est
1795 4404 1963 4493 asperior,
1988 4420 2105 4477 umen
2124 4410 2182 4483 iu·

142 4503 182 4571 in
199 4500 380 4598 Syrmium
407 4529 487 4575 cum
512 4529 641 4598 magno
661 4505 828 4578 exercitu.
880 4498 994 4574 Erant
1018 4517 1137 4574 autem
1188 4518 1263 4572 stus
1279 4500 1366 4586 lull,
1392 4512 1428 4570 el
1445 4523 1525 4569 cum
1552 4499 1670 4570 lllfflss
1694 4500 1923 4592 lm‘lllsses‘l»
1946 4508 2129 4601 “llsslffilS
2147 4526 2182 4584 Εἴ

142 4605 318 4699 praesidia
342 4607 534 4677 mediocria
558 4608 596 4676 in
616 4608 794 4699 illoregni
814 4606 944 4691 limite,
970 4608 1137 4699 sedquae
1190 4602 1332 4674 virtutis
1356 4601 1573 4685 doctrinam,
1614 4615 1648 4673 et
1671 4603 1756 4693 legit
1778 4605 1949 4695 libenter,
1983 4625 2017 4681 et
2040 4615 2181 4687 amavit.

143 4710 207 4779 diu
233 4709 405 4780 sustinere
426 4710 694 4781 multitudinem
717 4709 906 4782 Turcicam
933 4732 1008 4777 non
1037 4721 1138 4799 potc-
1190 4704 1436 4779 venerabatur
1456 4700 1635 4773 Ecdeme
1660 4730 1810 4791 1¹⁰¹1¹0¹¹s
1845 4722 1880 4779 el
1908 4734 1927 4778 ὃ
1960 4716 2181 4787 ⁸³c⁶fd⁰l¹1m

143 4822 236 4881 rant.
288 4810 481 4883 Descendit
494 4813 604 4903 igitur
619 4838 680 4883 rex
694 4826 730 4883 et
743 4812 888 4904 praeliis
903 4812 1041 4905 aliquot
1057 4810 1137 4880 fuso
1190 4807 1414 4878 cruditorum
1437 4805 1627 4900 colloquiis
1649 4808 1693 4877 de
1719 4809 1880 4881 doctrina
1903 4807 2083 4885 Ecclesiae
2107 4842 2183 4888 uon

143 4928 178 4983 et
200 4913 320 5003 fugato
337 4912 502 4986 Halibeci
525 4917 700 5001 exercitu,
723 4929 845 5008 postea
861 4913 1059 4984 Dracolum
1081 4923 1139 5006 ty·
1189 4904 1425 4988 abhorrebat,
1446 4931 1487 4978 ac
1502 4922 1596 4978 certa
1621 4922 1778 5001 tempora
1805 4912 2025 4986 invocationi
2046 4918 2184 4990 tribue-

144 5039 299 5086 rannum
328 5018 464 5109 eoepit,
499 5033 534 5091 et
557 5019 749 5089 exercitum
778 5018 816 5086 in
843 5015 1000 5087 Bosnam
1026 5013 1139 5099 duxit,
1190 5015 1262 5086 bat.
1280 5004 1556 5081 'Bibliothecam
1573 5011 1884 5105 instruxitmaguo
1899 5032 2053 5108 sumptu,
2068 5045 2185 5113 qusn-

142 5119 208 5190 ubi
247 5117 375 5190 laium
416 5120 541 5192 urbem
573 5118 714 5192 Boenae
746 5119 973 5213 praecipuam
1009 5113 1139 5187 Turris
1190 5127 1336 5196 taextra
1356 5109 1493 5183 ltaliam
1511 5114 1611 5183 nulla
1629 5126 1692 5182 est.
1741 5109 1795 5186 Ex
1812 5110 1878 5188 hac
1892 5119 1998 5189 utiles
2013 5121 2097 5191 libri
2112 5120 2186 5193 Po-

142 5221 286 5293 ademit·
1191 5217 1310 5312 lybius
1325 5228 1360 5285 et
1376 5211 1557 5285 Diodorus
1573 5213 1716 5286 Siculus
1736 5217 1891 5307 primum
1916 5222 2065 5312 prolati,
2090 5225 2186 5318 typis

246 5321 323 5396 Hac
347 5324 496 5395 victoria
519 5326 609 5396 moti
633 5323 779 5406 Veneti,
806 5323 937 5418 quibus
955 5334 1043 5393 tunc
1058 5317 1140 5391 Ma-
1192 5319 1309 5389 excusi
1332 5332 1427 5391 sunt.
1479 5313 1682 5389 Delectatus
1704 5332 1755 5388 est
1779 5321 1930 5391 maxime
1955 5317 2187 5397 historiarum

141 5423 308 5500 humatus
325 5423 522 5498 chalcidem
545 5429 747 5513 ademerat,
772 5439 807 5498 et
825 5424 1035 5497 Ganuenses
1057 5425 1141 5517 qui-
1191 5419 1412 5511 cognitione,
1438 5441 1525 5514 quas
1541 5421 1680 5492 curavit
1701 5443 1742 5490 ex
1760 5417 1896 5495 Graeca
1913 5422 2034 5514 lingua
2057 5428 2189 5498 multas

141 5531 211 5602 bus
232 5529 356 5602 nobile
377 5530 579 5628 emporium
603 5529 642 5601 iu
669 5527 822 5603 Taurica
838 5523 1061 5605 Chersoneso
1082 5524 1141 5600 la-
1191 5522 1407 5597 inLatinam
1422 5521 1607 5700 traqsgqrri
1620 5520 1677 5593 sui
1692 5544 1778 5595 usus
1791 5546 1916 5616 musa,
1941 5526 2067 5599 didicit
2081 5528 2188 5603 etiam
