4664 6022
58 290 106 371 ss
401 314 410 339 ·
609 286 768 371 orer.
800 287 875 366 aa
907 285 1333 370 uaxruurano
1364 284 1520 366 cass.
1711 228 1715 239 ’
2037 296 2089 370 so

56 462 221 535 laudatos
245 458 451 556 Principes,
490 462 551 534 sed
584 464 795 536 clementiae
825 466 933 538 laude
967 491 1049 538 cum
1098 466 1168 536 mis
1187 467 1274 547 fuit,
1302 466 1350 537 ita
1366 489 1439 536 uon
1455 463 1563 557 gessit
1577 488 1658 535 cum
1672 462 1753 536 aliis
1774 462 1888 547 bella,
1910 464 1982 538 nisi
2005 491 2086 539 cum

55 563 311 638 Muimitiano
336 590 410 636 non
434 579 566 636 temere
588 566 841 650 conferendos,
880 593 971 662 quae
992 569 1049 640 vel
1097 569 1142 638 iis
1160 571 1223 663 qui
1241 569 1404 662 publicae
1421 568 1526 640 saluti
1542 566 1662 639 infesti
1676 581 1790 642 erant.
1829 566 2010 641 Privatam
2025 570 2086 640 in-

54 662 124 740 lior
143 668 302 760 amplior
323 683 394 754 cst,
419 671 516 761 quod
539 669 614 761 ipsa
639 669 685 741 sit
710 671 871 741 omnium
888 667 1049 743 heroica·
1096 671 1225 743 iuriam
1242 671 1384 743 videtur
1397 669 1521 742 tulisse
1536 670 1655 740 minus
1678 693 1797 761 aegre,
1817 695 1925 765 quam
1947 672 2084 743 soleant

52 793 134 841 rum
151 770 330 841 virtutum
347 793 502 855 summa,
522 794 626 862 prora
643 773 1045 865 etpuppis,utdicunt.
1095 774 1201 862 vulgo
1227 771 1368 864 Regum
1389 772 1545 864 ingenia.
1606 771 1675 844 Sed
1702 773 1789 867 quid
1816 798 1891 843 nou
1916 773 2084 866 privatim

53 868 201 943 Etenim
215 897 299 943 cum
314 895 431 943 sacrae
452 872 573 943 literae
589 870 705 943 Deum
724 870 811 966 Opt
827 873 926 948 Mar.
950 901 1047 946 mor·
1094 877 1203 948 ferret
1230 875 1340 970 isqui
1360 901 1436 946 uon
1460 875 1529 947 sibi
1549 874 1682 945 sciebat
1698 875 1888 968 imperium
1903 875 1997 965 geri,
2022 876 2084 946 sed

52 976 188 1050 talibus
212 974 435 1066 potissimum
462 976 880 1067 praeconioclementiae
902 995 936 1051 et
960 982 1045 1073 φιλ·
1093 973 1300 1053 Christiano
1324 979 1478 1072 populo,
1512 978 1585 1048 imo
1605 971 1769 1051 Christo?
1797 996 1862 1047 nec
1884 978 1982 1048 aliud
2011 1001 2085 1049 esse

54 1073 283 1174 ανθρωπίας
302 1080 568 1161 commendant,
600 1102 674 1146 non
697 1093 811 1170 potest
834 1103 908 1149 esse
931 1083 1046 1150 honus
1093 1078 1247 1169 Regem,
1279 1106 1387 1176 quarn
1411 1083 1547 1152 bonum
1570 1079 1884 1172 patremfamilias?
1914 1078 1978 1173 qui
2007 1094 2085 1151 tum

56 1179 248 1273 Princeps,
287 1179 350 1272 qui
379 1204 454 1249 non
484 1181 590 1272 pleno
620 1195 761 1272 pectore
790 1196 1044 1254 sacrosanctam
1094 1205 1131 1250 se
1154 1183 1296 1253 demum
1319 1187 1462 1255 beatum
1487 1197 1605 1277 putat,
1631 1206 1711 1251 cum
1736 1183 1874 1252 beatam
1896 1181 1994 1251 videt
2019 1205 2081 1253 sua

61 1284 151 1354 illam
169 1281 334 1353 coelestis
360 1276 650 1373 philanthropiae
672 1283 823 1374 speciem
843 1287 1045 1377 complexus
1094 1309 1199 1369 cura,
1226 1285 1298 1355 suis
1316 1286 1491 1371 consiliis,
1514 1308 1576 1355 sua
1595 1284 1770 1354 industria
1788 1283 1974 1353 familiam.
2029 1280 2082 1353 Ita

57 1399 111 1458 est.
163 1384 260 1456 Nam
285 1380 351 1454 bac
371 1407 444 1453 una
466 1385 609 1455 iubetur
621 1388 769 1454 maxime
785 1389 916 1457 referre
941 1411 1045 1478 supe-
1092 1385 1202 1475 Regis
1226 1401 1294 1472 est,
1318 1413 1392 1458 non
1419 1387 1570 1458 libidine
1593 1408 1655 1455 sua
1675 1388 1823 1455 modum
1840 1398 1994 1455 statuere
2014 1386 2083 1453 im-

54 1514 132 1561 rum
157 1512 200 1557 ac
224 1487 373 1557 coeleste
395 1511 530 1555 numen
555 1487 592 1557 in
612 1488 728 1558 terris.
779 1486 942 1559 Tandem
961 1480 1044 1558 nero
1093 1490 1218 1580 perlis,
1244 1491 1306 1559 sed
1322 1491 1508 1561 commodo
1525 1488 1681 1582 publico.
1734 1485 1817 1576 Quo
1834 1487 1954 1556 minus
1968 1488 2083 1558 bonos

53 1591 186 1664 sedatis
225 1588 403 1660 intestinis
429 1589 602 1673 motibus,
640 1588 884 1680 Burgundiam
917 1589 1044 1663 Gallus
1092 1605 1201 1681 agunt
1226 1591 1429 1684 Principes,
1462 1592 1526 1685 qui
1551 1591 1621 1661 sibi
1644 1590 1788 1682 quidvis
1809 1587 1915 1659 licere
1938 1601 2082 1681 putant:

54 1694 206 1777 invasit,
228 1692 294 1762 ubi
320 1713 421 1783 saepe
446 1716 526 1762 cum
550 1687 652 1764 hoste
675 1716 881 1783 congressus
903 1708 955 1764 est
978 1719 1044 1764 uo·
1093 1695 1249 1784 peiores,
1276 1696 1407 1789 quibus
1421 1693 1563 1789 quidvis
1578 1693 1686 1776 libet,
1711 1691 1759 1762 ita
1775 1690 1940 1763 videlicet
1962 1690 2083 1761 imbu-

52 1811 140 1880 stcr,
174 1794 276 1883 signa
310 1816 413 1885 saepe
444 1793 582 1865 retulit.
643 1791 685 1864 ln
707 1818 863 1881 summa,
896 1793 1042 1866 Gallum
1091 1795 1159 1876 tis,
1195 1796 1359 1867 utnulla
1383 1795 1588 1866 discrimine
1614 1789 1762 1864 honesta
1788 1817 1829 1862 ac
1852 1790 1991 1885 turpia,
2029 1791 2084 1862 fas

54 1895 253 1970 Germania
270 1896 491 1978 exturbavit,
515 1909 622 1990 atque
637 1890 696 1965 hic
717 1898 861 1990 quidem
880 1911 931 1967 est
953 1900 1043 1967 adu-
1092 1899 1191 1968 nefas
1208 1898 1397 1969 misceant:
1424 1899 1487 1992 qui
1509 1923 1546 1968 se
1569 1920 1717 1987 regnare
1736 1919 1813 1965 non
1835 1909 1985 1988 putant,
2011 1893 2083 1964 nisi

52 2100 248 2186 admonui,
274 2124 357 2169 nam
371 2113 411 2170 ut
427 2099 565 2190 singula
580 2101 818 2192 explicentur,
844 2126 960 2194 neque
975 2096 1043 2170 hoc
1091 2103 1267 2194 exempla,
1310 2103 1385 2188 ius,
1433 2103 1504 2186 fas,
1552 2103 1707 2186 bonum,
1754 2123 1925 2193 aequum,
1972 2097 2083 2189 pium,

54 2204 190 2300 patitur
203 2203 349 2273 dicendi
370 2203 549 2294 spacium,
573 2226 689 2296 neque
706 2202 888 2292 ingenium
914 2228 1043 2275 meum.
1090 2217 1273 2287 sanctum,
1301 2205 1424 2290 fidem,
1449 2204 1677 2294 religionem,
1702 2201 1857 2296 denique
1871 2200 1992 2271 omnia
2013 2223 2083 2292 pu·

55 2306 130 2378 lam
149 2319 185 2376 ct
205 2304 344 2397 reliqua
365 2327 629 2396 percurremus,
655 2304 862 2374 melioribus
882 2306 966 2374 inde
983 2329 1039 2373 us·
1089 2305 1182 2374 blica
1208 2319 1242 2375 et
1269 2308 1404 2397 privata
1426 2307 1651 2377 conturbent.
1710 2301 1803 2373 Nolo
1834 2325 1931 2371 nunc
1954 2300 2082 2369 memi-

54 2434 122 2506 que
137 2407 245 2481 annis
264 2431 346 2477 curn
362 2406 457 2477 bello
480 2420 555 2476 tum
571 2430 653 2496 pace
669 2421 783 2496 gesta,
809 2430 898 2500 quae
922 2407 1042 2476 omnia
1089 2407 1184 2476 nisse
1208 2404 1465 2491 Claudiorum,
1486 2405 1693 2491 Neronum,
1715 2401 1926 2488 Commodi,
1952 2399 2081 2472 Helio-

55 2514 236 2603 ingentem
257 2522 292 2581 ct
314 2532 397 2578 vere
411 2504 597 2579 bornicum
617 2507 858 2578 Maximiliaui
882 2509 1041 2577 animum
1089 2509 1224 2600 gabali,
1248 2506 1484 2594 Diocletiani,
1507 2506 1702 2593 Maxentii,
1729 2520 1762 2576 et
1779 2504 1963 2582 similium.
2008 2501 2082 2595 lpsi

55 2624 222 2705 arguam.
248 2608 374 2704 ltaque
388 2610 418 2680 is
433 2611 555 2680 indole
570 2609 643 2695 tali,
661 2634 728 2681 usu
743 2635 863 2681 rerum
881 2610 953 2681 iam
969 2634 1043 2680 non
1089 2634 1156 2680 nos
1186 2611 1225 2679 in
1256 2613 1337 2682 sinu
1368 2625 1513 2696 nostro,
1543 2607 1735 2692 Germani,
1768 2608 1831 2701 qui
1864 2606 2081 2677 assuevimus

55 2714 246 2798 mediocri,
272 2736 368 2806 spem
385 2713 440 2782 sui
461 2726 593 2782 tantam
605 2709 821 2783 Germaniae
838 2713 1043 2805 proceribus
1088 2736 1227 2806 semper
1240 2735 1313 2783 esse
1331 2714 1455 2799 liberi,
1481 2713 1569 2783 tales
1592 2711 1721 2785 alimus
1738 2707 1914 2798 Regulum
1940 2730 2031 2802 quos
2050 2707 2079 2776 si

56 2819 155 2901 fecit,
179 2829 220 2886 ut
234 2839 348 2885 unum
362 2815 515 2885 fascibus
530 2812 724 2901 Romanis,
750 2829 784 2885 et
799 2840 928 2885 corona
950 2812 1041 2885 Ger·
1089 2840 1170 2884 cum
1195 2815 1370 2886 maiorum
1397 2815 1607 2884 saevissimis
1635 2831 1670 2884 et
1689 2811 1957 2882 immanissimis
1979 2808 2081 2898 flagi·

55 2918 185 2990 manici
204 2918 304 3009 regni
320 2918 468 3008 dignum
494 2916 706 2989 censuerint.
761 2915 958 3010 Imperator
981 2918 1043 2984 de·
1089 2918 1149 2987 tiis
1173 2941 1438 3010 comparemus,
1474 2916 1576 2987 facile
1602 2913 1833 2999 crediderim,
1865 2936 1967 3005 posse
1997 2910 2080 2980 illos

56 3023 233 3114 signatus,
257 3022 353 3113 apud
363 3016 626 3114 Aquisgranum
637 3017 750 3110 Regio
766 3014 902 3090 bonore
919 3033 1042 3089 auctus
1089 3016 1197 3090 bodie
1221 3019 1260 3088 in
1285 3043 1476 3089 numerum
1492 3020 1679 3090 'bonorum
1700 3015 1910 3106 Principum
1928 3014 2080 3083 relatum

56 3138 122 3210 est,
144 3124 256 3217 idque
274 3135 419 3216 parente
435 3123 536 3207 vivo,
562 3122 754 3215 quaeraris
768 3120 940 3192 foelicitas
957 3146 1042 3191 con·
1090 3122 1149 3192 iri.
1199 3119 1343 3209 Quanto
1360 3122 1469 3192 satius
1488 3135 1562 3192 erat
1579 3118 1765 3210 Principes
1787 3111 1895 3187 huius
1918 3114 2040 3185 aetatis
2059 3136 2079 3183 e

54 3228 145 3319 tigit.
196 3224 360 3297 Primum
380 3225 542 3294 omniurn
565 3222 781 3295 Germaniae
803 3237 932 3294 statum
954 3248 1040 3292 con·
1092 3223 1331 3294 Maximiliani
1349 3224 1512 3313 ingenio,
1539 3245 1601 3293 sua
1624 3236 1836 3311 temperare,
1860 3233 1901 3287 ut
1925 3239 2078 3311 quema

54 3329 295 3401 foederatione
318 3325 467 3398 Suevica
497 3325 651 3409 sancita,
684 3326 927 3409 confirmavit,
961 3325 1039 3394 utili
1089 3327 1224 3418 superis
1248 3340 1454 3417 acceperant
1474 3336 1627 3414 patrem,
1661 3334 1696 3391 et
1720 3333 1954 3402 servatorem,
1987 3339 2078 3386 eun·

56 3457 136 3505 tane
159 3430 328 3514 consilio,
362 3453 434 3523 quo
459 3425 674 3498 Germaniae
699 3452 783 3520 opes
812 3426 869 3495 vel
902 3425 1040 3517 potissi·
1089 3431 1168 3496 dem
1183 3428 1344 3495 moribus
1367 3427 1561 3507 referrent,
1587 3422 1643 3491 vel
1661 3417 1728 3492 hoc
1744 3421 1870 3505 etiam,
1895 3444 1968 3512 quo
1995 3439 2078 3506 gra·

55 3561 150 3608 mum
167 3529 407 3605 communitae
424 3544 525 3601 sunt:
550 3529 620 3599 fuit
641 3528 735 3599 enirn
755 3553 794 3600 ea
813 3530 1042 3599 confoedera-
1090 3528 1279 3599 titudinem
1303 3525 1412 3595 animi
1447 3527 1503 3595 sui
1535 3522 1745 3595 coelestibus
1774 3521 2013 3604 declararent,
2047 3517 2078 3588 si

56 3640 103 3710 tio
118 3634 294 3709 hactenns
311 3634 349 3702 in
374 3634 480 3704 rebus
496 3632 616 3702 dubiis
636 3632 868 3702 certissimum
890 3629 1042 3701 Germe-
1088 3631 1191 3699 illum
1216 3629 1267 3698 sic
1287 3642 1403 3698 essent
1426 3627 1620 3718 compleri,
1644 3635 1685 3695 ut
1707 3625 1784 3695 eius
1805 3647 1912 3717 quam
1927 3620 2078 3691 maxime

57 3742 134 3812 niae
151 3737 388 3832 praesidium:
411 3731 571 3806 Ostriam
588 3733 971 3823 deindeabHungaris
988 3755 1041 3800 as·
1089 3731 1222 3802 similes
1244 3753 1280 3800 se
1300 3730 1445 3803 vellent.
1496 3731 1539 3800 ln
1563 3724 1632 3799 boc
1655 3752 1735 3798 cum
1758 3750 1896 3818 semper
1915 3722 2078 3817 publicae

58 3843 175 3916 senrit.
227 3839 304 3912 Sub
321 3837 415 3907 idem
434 3834 919 3929 tempusimperavitTurcis
937 3847 1041 3903 notae
1088 3835 1210 3904 salutis
1232 3833 1355 3903 arserit
1376 3855 1479 3915 cura,
1511 3828 1606 3901 nihil
1630 3853 1704 3900 non
1729 3830 1852 3899 datum
1886 3839 1939 3896 est
1959 3823 2077 3894 studio

57 3944 206 4016 ferociae
226 3941 385 4012 Baiazita
409 3964 487 4024 rex,
513 3939 575 4033 qui
602 3939 640 4007 in
653 3936 927 4031 Hellespontum
945 3959 1042 4027 gras·
1091 3937 1202 4028 pacis,
1229 3935 1393 4027 publicae
1412 3933 1534 4027 pietati
1556 3947 1590 4005 et
1611 3931 1788 4020 religioni.
1841 3926 1920 4020 lpse
1940 3947 2079 4018 semper

58 4063 149 4120 satus
176 4046 291 4131 bello,
323 4040 466 4138 lllyrios
491 4041 633 4111 afflixit:
686 4034 887 4124 Dalmatas}
911 4041 1040 4109 deinde
1090 4041 1127 4106 in
1143 4038 1251 4106 armis
1265 4037 1353 4122 fuit,
1374 4060 1420 4105 ne
1439 4058 1598 4129 unquam
1619 4033 1738 4104 subito
1755 4044 1854 4100 motu
1873 4029 2078 4101 turbaretur

59 4175 144 4245 quac
178 4160 264 4219 sunt
295 4147 336 4215 in
369 4144 512 4213 viciniis
536 4143 714 4234 regiones,
747 4138 971 4214 Garinthiam
1006 4153 1042 4210 et
1091 4139 1296 4211 Germania.
1349 4137 1429 4230 lpse
1451 4160 1589 4230 semper
1605 4134 1697 4207 bella
1713 4132 1838 4224 gessit,
1863 4144 1903 4201 ut
1917 4129 1963 4199 ab
1977 4125 2077 4198 omni

58 4251 201 4324 Crustas
234 4248 384 4331 invasit,
415 4247 672 4337 depraedatum
703 4244 845 4314 similis:
898 4242 1040 4335 pessimi
1088 4256 1185 4312 metu
1201 4240 1378 4312 bellorum
1401 4251 1579 4310 tntaesset
1596 4234 1808 4307 Germania:
1835 4256 1914 4303 cum
1932 4226 2079 4301 Geldris

58 4354 168 4426 fuerat
184 4350 337 4443 exempli
352 4372 409 4419 res
424 4350 563 4431 futura,
589 4347 657 4417 nisi
679 4347 934 4439 irrumpentem
960 4343 1040 4415 Ma·
1089 4346 1170 4414 ideo
1188 4343 1381 4423 dimicavit,
1401 4365 1447 4410 ne
1463 4339 1628 4409 viciniam
1645 4334 2078 4409 latrociniisinfestarent:

59 4457 260 4527 similianirs
282 4446 523 4545 prohibuisset
533 4470 547 4519 z·
576 4449 715 4543 aliquot
740 4449 939 4518 'l'urcarum
964 4471 1041 4515 ma·
1089 4470 1169 4516 cum
1189 4443 1381 4527 Helvetiis,
1407 4456 1447 4514 ut
1462 4464 1544 4513 suos
1568 4440 1640 4512 avi
1664 4451 1849 4511 assereret:
1876 4451 1956 4505 cum
1972 4430 2078 4502 Pala·

60 4559 171 4653 oipuli
202 4557 241 4627 in
274 4556 359 4647 fuga
391 4553 480 4624 caesi
508 4565 602 4626 sunt.
652 4549 727 4622 lam
752 4563 828 4622 tum
853 4544 922 4620 boc
940 4551 1042 4638 duce,
1090 4549 1167 4619 tino
1189 4548 1291 4627 item,
1314 4568 1360 4615 ne
1382 4545 1421 4614 in
1433 4539 1604 4616 Rhenum
1621 4543 1701 4634 plus
1716 4563 1830 4633 aequo
1850 4545 2079 4650 grassaretur.

60 4660 251 4733 Germania
272 4656 410 4730 Turcas
433 4655 529 4724 vinci
554 4677 655 4745 posse
673 4654 817 4737 didicit,
847 4652 1043 4746 exquibus
1090 4648 1183 4739 Quis
1203 4662 1255 4719 est
1277 4647 1373 4716 enim
1397 4646 1459 4742 qui
1487 4645 1597 4716 nescit
1623 4657 1832 4746 occupatum
1858 4639 1896 4706 in
1923 4633 2080 4718 Geldris,

60 4788 121 4835 uos
138 4763 247 4855 paulo
262 4773 361 4845 ante,
376 4781 514 4849 semper
527 4756 614 4826 alias
630 4780 771 4851 quoque
788 4755 947 4838 invictis,
962 4776 1042 4843 gra·
1091 4755 1136 4822 ad
1157 4749 1420 4843 suscipiendum
1442 4771 1524 4819 cum
1547 4744 1720 4817 Helvetiis
1739 4741 1873 4813 bellum
1896 4736 1994 4828 gravi
2020 4758 2080 4804 re-

60 4868 235 4937 rissimam
259 4863 394 4933 cladem
419 4861 485 4929 sub
499 4857 729 4950 Sigismundo
742 4856 891 4929 Caesare
908 4855 1042 4946 accepi·
1091 4879 1171 4925 rum
1190 4876 1334 4925 suarum
1351 4850 1513 4943 periculo
1527 4847 1684 4920 aSuevis
1701 4856 1885 4915 evocatum
1902 4860 1994 4958 esse,
2016 4861 2078 4929 qur

61 4992 151 5040 mna:
178 4989 303 5037 verum
321 4959 413 5033 nibil
428 4965 543 5032 fuerat
565 4960 713 5051 periculi
728 4960 860 5030 nostris
874 4959 980 5028 rebus
1002 4981 1043 5026 ca
1092 4959 1163 5027 iam
1187 4970 1269 5027 ante
1290 4954 1423 5023 bellum
1447 4952 1634 5041 gerebant,
1667 4971 1772 5040 quam
1797 4944 1894 5013 illius
1917 4962 2017 5031 signs
2044 4951 2080 5009 et

61 5063 389 5150 Turcisbocvivo,
413 5064 665 5159 quemscilicet
687 5064 756 5131 iam
773 5063 860 5132 olim
882 5059 1042 5150 agnitum
1092 5059 1229 5153 aquilas
1253 5053 1452 5126 vidissent?
1483 5066 1623 5125 etcum
1655 5045 1827 5121 Palatinis
1850 5041 2079 5134 Principibus

63 5196 132 5242 non
146 5184 280 5241 temere
296 5167 334 5237 in
351 5191 446 5235 arma
464 5166 622 5236 vocaturi
645 5177 761 5235 erant:
790 5177 923 5235 caetera
937 5160 1045 5232 Baia-
1091 5175 1173 5231 ante
1194 5161 1306 5230 multa
1328 5158 1372 5225 de
1393 5157 1471 5225 iure
1493 5167 1569 5224 acta
1584 5166 1685 5232 sunt,
1711 5173 1818 5245 quarn
1836 5169 1934 5217 arma
1954 5162 2078 5212 move·

64 5275 125 5345 aits
146 5272 320 5354 invictus,
343 5263 450 5339 buius
472 5267 545 5336 vim
563 5291 637 5338 non
658 5267 838 5338 sustinuit.
891 5262 1044 5355 Regres-
1091 5264 1240 5347 rentur,
1258 5264 1405 5332 fortasse
1423 5271 1499 5327 tum
1515 5278 1659 5350 quoque
1675 5273 1862 5344 parsurus,
1887 5244 1960 5317 nisi
1974 5240 2080 5360 Pala-

65 5399 117 5445 ms
133 5374 264 5445 deinde
283 5372 321 5441 in
338 5370 530 5442 Sicambris
546 5370 682 5441 bellurn
695 5369 819 5459 gessit,
840 5392 912 5462 quo
930 5377 1045 5436 essent
1091 5365 1208 5436 tinum
1228 5361 1385 5434 converti
1407 5360 1453 5430 ad
1476 5359 1549 5429 vim
1573 5355 1748 5427 sensisset.
1800 5348 1879 5442 Ipse
1900 5343 1969 5416 boc
1992 5364 2081 5426 sero,
2197 5394 2204 5415 .

67 5477 199 5548 accolae
213 5499 234 5546 a
248 5472 445 5549 latrociniis
460 5471 540 5544 tuti.
579 5470 682 5561 ,Nam
697 5484 739 5543 ut
758 5471 900 5542 assiduo
921 5469 960 5538 in
984 5491 1045 5539 ar·
1093 5468 1336 5562 pastillorum
1349 5460 1538 5544 malorum,
1560 5480 1641 5530 cum
1657 5445 1997 5538 comitiisAugustse
2012 5438 2079 5512 ba·
