4664 6022
144 460 234 537 tanti
255 455 390 529 luroris
410 454 498 546 olim
519 455 634 535 facere
657 465 692 523 et
712 452 913 525 vastitatem
935 465 1041 548 atque
1063 447 1139 520 eri-

145 565 237 637 tium
258 559 423 651 religioni
438 572 473 630 et
493 556 658 628 omnibus
675 550 834 627 honestis
848 556 984 627 artibus
997 552 1138 639 minari,

146 690 214 739 nec
235 664 395 735 dubitate
415 661 502 755 quin
524 658 600 730 Deo
621 682 754 751 poenas
775 658 894 730 daturi
913 660 996 732 sint.
1063 654 1138 727 Nos

27 830 33 839 .
147 793 233 841 vero
254 767 286 836 si
302 764 420 837 etDeo
437 763 542 855 grati,
556 776 589 833 et
606 784 688 853 erga
696 759 891 833 Ecclesiam
907 761 958 854 pii
974 782 1047 831 esse
1062 774 1137 829 stu-

147 875 286 956 demus,
300 888 528 959 agnoscamus
542 862 611 935 Dei
623 864 845 946 beneficium,
860 878 894 935 et
906 874 1053 956 propter
1064 856 1138 933 Ec-

146 975 273 1048 clesiae
303 970 492 1043 utilitatem
520 981 687 1039 tueamur
717 981 752 1038 et
773 987 1031 1038 conservemus.
1096 961 1138 1034 si

147 1101 252 1172 quem
275 1074 321 1145 ab
342 1067 400 1142 his
421 1070 549 1143 studiis
570 1066 639 1141 hoc
660 1073 833 1156 deterret,
865 1072 962 1164 quod
985 1090 1059 1138 nou
1080 1065 1138 1134 vi-

146 1183 278 1252 dentur
290 1175 405 1245 labori
420 1176 635 1267 respondere
647 1172 825 1268 praemia,
849 1173 881 1243 is
896 1196 970 1241 non
984 1170 1067 1240 satis
1081 1192 1139 1238 re-

147 1282 272 1373 ligiose
286 1281 331 1350 de
343 1274 421 1350 Deo
435 1276 555 1353 sentit.
606 1273 698 1346 Cum
713 1275 809 1346 euim
825 1273 948 1368 pietati
960 1271 1064 1344 toties
1081 1271 1140 1339 in-

147 1383 265 1477 gentia
287 1380 444 1475 praemia
458 1378 555 1450 Deus
574 1379 802 1471 polliceatur,
828 1390 972 1447 nonest
995 1376 1039 1444 de
1063 1373 1139 1445 eius

146 1488 215 1558 lide
238 1485 490 1558 dubitandum.
538 1477 686 1552 Alicubi
706 1479 882 1572 promittit
902 1476 1140 1570 amplissimos

145 1591 290 1678 frugum
311 1597 523 1678 proventus,
548 1584 578 1654 si
600 1583 753 1676 populus
770 1582 966 1653 liberaliter
983 1580 1141 1651 conferat

147 1694 192 1763 ad
204 1711 289 1761 usus
301 1687 516 1758 necessarios
530 1686 664 1779 templi
708 1683 829 1775 Quare
842 1709 906 1755 nec
919 1683 1023 1754 nobis
1038 1704 1140 1774 prae-

146 1794 218 1866 mia
242 1792 407 1863 defutura
431 1801 533 1870 sunt,
564 1789 594 1859 si
616 1788 733 1861 studia
753 1801 875 1858 nostra
896 1787 938 1856 ad
961 1782 1140 1855 Ecclesiae

146 1896 338 1969 utilitatem
360 1892 593 1964 conferemus.
650 1889 700 1962 Et
721 1903 772 1961 cst
794 1887 924 1982 pietas,
954 1896 1141 1979 expectan-

54 2051 56 2053 >
146 1986 328 2071 tem‘baec
351 1993 543 2086 promissa,
576 1990 754 2063 Ecclesiae
777 1991 990 2063 utilitatibus
1012 2011 1142 2060 consu-

148 2101 231 2173 lere.
283 2095 380 2170 Dixi.

965 2514 1014 2554 au.
1032 2491 1127 2558 1533.

962 2580 1132 2609 Μ

147 2493 289 2618 Q
364 2541 367 2545 .

354 2699 546 2831 ‘Praefi
570 2704 621 2788 in
644 2701 909 2789 Hesiodum.

218 2888 299 2962 Apud
318 2886 392 2940 Crat.
406 2881 477 2953 Myt.
496 2899 522 2950 p.
534 2879 585 2933 619
595 2840 667 3000 sqq„
692 2876 720 2930 in
733 2875 858 2932 Declam.
874 2876 908 2932 T.
923 2879 957 2937 ΙΙ.
975 2899 1002 2951 p.
1015 2879 1056 2948 9.,
1073 2879 1138 2935 Ser.

253 2965 323 3015 vest.
340 2954 374 3008 Τ.
389 2951 422 3007 ll.
460 2950 508 3007 .9.
528 2959 553 3003 et
575 2967 626 3016 apu
669 2946 794 3000 Richard.
811 2947 845 3001 T.
860 2947 881 3002 l.
900 2967 926 3018 p.
938 2949 998 3005 211.
1026 2979 1060 2992 -
1102 2951 1139 3003 Ex

252 3023 383 3095 Epistolis
398 2972 459 3075 Vol.
473 3018 505 3074 ll.
524 3024 551 3090 pl
562 3018 623 3073 681.
644 3016 820 3087 intelligitur,
839 3017 1016 3072 franciscum
1032 3019 1140 3076 Busch-

249 3095 367 3150 laardum
386 3088 573 3143 Vinariensem
596 3105 734 3140 enarrasse
752 3085 808 3142 boo
820 3105 894 3143 anno
911 3086 1071 3142 Hesiodum.

148 3267 348 3369 Praefatio
364 3270 406 3340 in
421 3262 647 3350 Hesiodum,
674 3285 698 3333 α
716 3266 975 3337 Francicus
994 3269 1140 3339 Vinu-

468 3370 620 3438 rs'enss'
644 3371 834 3438 recitato.

150 3510 250 3599 Cum
277 3522 320 3591 de
348 3515 548 3587 enarrando
575 3510 733 3585 Hesiodo
761 3516 1013 3605 deliberarem,
1047 3521 1142 3591 inter

150 3639 304 3701 caeteras
332 3618 555 3690 difficultates
577 3640 665 3709 quas
687 3617 777 3685 mihi
798 3618 834 3687 id
859 3621 998 3710 negocii
1023 3647 1141 3693 susce-

148 3744 254 3823 ptum
283 3721 480 3817 propositas
510 3740 582 3788 esse
613 3719 873 3808 intelligebam,
915 3723 953 3790 in
986 3738 1139 3793 mentem

148 3829 219 3904 hoc
242 3849 384 3924 quoque
405 3820 589 3903 veniebat,
619 3843 694 3889 non
716 3823 899 3892 defuturos
922 3848 1016 3911 csse,
1051 3851 1141 3919 quo-

150 3935 248 4005 niam
278 3951 354 3998 non
378 3925 427 3994 ita
449 3923 563 3993 multo
588 3934 669 3990 ante
691 3922 721 3992 is
745 3922 853 3995 Poe'ta
875 3925 913 3996 iu
934 3921 1000 3996 bac
1020 3925 1140 3998 schola

150 4033 350 4108 luculenter
371 4038 555 4098 enarratus
578 4036 648 4108 est,
680 4026 831 4119 quibus,
862 4027 894 4097 si
916 4016 1156 4119 relegeretur,

149 4133 332 4211 fastidium
350 4127 513 4220 repetitio
530 4126 692 4197 adferret.
744 4125 858 4197 Video
876 4129 971 4199 enim
987 4156 1061 4203 non
1075 4135 1141 4204 ali·

150 4254 206 4313 ter
232 4247 338 4327 atque
363 4230 470 4319 vulgo
493 4228 613 4308 aiunt,
647 4251 757 4299 novas
780 4232 962 4303 cantiones
984 4236 1141 4325 gratissi-

150 4363 227 4414 mas
250 4357 341 4418 esse,
362 4333 410 4403 ita
425 4355 489 4402 vos
503 4329 707 4401 avidissime
723 4335 767 4402 ad
783 4354 842 4401 eos
857 4349 994 4407 autotes
1011 4362 1141 4430 cogno-

151 4440 314 4522 scendos,
335 4434 399 4529 qui
412 4433 561 4502 minime
576 4433 653 4504 noti
669 4456 708 4502 ae
724 4434 921 4527 pervulgati
936 4453 1031 4524 sunt,
1056 4466 1142 4511 con-

149 4547 271 4620 fluere.
322 4534 538 4630 Quanquam
568 4535 677 4624 igitur
706 4538 870 4623 verebar,
900 4553 940 4611 ut
967 4547 1140 4635 accepturi

151 4645 272 4721 essetis
294 4645 438 4735 polima,
463 4639 561 4730 quod
584 4638 732 4726 gratiam
753 4639 921 4712 novitatis
937 4644 1045 4733 paulo
1062 4651 1143 4717 ante

151 4748 267 4832 exuit,
291 4757 411 4814 tamen
434 4739 654 4810 confirmavit
671 4763 726 4809 me
743 4764 864 4810 eorum
881 4743 1073 4832 iudicium,
1099 4751 1143 4817 de

153 4871 309 4949 quorum
334 4840 484 4914 consilio
508 4838 705 4910 Hesiodum
730 4846 966 4914 enarrandum
995 4851 1144 4942 suscepi,

154 4951 218 5048 qui
237 4948 334 5041 quod
356 4945 431 5014 eius
446 4939 578 5014 Poetae
600 4943 837 5032 coguitionem
859 4948 1009 5017 maxime
1031 4950 1142 5041 frugi-

152 5057 266 5126 feram
286 5061 321 5118 et
340 5044 479 5115 liberali
499 5043 645 5134 ingenio
665 5044 906 5135 dignissimam
927 5073 1001 5120 esse
1013 5063 1142 5124 statue-

152 5159 261 5232 bant,
292 5170 393 5239 saepe
419 5136 649 5234 relegendum
677 5170 750 5216 esse
778 5149 993 5223 iudicabant.
1051 5151 1142 5225 Nam

154 5278 237 5337 cum
266 5270 429 5338 magnam
451 5246 641 5317 utilitatem
663 5243 792 5322 habeat
812 5251 972 5338 relectio,
1004 5266 1038 5324 et
1059 5256 1142 5325 dili-

153 5355 295 5453 gentius
315 5349 577 5441 expendantur,
610 5361 645 5419 et
662 5350 769 5422 altius
791 5351 1083 5446 introspiciantur
1103 5382 1142 5428 ea

154 5484 246 5558 quac
266 5465 512 5538 retractamus;
533 5463 617 5525 sunt
635 5452 751 5538 enim,
774 5468 817 5526 ut
830 5454 944 5543 scitis,
968 5454 1145 5555 θευτέραι

686 274 845 355 nucu
877 272 955 355 nn
986 271 1193 353 araus.
1221 275 1282 353 ιιι
1314 254 1642 365 nasson-uss

1819 159 1841 192 Ο

2104 279 2183 365 240

1188 449 1388 551 φροντίδες
1406 451 1635 552 σοφωτέραι,
1660 454 1737 525 fore
1752 453 2039 541 arbitrabantur,
2060 468 2104 527 ut
2119 477 2183 529 ns·

1188 559 1322 628 minem
1343 560 1561 650 poeniteret,
1586 556 1784 628 Hesiodum
1808 580 1849 627 ex
1872 558 2064 629 intervallo
2078 579 2183 649 regu-

1188 673 1297 732 stasse
1325 674 1360 732 et
1391 661 1538 753 propius
1567 659 1792 751 cognovisse,
1824 661 1927 731 cuius
1948 664 1993 732 dc
2015 661 2182 735 omnibu

1187 763 1315 834 officiis
1342 775 1414 834 tam
1440 759 1589 835 bonesta
1617 776 1800 856 praecepta
1821 778 1922 866 sunt,
1953 776 2028 834 tam
2049 763 2182 837 multae

1188 865 1400 948 sententiae,
1425 867 1586 961 quae'ad
1607 866 1745 936 abditas
1761 878 1795 936 ct
1810 865 2043 937 abstrusas'in
2054 877 2182 939 natura

1189 992 1245 1039 res
1264 970 1526 1059 cognoscendas
1547 966 1702 1050 faciunt,
1731 982 1773 1040 ut
1793 990 1980 1062 nunquam
2004 969 2050 1039 de
2073 990 2182 1041 mauu

1188 1072 1425 1162 deponendus
1449 1071 1626 1142 videatur.
1682 1068 1771 1140 Nam
1797 1071 1860 1164 qui
1880 1082 2047 1142 numerat
2066 1069 2182 1163 potine

1189 1198 1295 1269 quam
1316 1174 1463 1264 longum
1483 1173 1680 1264 catalogum
1693 1186 1859 1242 autorum
1877 1174 2052 1260 audierit,
2069 1194 2182 1267 'quam

1188 1289 1357 1369 supputat
1371 1275 1459 1370 quid
1474 1300 1516 1345 ex
1532 1296 1674 1370 quoque
1687 1273 1918 1361 lucrifecerit,
1943 1276 1974 1347 is
1989 1274 2182 1369 sciatusein

1190 1378 1316 1450 studiis
1337 1377 1551 1449 infoeliciter
1572 1370 1715 1448 versari.
1751 1426 1754 1431 -
1779 1374 1901 1471 Neque
1921 1402 2007 1449 vero
2030 1368 2181 1449 mullum

1189 1480 1353 1552 utilitatis
1374 1481 1511 1551 adferre
1533 1480 1684 1578 scriptor
1704 1477 1800 1549 ullus
1823 1492 1955 1570 potest,
1980 1476 2093 1551 semel
2107 1492 2182 1551 tan·

1190 1597 1265 1654 tum
1288 1583 1386 1654 velut
1401 1607 1421 1653 a
1438 1583 1564 1652 limine
1577 1581 1762 1654 salutatus.
1812 1576 1860 1651 Et
1875 1580 2079 1653 Hesiodum
2092 1593 2182 1655 vete·

1189 1709 1245 1755 res
1270 1709 1346 1756 non
1374 1699 1515 1756 tantum
1543 1694 1759 1776 putaverunt
1785 1686 1893 1754 semel
1919 1699 2027 1780 atque
2053 1683 2181 1755 iterum

1190 1788 1380 1880 legendum
1403 1808 1496 1868 esse,
1528 1789 1589 1858 sed
1612 1784 1840 1857 ediscendum
1862 1788 2033 1865 omuibus
2056 1784 2182 1880 pueris,

1191 1891 1253 1983 qui
1274 1890 1470 1961 liberaliter
1490 1888 1785 1970 instituebantur,
1810 1901 1851 1958 ut
1865 1886 2068 1961 Columella
2081 1901 2182 1959 testa-

1192 2007 1269 2078 tur,
1298 1993 1558 2085 proponebant.
1615 1987 1694 2079 Ego
1718 1989 1828 2079 igitur
1851 1985 1908 2062 his
1932 1990 2049 2064 causis
2072 1991 2180 2061 addu-

1191 2106 1267 2165 ctus
1288 2118 1384 2181 sum,
1408 2106 1450 2165 ut
1472 2093 1684 2184 susceperim
1707 2086 1804 2161 bunc
1818 2088 1964 2166 Poetam
1988 2114 2114 2165 rursus
2129 2091 2180 2162 iu·
2221 2088 2225 2179 l

1190 2198 1468 2290 terpretandum.
1536 2193 1606 2268 Sed
1633 2193 1801 2288 quoniam
1823 2195 1927 2288 cupio
1951 2192 2056 2266 vobis
2079 2193 2179 2267 etin
2223 2186 2225 2197 '

1190 2299 1402 2391 persuadere
1429 2297 1553 2370 utilem
1583 2319 1727 2388 operam
1760 2318 1822 2366 vos
1850 2297 1892 2366 in·
1920 2322 1962 2368 eo
1991 2296 2179 2390 repetendo
2223 2382 2225 2397 Ι

1191 2414 1396 2493 sumpturos
1413 2423 1504 2485 esse,
1529 2398 1714 2492 aliquanto
1730 2397 1836 2467 latius
1850 2395 1958 2470 huius
1970 2400 2045 2470 mei
2063 2394 2192 2495 indicii.

1190 2505 1280 2574 ratio
1296 2498 1386 2571 mihi
1403 2502 1610 2594 exponenda
1628 2512 1697 2586 est,
1718 2511 1752 2570 et
1766 2498 1977 2587 dicendum,
2004 2500 2176 2596 quommo
2223 2548 2225 2583 s

1189 2608 1306 2696 legere
1327 2618 1486 2675 veterum
1503 2603 1630 2694 scripta
1648 2603 1835 2679 conducat.
1887 2603 1970 2693 Qua
1983 2602 2179 2675 deredu
2223 2622 2225 2689 ζ

1191 2709 1292 2793 dico,
1325 2731 1454 2801 quaeso
1475 2729 1533 2774 me
1553 2704 1744 2794 diligenter
1764 2707 1948 2799 attendite.
2006 2703 2102 2777 Nam
2123 2702 2184 2801 qd
2222 2762 2225 2773 .

1191 2810 1229 2882 in
1261 2810 1429 2880 discendo
1457 2803 1554 2876 nibil
1581 2808 1680 2877 aliud
1706 2806 1849 2878 consilii
1868 2803 2022 2895 habent,
2052 2808 2127 2879 nisi
2145 2818 2179 2878 ut
2220 2800 2225 2891 j

1189 2912 1301 2983 multa
1330 2911 1467 3001 legant,
1497 2904 1537 2978 bi
1562 2903 1654 2978 mihi
1683 2923 1853 3002 tanquam
1881 2912 1940 2983 via
1966 2910 2082 3004 lapsi,
2111 2921 2179 2984 toto
2223 2914 2225 2923 '

1190 3014 1288 3086 coelo
1303 3037 1421 3084 errare
1436 3013 1614 3082 videntur.
2126 3046 2129 3051 ·
2144 3050 2163 3085 s

1292 3113 1450 3186 Proinde
1472 3115 1521 3184 sic
1546 3126 1682 3199 statuo,
1707 3135 1838 3206 paucos
1856 3115 2029 3209 quosdam
2057 3120 2180 3213 eosqtte'
2222 3080 2225 3175 l

1190 3220 1344 3313 optimos
1361 3241 1404 3288 ex
1417 3218 1481 3286 illo
1498 3238 1627 3306 magno
1642 3216 1819 3286 librorum
1835 3240 1985 3289 numero
2002 3218 2179 3312 eligendos

1191 3345 1283 3408 esse,
1316 3320 1448 3415 quibus
1476 3342 1497 3387 a
1527 3308 1640 3410 prima
1665 3316 1820 3409 puericia
1842 3319 2031 3408 innutriti,
2063 3334 2180 3393 omnes
2223 3404 2225 3419 Ι

1190 3449 1313 3496 eorum
1343 3420 1552 3502 sententias,
1583 3432 1626 3491 ut
1653 3420 1783 3510 digitos
1808 3444 1848 3493 ac
1871 3420 2011 3512 ungues
2033 3412 2181 3511 nuttios,
2223 3426 2225 3457 ²

1191 3542 1388 3609 teneamus,
1426 3536 1462 3595 et
1488 3544 1686 3592 sermonem
1717 3545 1856 3608 eorum,
1889 3525 2179 3619 quamproxime

1190 3628 1268 3698 fieri
1302 3638 1435 3720 potest,
1473 3638 1595 3695 nostra
1634 3623 1747 3694 oratio
1783 3624 1912 3695 referat
1947 3648 1988 3696 ac
2017 3628 2177 3701 redoleat.
2223 3696 2225 3701 .

1192 3728 1451 3801 animadverto
1473 3740 1591 3796 autem
1613 3721 1707 3794 hanc
1724 3726 1920 3797 orationem
1935 3727 1974 3797 in
1989 3724 2180 3823 repreben·
2223 3734 2225 3741 '

1191 3833 1330 3903 sionem
1361 3831 1586 3925 quorundam
1615 3827 1881 3918 imperitorum,
1923 3829 1987 3924 qni
2018 3832 2180 3905 variam
2222 3852 2225 3927 j

1191 3932 1355 4005 lectionis
1382 3931 1567 4004 doctrinae
1593 3930 1724 3999 famam
1747 3944 1988 4023 aucupantur,
2022 3935 2182 4008 incurso·
2221 3932 2225 4019 l

1190 4061 1267 4107 ram
1290 4058 1384 4120 esse,
1410 4033 1472 4128 qui
1494 4054 1552 4102 me
1574 4030 1747 4101 desidiam
1769 4032 1964 4104 iuventutis
1982 4058 2082 4108 novo
2098 4046 2182 4133 quo'·

1192 4141 1274 4210 dam
1295 4138 1475 4230 paradoxo
1497 4135 1593 4205 alere
1611 4132 1918 4223 vociferabuntur,
1943 4160 2026 4207 cum
2040 4138 2182 4227 audient

1193 4266 1249 4310 me
1281 4240 1417 4310 variam
1452 4250 1487 4308 et
1522 4236 1718 4306 multorum
1752 4236 1941 4308 lectionem
1967 4238 2181 4333 improbare.
2223 4328 2225 4333 Ι

1192 4340 1270 4434 Ego
1283 4367 1367 4413 vero
1382 4341 1413 4411 si
1428 4362 1534 4435 quam
1550 4361 1681 4409 novam
1696 4336 1808 4429 legem
1824 4338 1927 4409 nullo
1943 4354 2088 4429 autore,
2109 4342 2181 4416 stoa
2216 4336 2225 4377 '³

1193 4445 1360 4534 gravibus
1388 4442 1536 4513 testibus
1555 4440 1703 4525 ferrem,
1741 4441 1818 4511 iure
1840 4441 2042 4533 culpandus
2064 4466 2179 4518 asem.
2223 4480 2225 4531 5

1193 4546 1316 4641 Neque
1337 4544 1433 4614 enim
1456 4544 1511 4611 vel
1531 4557 1626 4612 aetas
1642 4566 1721 4611 mea
1737 4542 1795 4612 vel
1810 4544 1986 4625 eruditio,
2012 4547 2180 4619 velam·
2216 4538 2225 4615 '.

1192 4650 1280 4720 ritas
1298 4645 1473 4718 eiusmodi
1488 4659 1557 4726 est,
1580 4656 1622 4715 ut
1636 4668 1774 4715 sumere
1791 4640 1880 4715 mibi
1895 4648 1993 4739 apud
2005 4671 2073 4719 vos
2084 4672 2179 4743 prae·

1194 4750 1358 4842 cipientis
1378 4769 1564 4840 personam
1590 4745 1721 4833 ausim3
1754 4770 1879 4817 verum
1899 4770 1940 4818 ea
1963 4772 2058 4843 quse
2076 4753 2177 4823 adt·

1194 4851 1359 4922 ctissimis
1386 4850 1472 4919 viris
1494 4848 1626 4920 tradita
1649 4848 1893 4931 meminimus,
1926 4872 2092 4947 quaeque
2109 4875 2177 4924 ns·

1194 4952 1309 5024 diocri
1324 4948 1451 5022 harum
1467 4951 1671 5033 literarum,
1696 4952 1735 5020 in
1750 4951 2098 5044 quibusnam,
2117 4970 2175 5028 un
2222 4965 2225 4975 ’

1193 5054 1443 5145 cognovimus,
1467 5053 1506 5122 in
1527 5052 1685 5124 medium
1707 5052 1834 5123 afferre
1852 5053 1961 5143 oflicii
1981 5058 2174 5140 uostriestt
2217 5072 2225 5133 t

1194 5157 1457 5229 iudicavimus..
1507 5153 1681 5226 Horatius
1707 5153 1772 5225 ait:
1808 5153 1875 5227 Vel
1903 5156 1935 5226 si
1965 5180 2091 5231 cneus
2116 5160 2173 5230 itt!
2215 5168 2225 5233 i

1193 5272 1392 5329 monstrare
1427 5257 1529 5343 velit,
1569 5272 1689 5329 tamen
1724 5257 1992 5350 adspiciendum
2022 5282 2116 5349 esse,
2145 5255 2171 5326 si
2216 5289 2225 5335 1

1194 5361 1281 5454 quid
1309 5372 1453 5431 moneat
1482 5359 1579 5453 quod
1605 5382 1680 5428 non
1708 5360 1755 5430 sit
1780 5360 1920 5436 inutile.
1981 5359 2104 5452 Quare
2119 5376 2169 5432 rut
2219 5392 2225 5429 t

1195 5482 1299 5554 rogo,
1325 5485 1371 5533 uc
1393 5461 1566 5554 gravatim
1588 5475 1661 5533 tam
1682 5461 1792 5535 variis
1814 5462 2167 5556 opinionibnseorut'!
