4664 6022
146 269 221 343 190
683 268 844 355 DECL.
879 270 956 349 DE
986 204 1278 353 ENCOMIO·
1300 271 1645 357 Mttmctnatt
2108 274 2189 352 200

146 444 281 529 causis,
309 456 454 538 tamque
482 445 613 515 abditis
636 469 677 517 ac
701 446 896 518 latentibus
917 447 1136 529 morborum,
1186 451 1276 521 fans.
1328 445 1403 519 lam
1424 448 1455 518 si
1471 445 1579 535 milii,-
1603 465 1641 521 iit
1656 447 1769 521 Poie‘ta
1783 449 1923 543 inquit,
1950 454 2094 521 centum
2113 446 2189 517 lin«

147 561 203 618 tot
223 546 438 618 valetudinis
459 551 719 618 conservandae
741 563 804 620 aut
827 549 1064 621 restituendae
1081 574 1137 620 ra·
1188 552 1378 644 gnaesint,
1400 575 1533 645 oraque
1547 567 1710 636 centum,
1732 577 1809 623 iion
1825 573 2189 643 possemposcensere

148 650 327 732 tionibus,
355 649 514 719 siderum
535 650 690 735 viribus,
714 676 802 745 quas
827 653 867 721 in
889 655 1137 722 commutanda
1188 678 1312 737 m
1334 655 1538 725 mortalium
1560 656 1724 738 morbos,
1748 658 1785 723 in
1810 655 1942 747 quibus¹
1961 652 2190 742 depellendis

148 752 308 842 corporis
330 746 477 821 humani
491 753 744 823 constitutione
758 770 938 837 exercent,
965 768 1016 825 tot
1031 750 1137 844 phar·
1190 755 1391 829 Medicinae
1412 753 1485 825 vim
1508 756 1669 848 quotidie
1694 769 1746 828 est
1766 757 1931 848 experiri.
1983 749 2021 824 Ο
2045 755 2191 848 quoties

148 854 258 923 maris
281 853 515 947 inquirendis.
576 852 700 949 ltaque
723 868 920 926 statuamus
943 881 1008 943 nos
1032 859 1137 927 etiam
1189 859 1339 946 fugienti
1364 859 1456 931 vitae
1470 883 1617 927 manum
1634 859 1745 928 vincit
1759 857 1942 938 Medicus,
1968 858 2111 948 quoties
2128 882 2191 927 va-

148 955 366 1026 Medicinam
388 953 456 1026 Dei
481 981 612 1025 inuniis
644 980 740 1043 esse,
770 958 917 1028 missum
949 959 988 1027 in
1017 970 1139 1041 terras,
1190 961 1245 1030 liit
1260 962 1305 1028 ab
1321 984 1404 1030 orco
1422 960 1633 1029 morientem
1649 961 1804 1030 aniiuain
1821 956 1982 1033 retrahit.
2034 956 2190 1047 Quoties

149 1085 221 1152 qno
243 1059 483 1129 infirmitatem
507 1059 637 1128 virium
660 1073 862 1130 nostrarum
882 1059 1140 1152 aliquantisper
1190 1063 1430 1132 necessitatem
1452 1063 1516 1133 fati
1537 1076 1611 1133 arte
1632 1062 1771 1147 differt,
1797 1086 1886 1155 quae
1906 1062 2053 1155 quidem
2063 1060 2190 1152 palam

149 1175 433 1233 sustentaremus.
484 1156 532 1231 Ei
554 1186 635 1230 cuni
659 1186 743 1231 usus
767 1162 897 1254 poscit,
922 1165 970 1231 ita
987 1159 1149 1247 utamur,
1192 1178 1243 1234 est
1265 1164 1389 1234 divino
1410 1166 1580 1235 beneficio
1601 1164 1688 1234 fieri.
1742 1164 1812 1235 Sed
1836 1164 1906 1233 iam
1929 1177 2012 1233 ante
2030 1163 2190 1235 diximus

148 1277 189 1333 ut
211 1286 441 1353 agnoscamus
464 1287 545 1331 non·
562 1259 720 1334 humano
737 1264 910 1348 consilio,
935 1266 995 1333 sed
1014 1266 1139 1334 divino
1191 1266 1326 1338 Medici
1357 1267 1569 1337 industriam
1600 1266 1722 1336 divina
1746 1270 1898 1359 quadam
1922 1266 1958 1332 vi
1980 1265 2189 1355 gubernari.

148 1366 319 1435 bcnelicio
347 1365 528 1457 proposita
552 1388 626 1435 esse
648 1368 806 1436 remedia
830 1368 924 1437 vitae
945 1391 1141 1459 prorogari·
1192 1364 1304 1462 Atqui
1325 1368 1356 1437 si
1379 1391 1527 1458 usquam
1550 1370 1654 1437 fidem
1672 1363 1780 1439 habet
1799 1370 1922 1439 tritum
1939 1366 2188 1458 proverbium:

148 1469 224 1540 dae.
277 1466 368 1537 Nam
392 1482 428 1537 et
448 1491 565 1537 sacrae
588 1467 710 1538 literae
725 1470 842 1560 palam
857 1471 1002 1549 docent,
1024 1466 1141 1539 Deum
1192 1469 1387 1540 Hominem
1420 1465 1560 1539 bomini
1583 1472 1697 1541 Deum
1721 1484 1807 1539 esse'.
1864 1467 1941 1538 Hac
1962 1470 2002 1537 in
2027 1482 2131 1561 parte
2151 1470 2187 1539 id

148 1586 183 1643 et
210 1570 366 1639 remedia
396 1571 641 1661 proposuisse,
670 1585 706 1640 et
738 1571 899 1659 Medicus
930 1572 1143 1657 condidisse,
1193 1575 1348 1665 prolecto
1366 1573 1559 1642 rectissime
1575 1586 1786 1662 usurpatur,
1811 1573 1894 1661 quia
1912 1572 2035 1640 divina
2053 1572 2090 1640 vi
2109 1568 2188 1641 Ma-

148 1688 182 1743 et
196 1696 314 1761 regere
330 1672 598 1767 gubernareque
613 1671 839 1743 Medicorum
858 1673 1083 1747 industriam.
1193 1677 1294 1745 dicus
1316 1675 1447 1763 aegroti
1464 1676 1613 1745 salutem
1629 1687 1759 1743 tuetur.
1809 1673 1932 1766 Neque
1948 1699 2034 1743 vero
2047 1687 2190 1745 tantum

249 1801 315 1874 E„
328 1798 413 1873 hm
428 1805 537 1873 ,015⁰
556 1805 680 1896 primi,
695 1829 821 1895 magna
834 1803 1035 1874 Medicinae
1054 1807 1141 1885 laus,
1194 1776 1232 1845 in
1263 1777 1431 1845 tollendis
1461 1802 1651 1867 corporum
1683 1775 1786 1844 malis
1814 1776 2007 1845 viinsuam
2032 1776 2189 1847 declarat·

147 1906 322 1975 divinitus
338 1919 512 1997 repertam
531 1931 623 1990 esse,
650 1933 756 2000 quain
773 1910 935 1991 laudern,
958 1932 1038 1976 cum
1057 1905 1142 1976 liuic
1194 1878 1396 1995 Midlflmi
1423 1882 1483 1946 sed
1496 1879 1634 1996 ³¹¹lffl‘{⁸
1649 1878 1979 1997 ‘Pimfffllfflssfflnf
1995 1902 2189 1969 (ΟΨ)ῐιιηιι

148 2009 212 2076 uni
243 2009 310 2077 arti
334 2009 496 2078 tribuant
519 2034 637 2079 sacrae
659 2010 802 2088 literae,
838 2032 912 2077 non
938 2010 1141 2080 dubitemus
1193 1996 1335 2049 v¹¹¹³¹⁰⁸
1356 1995 1468 2053 ΨΜ·
1519 1981 1687 2070 Demque
1709 2003 1914 2049 ¹¹⁰¹V⁰P⁸¹¹¹¹¹
1933 1993 2186 2050 ”flitmum

147 2134 224 2179 earn
243 2110 364 2200 longe,
391 2135 471 2180 enin
486 2112 678 2201 dignitate,
705 2126 781 2182 turn
795 2111 949 2183 utilitate
963 2124 1140 2203 praestare
1193 2082 1551 2201 faciliorem-reddit,
1584 2086 1670 2199 dum
1695 2082 1807 2151 ‘'3²³¹'ss
1829 2084 1973 2200 ¹¹1⁰fb⁰⁸
1997 2084 2124 2167 ‘¹⁰⁰012
2154 2096 2184 2153 ⁰²

148 2213 418 2284 omnibusaliis‚
1192 2209 1222 2254 si
1246 2209 1307 2275 qui
1331 2185 1541 2268 acciderint,
1576 2197 1725 2271 mitigat.
1780 2181 1937 2252 Proinde
1957 2178 2184 2255 veliementer

1193 2286 1322 2373 ingrati
1340 2300 1439 2363 sunt,
1463 2286 1525 2378 qui
1540 2285 1757 2353 Medicinam
1774 2286 1864 2354 vitae
1880 2286 2047 2355 tutricem
2061 2308 2180 2356 ac'ser·

260 2342 274 2366 5
349 2343 386 2360 ο.
631 2341 641 2359 0
1041 2345 1051 2361 ο

249 2345 445 2416 btultitiam
464 2366 536 2412 esse
552 2357 968 2465 sentimusvcontemueore
985 2344 1141 2464 reliquas
1194 2387 1358 2457 varicem
1373 2411 1445 2455 non
1462 2388 1676 2477 suspiciunt,
1704 2413 1775 2456 non
1791 2388 2026 2463 admiramur·
2080 2387 2177 2478 Quod

149 2460 258 2526 artes,
284 2470 370 2541 quas
395 2441 593 2514 humanum
615 2467 797 2532 ingenium
820 2460 1039 2536 excogitavit.
1092 2446 1139 2517 At
1212 2491 1220 2506 ·

238 2549 280 2565 ..
557 2545 566 2562 .
795 2548 833 2565 ..
979 2548 989 2566 ,
1055 2550 1064 2566 ,
1192 2513 1220 2556 si
1241 2490 1631 2578 parentibusdebemus
1650 2490 1815 2576 gratiam,
1838 2491 2062 2581 quodvitam
2081 2488 2177 2561 semel

145 2547 366 2617 Medicinam
387 2570 589 2664 aspernari,
615 2570 687 2614 non
705 2550 876 2632 stultitia,
902 2550 963 2617 sed
979 2563 1141 2639 impietas
1193 2592 1354 2660 dederim
1386 2590 1798 2661 curnonstemMedpcjs
1832 2592 2179 2684 qffisaepeamgmm

148 2665 210 2719 est.
262 2648 351 2720 Nam
370 2649 531 2718 coelestia
553 2649 647 2716 dona
665 2662 909 2729 contemnere,
936 2665 992 2718 aut
1014 2674 1139 2740 parurn
1192 2716 1302 2783 prope
1325 2645 1434 2760 viiam
1455 2692 1638 2763 reddum?
1688 2693 1758 2764 Sed
1780 2647 2041 2787 difflapaqffis:
2075 2692 2181 2785 Saepe

148 2751 311 2839 religiose
331 2752 465 2836 colere,
491 2750 745 2820 consceleratae
768 2753 898 2821 mentis
918 2752 1019 2822 furor
1034 2758 1068 2824 et
1084 2776 1139 2821 sa-
1191 2797 1322 2864 frustm
1348 2796 1479 2864 temari
1508 2796 1681 2880 remedia,
1714 2807 1748 2867 ep
1774 2795 1991 2866 Medicinam
2019 2821 2126 2890 „epe
2145 2797 2180 2865 in

148 2855 330 2943 cnlegfflm
349 2865 410 2922 ⁰⁵⁸⁸
1191 2898 1352 2966 curando
1369 2921 1492 2985 parurn
1507 2898 1667 2973 foelicem
1683 2920 1767 2968 esse.
2145 2985 2148 2991 Ι

250 2986 364 3070 Nunc,
382 2985 668 3057 sililietutilitate
678 2986 793 3055 metiri
803 2983 1032 3071 Medicinam,
1049 3010 1139 3079 quae
1295 2997 1431 3068 Verum
1462 3013 1512 3069 esi
1544 3001 1632 3087 graii
1661 2994 1817 3069 hominis
1840 3022 2030 3089 agnoscere
2052 3001 2180 3071 benefi.

147 3103 243 3160 ael³⁸
259 3103 322 3172 ⁰⁵1,
347 3113 435 3180 ‘1¹¹³‘
446 3089 637 3178 Vllaellms
656 3111 745 3179 quae
759 3083 866 3158 hUlUS
882 3113 947 3179 ⁰1³⁸
959 3113 1031 3158 ¹1⁰ss
1044 3090 1138 3157 ludl-
1191 3101 1285 3170 cium
1302 3101 1440 3192 quoties
1456 3123 1513 3169 ars
1528 3102 1676 3184 iuverit,
1701 3101 1856 3192 improbi
1873 3088 1924 3172 est
1938 3118 2097 3174 erratum
2112 3122 2179 3172 me·

148 3190 251 3281 geal?
284 3188 392 3280 Quod
407 3189 502 3259 enlm
519 3190 556 3256 in
572 3190 702 3258 fabulls
717 3202 780 3271 eil,
801 3192 935 3282 primos
950 3185 1136 3260 hominum
1192 3203 1354 3283 minisse,
1380 3226 1454 3272 non
1477 3205 1680 3273 meminisse
1703 3205 1901 3275 benefacta:
1926 3228 2018 3299 qim
2035 3207 2067 3277 gi
2083 3204 2185 3277 (gollim

148 3294 276 3382 glande
299 3291 493 3374 victitasse,
519 3304 637 3382 postea
658 3307 870 3363 monstratas
892 3316 966 3362 esse
981 3295 1136 3381 frugesa
1190 3329 1248 3393 gas
1274 3320 1307 3375 er
1335 3307 1527 3395 expendas,
1567 3306 1699 3375 multos
1731 3307 2013 3377 incolumitatem
2043 3306 2180 3381 videbis

147 3395 267 3465 nescio
284 3394 425 3487 quibus,
445 3394 480 3461 id
493 3417 534 3462 eo
547 3394 722 3483 pertinere
733 3389 820 3462 mibi
834 3394 985 3479 videtur,
1006 3410 1136 3464 certain
1191 3406 1340 3476 Medicis
1363 3410 1502 3480 debere,
1554 3406 1607 3477 lta
1628 3422 1712 3477 sunt
1734 3408 1918 3493 mortalia,
1942 3422 1984 3479 ut
2006 3431 2112 3501 saepe
2130 3408 2180 3479 vis

148 3500 327 3590 quandam
349 3497 464 3567 victus
485 3497 660 3566 rationem
687 3494 867 3567 inventam
890 3522 982 3576 esse,
1008 3522 1136 3586 magno
1188 3510 1306 3578 morbi
1337 3524 1477 3599 superet
1500 3509 1732 3580 Medicinam,
1782 3507 1847 3580 Est
1877 3522 1913 3581 et
1940 3535 2023 3581 cum
2046 3510 2176 3583 Medici

147 3601 242 3669 b⁰¹¹⁰
269 3599 430 3686 Pttbllffls
458 3622 537 3667 cum
560 3602 603 3666 ad
629 3599 664 3664 ld
688 3611 844 3687 i‘¹¹¹P¹¹³‚
867 3600 1137 3667 (liserlfflfflne-
1190 3611 1382 3695 falluntur,
1414 3616 1472 3680 sed
1500 3613 1613 3681 multo
1632 3615 1784 3702 saepius
1811 3613 2074 3701 aegrotantium
2097 3613 2174 3687 vitio

148 3702 294 3770 scissent
317 3694 478 3768 lininines
502 3701 689 3768 noxiorum
712 3700 749 3767 iii
766 3701 863 3769 victu
880 3715 914 3768 et
930 3701 1136 3774 salubrium.
1190 3713 1334 3793 accidit,
1359 3738 1424 3783 cur
1441 3738 1566 3804 parum
1583 3716 1745 3787 succedat
1760 3715 1797 3782 in
1815 3715 2003 3786 medendo,

147 3801 304 3872 Proinde
335 3796 400 3870 liae
423 3801 461 3869 iii
481 3815 579 3890 parte
599 3801 767 3871 latissime
792 3815 910 3892 patent
935 3801 1137 3871 Medicinae
1289 3814 1373 3884 Fuit
1395 3818 1488 3904 apud
1512 3813 1732 3904 Anijganum
1757 3815 1889 3905 Regem
1914 3840 1987 3889 „011
2010 3814 2179 3906 ignobili.

146 3904 334 3985 beneficia,
359 3904 742 3994 praescribentissiiam
757 3905 885 3996 cuique
899 3903 1012 3971 victus
1028 3906 1136 3973 ratio·
1191 3914 1352 3986 Medicus
1373 3914 1538 4008 Epimies
1560 3914 1765 4008 Philippus,
1790 3918 1821 3987 is
1844 3932 2045 4007 susceperat
2068 3900 2177 4011 qm.

147 4030 240 4074 nem.
292 4004 382 4075 Nam
405 4007 434 4076 si
458 4005 562 4075 tollas
584 4006 737 4075 eenlina
756 4006 1135 4076 victnsratiunemseu
1188 4021 1268 4087 (tam
1283 4017 1393 4108 Regis
1414 4020 1568 4089 amicum
1592 4014 1789 4112 hydropico
1809 4021 1936 4089 morbo
1954 4020 2177 4110 implicitum,

146 4108 371 4190 diaeteticen,
394 4109 479 4200 qiild
503 4108 601 4178 alind
626 4107 694 4178 erll
715 4108 784 4175 iam
808 4108 946 4191 culina,
972 4108 1042 4176 nlbl
1058 4132 1135 4178 car·
1188 4128 1403 4205 curandum,
1436 4135 1471 4191 et
1500 4145 1581 4191 eum
1603 4122 1860 4211 pollicitaretur
1884 4123 2175 4216 confirmaretque

126 4209 289 4284 ‚nificina
317 4209 513 4300 quaedam?
571 4210 645 4278 Ant
674 4211 760 4300 quid
792 4224 843 4279 θεῖ
873 4209 989 4291 aliud,
1028 4234 1132 4300 ‘tuam
1187 4219 1280 4292 baud
1300 4224 1409 4294 dnbie
1426 4224 1528 4293 illurn
1544 4246 1581 4292 se
1597 4238 1803 4294 sanaturum
1819 4246 1913 4309 esse,
1937 4225 2082 4314 negavit
2097 4244 2175 4295 eum

144 4335 217 4379 sese
241 4311 419 4397 lttgtllare,
444 4311 580 4379 nullam
602 4325 723 4380 tenere
747 4311 858 4380 victus
879 4326 1009 4381 ceriam
1025 4314 1135 4381 ratiu-
1187 4349 1287 4416 posse
1303 4326 1421 4395 sanari
1438 4327 1527 4394 alter
1542 4325 1688 4417 quidam
1703 4324 1885 4407 Medicus,
1912 4320 2109 4420 Chrysippi
2122 4324 2174 4395 di.

144 4412 251 4481 nem?
1185 4429 1358 4518 scipulus,
1381 4429 1442 4522 qui
1458 4429 1591 4516 aegroti
1607 4427 1914 4517 intemperantiam
1930 4443 2048 4504 norat.
2098 4426 2172 4517 Qua

246 4531 315 4601 Sed
340 4545 391 4601 est
407 4530 609 4600 Medicinae
631 4531 851 4601 manifestior
872 4556 955 4601 usus
974 4532 1010 4600 iii
1032 4533 1134 4602 iesti-
1186 4533 1229 4601 de
1260 4554 1297 4598 re
1326 4555 1405 4599 cum
1437 4530 1589 4598 invicem
1623 4530 1896 4612 altercarentur,
1928 4544 1962 4600 et
1985 4527 2172 4623 Philippus

144 4636 295 4715 tuenda,
319 4658 424 4724 quam
448 4639 687 4703 conservanda
707 4636 920 4706 valetudine.
974 4633 1027 4704 lbi
1045 4633 1131 4703 milii
1185 4634 1413 4703 contenderet
1431 4656 1503 4700 esse
1520 4630 1589 4700 silii
1605 4631 1820 4720 exploratam
1837 4629 2080 4703 remediorum
2094 4632 2172 4715 viiii,

143 4737 313 4825 expendat
330 4734 475 4827 aliquis,
502 4737 547 4805 ab
563 4736 635 4804 illis
653 4738 745 4807 vitae
760 4736 894 4822 initiis,
919 4761 1024 4828 quam
1043 4739 1132 4805 varii
1185 4734 1369 4824 respondit
1392 4734 1496 4818 alter,
1523 4729 1730 4824 Philippum
1751 4737 1795 4803 ad
1813 4734 1975 4803 morbum
1993 4736 2179 4826 respicere.

142 4837 258 4903 morbi
282 4860 347 4903 nos
365 4837 530 4906 infestent
549 4840 830 4907 noniliimetiain
850 4851 969 4921 natos,
997 4839 1132 4930 utqui·
1183 4861 1219 4905 se
1244 4860 1327 4904 vero
1349 4838 1392 4903 ad
1419 4836 1578 4904 animuin
1600 4836 1745 4924 aegroti.
1793 4832 1917 4927 Neque
1934 4837 2037 4907 illum
2054 4835 2170 4908 resla-

141 4937 223 5005 dam
238 4962 311 5007 non
326 4937 457 5008 iniuria
473 4940 671 5010 dubitarint
689 4954 865 5030 parentem
881 4966 925 5009 ne
942 4966 987 5009 an
1002 4965 1128 5009 nover-
1181 4937 1294 5017 fellu,
1324 4962 1407 5004 nam
1440 4962 1520 5006 cuin
1545 4953 1706 5023 aegrotus
1729 4961 1866 5006 summa
1889 4937 2077 5029 diligentia
2100 4958 2169 5007 non

140 5062 217 5106 carn
233 5041 348 5128 potius
362 5035 509 5109 humani
523 5044 661 5131 generis
676 5056 838 5113 naturam
851 5066 923 5112 esse
936 5057 1129 5117 censerent.
1183 5037 1316 5109 Medici
1341 5039 1609 5118 tantummodo,
1636 5041 1697 5108 sed
1721 5039 1825 5110 etiam
1845 5036 1955 5128 Regis
1978 5040 2168 5113 custodiro-

140 5138 259 5227 Quam
274 5141 377 5210 multi
393 5144 777 5215 casusuterumferenti
789 5145 1006 5235 impendent,
1026 5168 1129 5234 saepe
1181 5156 1258 5228 tur,
1291 5154 1408 5209 tamen
1441 5142 1651 5230 malagmata
1676 5163 1737 5209 sua
1762 5140 1971 5213 devorando
1995 5143 2166 5214 bibendo·

139 5243 285 5311 exitium
307 5243 468 5322 allaturi,
500 5259 577 5314 tum
601 5249 761 5316 nondum
786 5259 870 5316 nato
893 5246 1021 5331 loetui,
1050 5260 1127 5316 tuin
1180 5270 1249 5338 qiie
1276 5265 1375 5312 suani
1406 5242 1567 5321 urinam,
1602 5242 1641 5310 in
1673 5243 1820 5313 exitium
1849 5265 1886 5311 se
1915 5244 2164 5338 praecipitavit.

138 5344 205 5433 ipsi
226 5343 348 5425 matri,
376 5344 414 5411 ni
430 5341 591 5417 Medicus
612 5372 716 5439 opem
732 5350 830 5419 ferat.
880 5345 998 5437 Quam
1013 5349 1126 5419 multa
1180 5346 1232 5418 lta
1259 5369 1332 5414 non
1357 5338 1492 5413 Medici
1515 5343 1654 5417 inscitia
1677 5358 1738 5415 aut
1759 5343 1993 5434 negligentia,
2026 5350 2086 5421 sed
2107 5369 2164 5417 soa

138 5445 238 5517 lactis
255 5446 340 5519 vitia
357 5447 521 5517 emendat
536 5447 735 5535 Medicina,
759 5474 806 5520 ne
820 5450 912 5523 lame
927 5464 1047 5544 pereat
1065 5451 1125 5521 in·
1177 5451 1252 5544 ipse
1268 5446 1555 5540 intemperantia,
1580 5461 1743 5537 aegmtus
1757 5446 1933 5519 extinctus
1947 5462 2011 5522 est.
