4664 6022
123 310 182 385 us
665 266 826 384 nuci,
858 307 934 384 nu
968 299 1253 384 duareno
1284 301 1444 380 ouon
1476 302 1603 383 nav.
2072 311 2148 386 4⁷4

123 486 275 556 nentium
307 485 492 558 exauditus
515 497 771 555 consternasset
803 484 991 570 Senatum,
1029 477 1099 552 hoc
1150 480 1352 565 existentes,
1383 503 1473 575 quae
1495 481 1683 574 praecipue
1711 497 1761 555 est
1782 498 1957 577 oportuna
1981 484 2144 558 iniuriae.

123 610 262 680 tumus,
286 587 424 683 inquit,
449 586 488 657 P.
500 584 541 660 C.
567 587 708 679 pauculi
729 587 888 659 seditiosi
904 589 991 658 foris
1018 610 1096 655 meo
1149 580 1224 653 Has
1246 582 1389 673 igitura
1409 597 1441 653 te
1456 581 1533 655 Rex
1549 600 1650 676 peto,
1676 599 1716 655 ut
1728 610 1785 656 eas
1799 610 1877 657 mea
1896 589 2044 677 pecunia
2067 589 2142 659 elo-

123 696 200 763 iussu
214 690 487 764 interficiuntur,
517 688 631 761 Addit
643 690 845 761 crudelitati
860 689 1098 773 mendacium,
1149 709 1243 770 cem,
1269 709 1313 754 ne
1331 685 1416 780 quid
1437 699 1538 779 turpe
1555 701 1617 759 aut
1633 688 1821 778 indignum
1837 689 1942 759 nobis
1959 704 2063 785 atque
2078 690 2141 762 illo

123 793 172 864 nisi
191 793 282 862 forte
304 793 407 883 pauci
428 792 493 860 visi
517 805 600 863 sunt
623 808 794 886 tyranno,
820 794 877 864 cui
894 813 1096 887 quenquam
1148 801 1293 879 parente
1324 809 1388 857 suo
1417 812 1479 879 per
1504 788 1666 859 fortunae
1696 792 1920 899 iniquitatem
1950 795 2142 884 patiantur.

123 898 238 968 bonum
260 889 377 964 adhuc
398 892 516 963 vivere
531 895 685 966 dolebat.
738 890 963 965 Theodosius
982 894 1096 985 lmpe-
1149 887 1223 960 Alii
1247 891 1345 984 quod
1368 889 1436 959 sibi
1465 891 1565 960 lucro
1590 892 1749 963 arbitrati
1773 908 1856 966 sunt
1876 897 1971 981 lore,
2005 896 2041 965 id
2065 919 2084 965 a
2107 908 2141 965 te

123 1011 211 1082 rstor,
236 997 284 1066 ob
303 996 410 1066 unius
426 996 564 1090 equitis,
590 1020 654 1066 nec
670 998 817 1068 omnino
837 999 968 1068 iniuste
983 999 1096 1066 inter·
1148 1005 1330 1084 optarunt,
1358 1006 1392 1063 et
1407 1005 1565 1084 optatum
1583 994 1819 1067 abstulerunt:
1847 1020 1910 1088 ego
1927 997 1954 1066 si
1971 997 2142 1090 impetra·

123 1100 185 1173 letti
200 1122 332 1182 necem,
349 1112 479 1186 septem
498 1093 684 1167 hominum
700 1099 813 1168 millia
832 1101 869 1169 in
885 1093 1098 1170 urbeThes-
1148 1117 1232 1164 vero
1250 1095 1382 1179 dotem,
1407 1094 1553 1186 insuper
1566 1097 1610 1166 de
1625 1120 1706 1168 meo
1723 1100 1906 1180 addidero,
1929 1095 2020 1170 hanc
2035 1101 2140 1169 fidem

123 1202 255 1273 salonica
282 1200 523 1270 contrucidari
557 1199 669 1273 iussit.
729 1200 844 1292 Quem
872 1226 952 1274 cum
985 1203 1032 1271 ob
1058 1201 1095 1269 id
1148 1197 1340 1266 memoriae
1360 1197 1503 1281 extincti
1519 1198 1643 1285 amici,
1666 1213 1699 1272 et
1720 1201 1853 1273 relictis
1867 1204 1912 1273 ab
1931 1226 1971 1271 eo
1989 1203 2142 1287 filiabus,

124 1304 231 1375 lectum
246 1300 569 1372 divusllmbrosius
586 1304 930 1389 excommunicasset,
952 1305 1095 1375 tandem
1148 1299 1277 1367 debere
1293 1322 1348 1368 me
1364 1294 1596 1370 existimans'
1626 1299 1683 1372 Ad
1701 1296 1797 1373 hunc
1813 1327 2012 1374 sermonem
2027 1328 2045 1374 a
2063 1317 2139 1375 toto

125 1406 291 1496 sdcorpus
310 1401 488 1474 Ecclesiae
502 1405 631 1473 iterum
649 1421 810 1497 recepto,
836 1402 928 1477 hanc
945 1430 1095 1500 poenam
1147 1401 1312 1470 convivio
1336 1401 1478 1493 plausus
1499 1426 1578 1472 cum
1608 1405 1863 1495 approbatione
1886 1407 2055 1498 excitatus
2078 1418 2142 1487 est,

125 1507 289 1601 imposuit,
328 1518 370 1576 ut
397 1507 676 1601 quotiescunque
709 1530 745 1576 se
773 1508 903 1580 iratum
939 1509 1096 1587 sentiret,
1148 1502 1332 1596 victusque
1359 1499 1547 1595 Philippus
1569 1505 1672 1577 iussit
1697 1508 1832 1598 puellas
1852 1507 1978 1602 Satyro
2001 1509 2141 1592 adduci,

125 1606 243 1681 nullum
258 1609 406 1678 verbum
428 1609 527 1698 prius
543 1632 650 1701 quam
673 1605 901 1702 alphabetum
917 1608 1095 1682 Graecum
1148 1619 1253 1697 atque
1269 1606 1306 1672 in
1321 1629 1447 1675 manus
1465 1608 1577 1692 tradi,
1602 1609 1797 1680 admiratus
1811 1605 1969 1681 hominis
1984 1611 2088 1680 iidem
2107 1623 2141 1681 et

125 1712 227 1781 ordine
240 1709 480 1791 recensuisset,
491 1770 493 1775 .
504 1711 786 1806 proloqueretur,
811 1715 971 1785 loturum
988 1725 1096 1796 ratus,
1147 1708 1185 1775 in
1202 1706 1349 1775 colenda
1366 1708 1518 1777 amicitia
1533 1712 1784 1798 constantiam,
1810 1727 1844 1783 et
1861 1713 2005 1804 insuper
2020 1715 2140 1784 dotem

125 1808 226 1882 othac
256 1835 354 1881 mora
380 1810 608 1904 interposita,
642 1814 757 1905 prima
786 1816 920 1886 rabiosi
949 1816 1095 1886 affectus
1146 1806 1243 1897 Rege
1266 1809 1409 1897 dignam
1436 1811 1576 1881 adiecit.
1635 1809 1711 1883 Etsi
1739 1810 1981 1908 Apollophani
2010 1840 2049 1886 ac
2074 1815 2141 1887 toti

125 1912 270 1985 violentis
296 1908 465 1983 nonnihil
488 1916 756 1997 defervesceret,
784 1929 819 1987 et
842 1918 1015 1989 memorie
1030 1918 1095 1986 ad·
1146 1911 1301 1979 familiae
1320 1911 1430 2000 ipsius
1447 1934 1521 1981 non
1542 1914 1719 1986 immerito
1738 1917 1973 2005 irascebatur,
1999 1919 2027 1988 is
2045 1919 2140 1988 enim

124 2015 202 2086 nissi
214 2039 277 2109 per
290 2015 379 2084 iram
396 2017 549 2085 crudelis
563 2018 750 2103 facinoris,
777 2043 841 2111 per
860 2020 950 2089 iram
966 2018 1094 2112 patrati
1148 2036 1188 2081 ex
1204 2012 1398 2081 coniuratis
1411 2037 1505 2083 rrnus
1519 2016 1643 2102 luerat,
1664 2018 1826 2112 aquibus
1838 2022 2038 2090 Alexander
2052 2015 2139 2090 Phi-

124 2114 240 2204 tlelieti,
263 2117 383 2187 animo
400 2119 563 2202 subiens,
586 2119 629 2188 ad
644 2120 819 2189 saniorem
836 2137 991 2192 mentem
1014 2144 1094 2191 eum
1148 2113 1237 2205 lippi
1259 2116 1366 2184 frater
1381 2139 1443 2207 per
1463 2115 1611 2187 insidias
1632 2119 1836 2193 interiectus
1851 2123 1981 2206 luerat,
2006 2125 2141 2194 condo·

124 2230 153 2287 ct
164 2220 421 2313 placabilitatem
437 2234 626 2291 revocaret.
678 2218 757 2292 Hoc
773 2225 929 2295 remedio
945 2245 1028 2294 usus
1043 2236 1094 2292 est
1146 2216 1245 2286 navit
1262 2229 1383 2305 ,tamen
1408 2219 1515 2304 iram,
1551 2243 1591 2291 ac
1614 2220 1669 2292 ius
1690 2246 1793 2294 suum
1815 2225 1853 2293 in
1876 2239 1994 2317 captas
2019 2226 2140 2317 pietati

125 2318 210 2392 divus
234 2321 446 2393 Ambrosius
477 2324 520 2392 ad
551 2325 750 2393 sanandum
781 2328 947 2397 morbum
973 2322 1095 2395 Theo·
1146 2317 1285 2412 Satyri,
1317 2333 1422 2413 atque
1444 2344 1525 2391 eum
1546 2322 1674 2394 deinde
1698 2325 1809 2415 magis
1832 2322 1979 2397 charum
2003 2323 2140 2401 habuit.

123 2418 207 2495 dosii.
257 2423 306 2495 At
323 2418 519 2494 Chunrado
535 2423 652 2494 Suevo
676 2421 769 2496 nihil
787 2429 917 2498 talibus
940 2430 983 2498 ad
1006 2428 1092 2496 iram
1145 2418 1255 2510 Digni
1278 2423 1382 2491 lande
1406 2435 1572 2516 uterque,
1604 2425 1685 2511 ille,
1718 2430 1813 2521 quod
1839 2430 1942 2499 tidem
1964 2428 2140 2499 amicitiae

123 2518 307 2597 ltcasndam
323 2527 486 2595 remediis
500 2548 588 2617 opus
605 2527 687 2611 luit,
711 2554 814 2622 quem
840 2544 988 2601 naturae
1011 2553 1094 2600 suae
1145 2522 1292 2615 propria
1317 2524 1468 2595 utilitate
1490 2526 1664 2617 potiorem
1686 2529 1809 2616 duxit,
1840 2531 2035 2626 maluitque
2059 2556 2139 2602 cum

123 2618 259 2710 lenitas,
287 2641 320 2699 et
342 2643 526 2719 conspecta
543 2629 579 2696 in
604 2623 704 2700 hoste
716 2631 828 2702 virtus
842 2634 959 2704 statim
977 2633 1093 2724 placa·
1146 2626 1303 2718 periculo'
1333 2626 1474 2711 amicis,
1507 2651 1614 2720 quam
1642 2642 1718 2701 tuto
1750 2631 1819 2701 sibi
1847 2635 2046 2704 consulere:
2082 2628 2141 2702 hic

123 2722 169 2803 dl:
187 2731 272 2802 vicit
289 2753 362 2799 non
381 2730 500 2799 minus
515 2730 656 2800 fortiter
671 2756 707 2801 se
729 2734 845 2824 ipsum
862 2758 967 2827 quam
989 2747 1091 2803 antea
1146 2728 1240 2821 quod
1266 2728 1410 2818 dignam
1432 2728 1494 2796 tali
1526 2727 1693 2823 Principe
1727 2734 2001 2824 placabilitatem
2036 2748 2141 2829 atque

123 2845 235 2905 rossem
259 2832 410 2916 vicerat,
437 2845 472 2902 et
496 2856 536 2901 ex
563 2832 642 2916 illa,
669 2859 775 2926 quam
791 2859 832 2905 ex
854 2832 920 2906 hac
935 2835 1095 2921 victoria,
1146 2830 1369 2900 clementiam
1387 2852 1466 2920 erga
1486 2830 1623 2901 inimici
1639 2833 1727 2903 filias
1746 2838 1938 2926 praestitit,
1960 2862 2025 2908 nec
2049 2837 2139 2906 iram

123 2934 212 3007 tttlto
233 2934 449 3005 nobiliorem
473 2957 512 3002 ac
533 2934 776 3024 gloriosiorem
794 2933 1016 3029 triumphum
1039 2963 1093 3006 re·
1145 2934 1238 3024 apud
1262 2955 1298 3001 se
1321 2931 1403 3024 plus
1424 2931 1558 3019 valere,
1583 2959 1689 3028 quam
1707 2936 1848 3009 virtutis
1867 2940 2140 3011 admirationem

123 3037 255 3109 ornavit
295 3031 484 3127 Philippus
526 3037 695 3115 Macedo,
754 3053 856 3131 pater
896 3039 1092 3109 Alexandri
1147 3057 1267 3125 passus
1289 3048 1352 3104 est.
1403 3031 1473 3104 Sed
1498 3059 1571 3105 non
1594 3037 1701 3127 paulo
1716 3040 1887 3111 maiorem
1905 3043 2047 3114 laudem
2064 3065 2140 3110 me-

123 3134 242 3231 lsqni,
268 3162 348 3208 cum
366 3132 589 3231 Olynthum,
614 3163 719 3230 quam
735 3141 799 3208 diu
816 3165 944 3233 magno
963 3155 1093 3211 conatu
1147 3148 1294 3205 ruerunt
1310 3132 1543 3204 Germanicae
1564 3152 1746 3209 matronae
1765 3166 1871 3234 quam
1890 3143 2053 3239 Satyrus:
2080 3137 2139 3212 hic

123 3241 305 3337 tpesiculo
321 3240 526 3324 obsederat,
551 3241 694 3308 tandem
709 3258 949 3333 expugnasset.
993 3240 1093 3312 Poti-
1145 3235 1240 3305 enim
1256 3236 1391 3330 aliquid
1409 3238 1586 3306 commodi
1604 3241 1708 3311 amici
1726 3265 1828 3312 causa
1849 3246 2015 3335 proiecit,
2041 3246 2139 3312 venit

123 3343 305 3413 ssdillicili
321 3343 490 3427 victoria,
517 3341 649 3411 dicitur
666 3343 770 3412 ludos
786 3345 863 3414 lesti
880 3369 919 3415 ac
935 3344 1093 3415 laeticiae
1146 3339 1185 3406 in
1219 3338 1415 3429 periculum
1450 3363 1496 3407 ne
1523 3340 1698 3412 excideret
1731 3345 1979 3416 benevolentia
2014 3344 2137 3435 Regis:

123 3444 356 3527 mulcetue,
379 3468 532 3538 quorum
548 3444 716 3514 ludorum
733 3445 790 3515 die
807 3470 887 3516 cum
902 3447 1093 3517 sacrificas·
1145 3440 1226 3507 illae
1257 3440 1294 3507 in
1327 3434 1485 3510 humeris
1513 3442 1660 3512 maritos
1684 3444 1887 3540 liberosque
1911 3473 1973 3540 per
2002 3448 2139 3516 medios

123 3559 171 3632 et,
206 3558 241 3617 et
259 3546 425 3616 convivio
451 3545 583 3615 amicos
605 3569 687 3616 suos
706 3572 747 3617 ac
760 3544 877 3618 Duces
895 3550 1093 3642 accepisset,
1146 3538 1261 3611 hostes
1279 3542 1498 3622 extulerunt,
1525 3543 1563 3610 in
1579 3545 1709 3638 quibus
1726 3548 1882 3618 indolem
1903 3551 2007 3640 longe
2024 3548 2138 3618 maio·

123 3647 277 3719 trinum
291 3662 326 3718 ct
340 3643 556 3718 hilaritatem
574 3646 723 3734 offusus,
749 3649 1092 3746 iussitnnumquen--
1145 3668 1217 3713 rem
1252 3644 1315 3713 illo
1347 3666 1450 3730 sexu,
1483 3669 1522 3714 ac
1548 3659 1704 3718 vetenrm
1731 3647 1960 3723 heroinarum
1985 3652 2138 3721 similem

123 3774 167 3823 ue
183 3751 415 3821 convivarum
432 3749 568 3843 aliquid
593 3773 664 3821 ase
684 3764 822 3843 petere,
848 3756 943 3849 quod
965 3754 1092 3845 cuique
1144 3745 1254 3816 luisse
1276 3748 1440 3838 adparet,
1465 3772 1552 3842 quas
1575 3773 1647 3818 non
1665 3763 1717 3822 tot
1742 3769 1897 3824 armatae
1915 3776 2059 3839 manus,
2087 3765 2139 3823 tot

123 3854 323 3924 ammodum
347 3865 381 3921 et
409 3852 558 3941 dignum
584 3865 672 3923 esset
703 3852 841 3945 aRege
866 3856 947 3947 peni,
999 3850 1092 3925 Aliis
1143 3847 1252 3939 gladii
1279 3871 1319 3918 ac
1336 3849 1597 3942 circumstantia
1610 3854 1680 3922 tela
1693 3857 1939 3940 retinuerunt,
1960 3857 2048 3949 quin
2065 3878 2136 3926 nna

123 3956 208 4045 titur
235 3954 333 4023 aliud
365 3953 565 4045 petentibus
591 3977 630 4023 ac
659 3953 947 4044 impetrantibus,
988 3970 1093 4048 prout
1144 3951 1334 4035 cumanis,
1360 3953 1491 4044 siquid
1517 3953 1665 4043 periculi
1682 3972 1789 4038 esset,
1816 3960 1996 4038 subirent,
2022 3971 2056 4026 et
2073 3980 2137 4046 po-

123 4058 225 4153 nique
247 4079 334 4126 usus
356 4068 453 4141 erat,
483 4055 580 4124 solus
602 4056 671 4123 iam
693 4059 846 4128 restabat
860 4058 1007 4154 Satyrus
1021 4055 1091 4128 Co·
1145 4053 1215 4123 tius
1238 4054 1346 4122 semel
1367 4076 1510 4147 unaque
1534 4054 1708 4145 perirent,
1734 4083 1839 4152 quam
1862 4059 1957 4130 solae
1975 4061 2013 4129 in
2038 4059 2137 4130 orbi·

123 4163 262 4243 soedus,
288 4158 349 4251 qui
367 4171 512 4249 propter
525 4169 635 4226 artem
652 4172 687 4228 et
705 4158 839 4249 ingenii
851 4162 1091 4232 dexteritatem
1143 4168 1214 4225 tate
1235 4179 1275 4226 ac
1296 4155 1412 4241 luctu,
1445 4158 1539 4249 quod
1565 4157 1742 4252 reliquum
1770 4176 1857 4232 esset
1878 4161 1988 4247 vitae,
2020 4161 2137 4250 exige-

123 4262 284 4352 raecipua
299 4262 391 4351 apud
408 4258 541 4350 Regem
558 4258 669 4349 gratia
689 4274 773 4331 erat.
825 4260 919 4332 Eum
935 4288 1015 4334 cum
1034 4264 1092 4332 ni·
1142 4271 1233 4330 rent.
1278 4256 1489 4327 Laudantnr
1504 4259 1540 4325 in
1559 4254 1714 4328 historiis
1730 4260 1905 4333 Romanis
1922 4265 2052 4354 priscae
2070 4263 2136 4332 Sa-

123 4361 149 4433 il
180 4358 299 4433 adhuc
334 4361 533 4452 petivisset,
577 4361 732 4433 invitant
762 4365 890 4434 caeteri
928 4367 1092 4457 primum,
1143 4360 1264 4443 binae,
1291 4361 1385 4452 quod
1412 4360 1572 4450 precibus
1594 4374 1629 4429 et
1653 4362 1849 4434 intercurso
1873 4388 1936 4436 sno
1963 4365 2134 4456 praelium

123 4465 225 4536 dude
258 4465 333 4556 ipse
366 4459 571 4556 Philippus,
611 4476 651 4532 ut
689 4468 990 4558 quemadmodum
1028 4467 1092 4537 alii
1143 4462 1236 4530 inter
1251 4460 1451 4531 maritosac
1473 4474 1635 4551 parentes
1654 4466 1882 4539 diremerunt.
1936 4465 1985 4535 At
2001 4478 2135 4558 quanto

123 4567 271 4663 scissent,
296 4567 371 4657 ipse
386 4589 528 4660 quoque
542 4564 676 4660 aliquid
693 4580 844 4659 peteret,
870 4593 935 4640 nec
954 4571 1089 4639 donum
1142 4561 1271 4636 iustius
1294 4563 1485 4633 laudantur
1506 4577 1665 4649 nostrae,
1692 4591 1782 4660 qnae
1804 4568 1909 4658 longe
1931 4563 2136 4659 pulchriore

123 4683 156 4743 nt
177 4668 463 4742 benevolentiam
477 4665 587 4759 Regis
607 4668 889 4761 adspernaretur.
943 4666 991 4742 At
1013 4670 1090 4741 ille:
1141 4664 1300 4736 facinore
1314 4689 1433 4756 pacem
1450 4665 1701 4736 confecerunt?
1733 4665 1865 4740 lllustri
1883 4683 1917 4739 et
1931 4672 1974 4737 ad
1991 4690 2133 4737 omnem

123 4771 287 4861 luendoa
305 4783 340 4839 te
354 4770 492 4854 iubeor,
517 4771 647 4866 inquit,
670 4768 760 4852 Rex,
787 4787 902 4864 petam
920 4772 968 4857 id,
994 4773 1088 4866 quod
1142 4767 1357 4860 posteritatis
1369 4767 1574 4835 memoriam
1593 4769 1722 4838 celebri
1742 4771 1834 4840 lacto
1852 4772 2016 4864 pietatem
2034 4792 2134 4840 suam

123 4869 244 4945 tmihi
267 4886 403 4965 petere,
436 4887 471 4945 et
488 4873 555 4944 tibi
583 4873 705 4961 largiri
727 4875 879 4944 maxime
900 4870 1089 4944 honestum
1142 4892 1224 4959 erga
1238 4869 1404 4959 coniuges
1419 4869 1644 4940 declararunt
1661 4869 1866 4965 Minyarum
1883 4896 2026 4958 uxores;
2054 4896 2133 4940 cerm

123 4978 225 5050 sdico.
263 4972 348 5046 Fuit
363 4970 452 5044 mibi
468 4987 567 5045 vetus
582 4974 735 5043 amicitia
751 4988 785 5045 et
801 4971 995 5068 hospitium
1008 4999 1089 5044 cum
1143 4971 1238 5040 enim
1263 4970 1330 5039 viri
1353 4994 1393 5039 ex
1423 4993 1461 5037 ea
1488 4970 1623 5039 familia
1645 4995 1787 5057 omnes,
1823 4997 1973 5044 nomem
1992 4974 2135 5044 circiter

123 5073 347 5172 ‚pollophanc
370 5074 571 5171 Pydnensi,
612 5075 674 5171 qui
697 5099 776 5144 cum
802 5102 843 5147 ex
864 5077 1005 5148 insidiis
1029 5076 1085 5145 in·
1141 5071 1264 5154 XXX,
1293 5085 1439 5165 propter
1453 5071 1603 5145 affectati
1618 5073 1853 5164 suspicionem
1869 5078 1969 5168 regni
1988 5073 2134 5168 aSpar·

123 5182 265 5265 sciisset,
298 5192 492 5250 metuentes
516 5179 656 5271 cognati
687 5179 776 5249 iram
808 5181 960 5271 regiam,
999 5178 1089 5247 filias
1140 5175 1233 5246 tanis
1255 5175 1417 5270 publicae
1431 5174 1610 5245 custodiae
1625 5175 1772 5261 inclusi,
1790 5192 1825 5250 et
1841 5179 2015 5271 supplicio
2036 5177 2133 5267 capi-

123 5279 171 5379 lus
191 5305 318 5376 parvas
338 5276 454 5351 adhuc
476 5275 700 5375 Olynthum,
732 5294 773 5351 ut
798 5281 849 5352 ibi
880 5282 991 5353 tutior
1015 5280 1087 5352 vita
1139 5277 1203 5347 tali
1224 5276 1294 5347 iam
1321 5277 1486 5347 destinati
1509 5289 1645 5368 essent,
1672 5280 1766 5371 quod
1795 5303 1875 5349 cum
1892 5294 2010 5351 vetere
2030 5278 2133 5346 insti-

124 5382 169 5455 lis
189 5397 296 5467 esset,
322 5382 614 5456 transmiserunt:
646 5377 714 5453 hae
737 5406 835 5453 nunc
866 5398 964 5478 capta
997 5383 1087 5453 urbe
1140 5391 1216 5450 tuto
1231 5378 1593 5452 Lacedaemoniorum
1612 5393 1788 5450 nocturno
1812 5395 1973 5475 tempore
1995 5379 2132 5472 passuri

123 5487 255 5578 sptivse
279 5499 463 5570 tenentur,
494 5486 634 5558 nubiles
658 5485 750 5571 iam,
783 5499 889 5580 atque
911 5510 953 5558 ec
974 5498 1088 5557 aetate
1139 5494 1274 5570 essent,
1305 5482 1472 5571 coniuges
1503 5502 1626 5550 eorum
1657 5503 1698 5551 ex
1727 5482 1958 5554 nobilissimis
1987 5480 2133 5576 familiis
