4664 6022
142 296 219 395 aas
613 302 777 391 nucu
812 300 891 387 na
920 306 1246 389 amnnnrco
1279 304 1434 388 ouen
1463 306 1587 406 sau
1618 294 1704 396 nn.
2102 316 2177 393 sss

145 491 356 579 tenderunt,
381 480 601 561 neLuthero
618 485 772 560 docendi
788 484 1139 586 locumeoncederet.
1188 484 1394 577 angelorum
1417 498 1481 558 aut
1501 479 1690 560 hominnm
1711 487 1885 582 sapientia
1903 491 1988 563 satis
2003 491 2184 586 perspicit,

145 590 194 670 Et
217 607 318 669 erant
340 593 403 664 alii
426 590 551 679 multi,
584 591 646 687 qui
670 592 793 661 eadem
808 590 1017 662 suadebant.
1066 589 1140 662 Nec
1190 604 1310 662 tamen
1331 612 1407 658 non
1428 587 1497 660 feri
1518 584 1682 662 homines
1695 605 1893 685 agnoscunt
1907 589 1973 665 has
1991 617 2049 666 res
2063 594 2104 665 in
2120 590 2186 667 ho-

147 697 235 794 ipsi,
258 708 389 770 comet
404 694 574 787 sapientia
592 693 793 779 excelleret,
818 693 937 763 etiam
951 710 1056 763 senex
1071 715 1141 764 usn
1191 692 1330 762 minum
1345 691 1505 762 vitaesse
1519 715 1683 767 summas.
1723 690 1771 766 Et
1786 714 1858 790 quo
1873 695 2024 791 quisque
2040 710 2185 769 estcor·

147 800 369 892 cognovisset
383 797 503 870 omnia
516 796 817 888 gubernationum
840 795 1014 890 pericula,
1038 819 1141 889 prae·
1191 793 1326 877 datior,
1352 817 1393 864 eo
1409 793 1522 884 magis
1536 795 1644 867 sentit
1656 796 1949 869 deliberationem
1964 800 2009 869 de
2025 799 2076 869 eis
2093 800 2187 869 difli-

145 913 246 997 capu
260 900 474 973 devitandis
488 899 748 973 mutationibus
763 898 883 991 ignota
898 911 1010 974 erant.
1192 897 1295 968 tilam
1319 917 1403 968 esse.
1461 893 1560 970 Haec
1578 911 1676 971 tants
1697 899 1808 971 moles
1830 904 1955 972 eodem
1972 913 2136 995 ternpore
2150 903 2188 973 in

249 1002 319 1076 Sed
340 1004 398 1074 vir
419 1002 559 1095 sapiens
581 1017 618 1075 et
632 1025 714 1073 vera
735 1001 864 1094 pietate
878 998 996 1073 Deum
1010 1001 1142 1089 colens,
1191 993 1289 1070 hunc
1310 1021 1423 1069 unum
1445 1000 1563 1071 vinam
1579 1000 1753 1075 incubuit.
1805 1001 1874 1074 Hic
1895 999 1990 1074 nihil
2005 1026 2188 1095 exaggero,

146 1106 279 1179 sciebat
295 1106 464 1179 omnibus
480 1104 634 1198 publicis
651 1119 684 1179 et
698 1103 846 1198 privatis
861 1096 1027 1198 periculis
1041 1117 1143 1196 ante·
1191 1124 1272 1173 enm
1300 1101 1445 1195 quidem
1472 1113 1549 1174 toto
1580 1126 1727 1196 corpore
1755 1099 2020 1189 cohortatam,
2060 1108 2189 1204 procul

92 1211 99 1220 “
145 1210 329 1280 ferendam
352 1232 426 1279 esse
448 1208 598 1298 gloriam
628 1206 704 1281 Dei.
761 1205 903 1279 Sciebat
925 1201 1141 1277 horrendam
1191 1202 1365 1295 aspiciens
1382 1228 1462 1276 enm
1482 1216 1580 1276 tanta
1595 1229 1705 1276 onera
1719 1207 1963 1283 sustinentem.
2016 1208 2092 1283 Sed
2110 1233 2189 1281 cnm

147 1327 182 1383 et
194 1310 434 1384 insanabilem
447 1306 703 1406 blasphemiam
725 1330 817 1398 esse,
841 1307 983 1402 agnitae
999 1307 1142 1381 veritati
1190 1301 1390 1393 Ecclesiae,
1414 1318 1490 1379 tnm
1506 1306 1649 1401 imperii
1663 1308 1873 1400 gnbematio
1886 1310 2012 1383 divina
2025 1325 2094 1388 est.
2142 1308 2189 1386 Et

147 1413 339 1486 adversari.
475 1449 479 1457 ·
1191 1408 1300 1480 flectit
1331 1407 1429 1481 Deus
1459 1424 1596 1482 mentes
1627 1412 1905 1503 gubernatorum
1939 1414 1986 1484 ad
2020 1416 2186 1488 salutaria

245 1511 296 1589 Et
309 1514 585 1586 confirmabatur
599 1512 791 1601 divinitus,
818 1537 928 1610 quare
948 1513 1058 1585 nullis
1071 1512 1144 1583 mi·
1192 1510 1360 1592 consilia,
1393 1523 1428 1582 et
1457 1534 1518 1583 eos
1544 1513 1711 1601 adiuvat,
1741 1539 1823 1586 cum
1848 1517 1925 1590 vult
1951 1513 2134 1589 Ecclesiae
2152 1531 2185 1590 et

145 1618 204 1691 nis
226 1641 268 1690 sc
290 1617 489 1690 terroribus
508 1616 624 1706 frangi
640 1616 774 1710 potuit,
804 1630 845 1688 nt
858 1615 1000 1690 veritati
1015 1618 1143 1687 adver·
1191 1608 1351 1683 hnmano
1373 1613 1494 1704 generi
1517 1638 1621 1707 opem
1635 1616 1740 1686 ferre.
1791 1615 1847 1690 lta
1861 1630 1895 1688 et
1911 1632 1998 1689 tunc
2013 1617 2180 1690 Friderici

146 1733 296 1797 saretur.
345 1717 419 1792 Nec
434 1732 552 1790 umen
574 1719 642 1790 sibi
659 1719 728 1813 ipsi
744 1731 884 1790 tantum
900 1719 1078 1806 sumebat,
1101 1732 1144 1790 ut
1191 1727 1314 1810 pectus
1329 1713 1368 1784 in
1383 1730 1534 1811 utraque
1550 1717 1826 1803 deliberatione,
1845 1719 2024 1795 divinitus
2041 1735 2079 1796 et
2093 1746 2181 1816 rege-

146 1824 244 1897 solus
258 1821 432 1895 iudicaret
446 1823 491 1893 dc
507 1819 687 1909 doctrina,
716 1822 779 1893 sed
799 1822 995 1892 multorum
1017 1846 1141 1892 senum
1191 1818 1297 1891 batur
1312 1830 1346 1888 et
1361 1818 1649 1896 confirmabatur.

145 1940 182 1999 et
204 1923 446 2011 emditorum,
476 1924 677 2020 etquidem
700 1921 903 2016 principum
919 1923 1053 1996 iudicia
1074 1922 1144 1994 sci·
1294 1915 1344 1991 Et
1363 1921 1492 1993 scimus
1512 1921 1620 1993 fuisse
1640 1921 1789 1996 minime
1803 1941 2051 2020 arrogantem,
2075 1929 2186 1998 maxi·

147 2029 292 2101 scitatus
315 2036 378 2101 ast
437 2022 582 2097 Possem
615 2026 802 2097 nominare
831 2026 981 2113 multos,
1013 2027 1075 2097 sed
1098 2028 1143 2097 de
1190 2046 1319 2117 meque
1340 2023 1559 2094 diffidentem
1582 2047 1666 2096 suae
1685 2026 1894 2119 sapientiae,
1919 2046 1954 2103 et
1974 2029 2012 2099 in
2030 2025 2091 2100 his
2109 2044 2186 2101 tan-

144 2126 297 2204 Erasmo
312 2127 445 2212 dicam,
470 2124 641 2199 Coloniae
665 2152 747 2199 eum
763 2129 809 2199 ad
828 2150 866 2200 se
880 2128 1084 2214 accersivit,
1108 2140 1144 2198 et
1191 2125 1237 2196 tis
1262 2124 1429 2217 periculis
1449 2125 1598 2197 adsidua
1620 2125 1847 2201 invocatione
1871 2155 1891 2204 a
1916 2133 1994 2204 Deo
2016 2133 2186 2204 auxilium

146 2243 307 2307 amanter
320 2229 499 2323 praefatus
512 2243 581 2317 est,
604 2221 698 2303 hanc
711 2253 785 2302 esse
799 2254 959 2318 causam,
987 2254 1142 2302 careum
1191 2225 1378 2320 petivisse,
1410 2241 1447 2301 et
1464 2251 1686 2300 summomm
1708 2223 1894 2306 hominnm
1907 2231 2053 2306 iudicia
2074 2237 2187 2306 scisci·

145 2332 379 2409 acceniverit.
436 2327 629 2426 Postquam
649 2333 911 2404 controversiae
927 2345 1044 2405 motae
1061 2333 1160 2419 sint,
1191 2342 1305 2401 tatum
1318 2351 1404 2402 esse.
1436 2326 1516 2402 Etsi
1529 2344 1647 2403 autem
1659 2331 1842 2405 electionis
1859 2331 2009 2408 historia
2025 2361 2183 2429 magnam

144 2460 183 2511 se
204 2436 329 2522 malle,
355 2447 396 2507 nt
420 2432 490 2504 sibi
506 2427 664 2507 dehiscat
684 2449 798 2522 terra,
824 2458 931 2531 quam
948 2436 1047 2507 falsis
1063 2433 1144 2529 opi·
1191 2431 1423 2501 consiliomm
1438 2444 1474 2503 et
1482 2432 1662 2504 actionum
1677 2434 1881 2529 varietatem
1892 2439 2069 2515 continet.
2100 2439 2183 2512 Nam

144 2537 317 2611 nionibus
336 2538 466 2608 favere.
524 2534 595 2608 Sed
617 2536 647 2609 si
669 2532 851 2610 Lntherns
867 2549 962 2610 recte
975 2550 1072 2611 taxat
1085 2560 1143 2608 er·
1192 2546 1229 2606 et
1241 2533 1440 2626 sapientum
1455 2534 1614 2607 diversae
1628 2548 1729 2607 erant
1744 2538 1949 2630 opiniones,
1973 2556 2017 2613 nt
2032 2543 2104 2614 iam
2118 2567 2182 2614 non

145 2665 263 2728 rores,
295 2652 330 2712 et
359 2649 533 2711 monstret
558 2661 672 2715 ,verae
700 2639 884 2712 doctrinae
912 2640 1047 2723 fontes,
1088 2664 1144 2726 se,
1193 2637 1237 2705 de
1259 2635 1474 2707 factionibus
1496 2650 1532 2710 et
1553 2637 1682 2709 studiis
1700 2639 1840 2729 dicam,
1865 2654 1901 2714 et
1914 2644 2057 2737 integre
2072 2660 2180 2718 notam

145 2743 282 2817 etiamsi
302 2741 441 2827 videat,
472 2753 645 2837 quantum
670 2742 739 2813 sibi
763 2755 798 2814 et
818 2742 893 2812 suis
912 2743 959 2815 sit
978 2741 1144 2841 periculi,
1192 2759 1267 2808 esse
1297 2739 1496 2830 posteritati
1524 2742 1724 2831 prodesset,
1763 2755 1883 2816 tamen
1910 2745 2014 2819 bono
2044 2750 2177 2820 consilio

144 2858 264 2920 tamen
286 2868 362 2915 non
388 2845 657 2915 adversaturum
686 2865 760 2914 esse
788 2843 942 2918 veritati.
1004 2843 1079 2914 Nec
1106 2866 1143 2913 se
1193 2862 1290 2908 nuuc
1303 2841 1416 2910 multa
1433 2853 1631 2931 praetereo,
1655 2857 1796 2915 tantum
1812 2839 1880 2919 hoc
1902 2850 2007 2937 dico,
2035 2850 2169 2923 Frideri·

146 2947 320 3018 indicium
335 2945 404 3015 sibi
421 2944 486 3015 uni
501 2962 659 3029 sumere,
681 2946 743 3014 sed
756 2943 979 3017 eruditorum
993 2957 1028 3015 et
1047 2943 1143 3039 peri·
1191 2962 1280 3010 eum·
1294 2953 1463 3037 tanquam
1487 2939 1672 3015 Nestorem
1694 2946 1733 3014 in
1756 2971 1798 3017 eo
1812 2965 1936 3022 senatu
1961 2964 2053 3025 tunc
2068 2952 2168 3037 foisse,

144 3061 265 3121 torum
279 3046 411 3118 iudicia
434 3059 467 3117 et
485 3043 684 3140 inquirere,
716 3058 751 3117 et
769 3046 924 3117 libenter
937 3061 1141 3135 secuturum
1191 3053 1226 3111 et
1253 3041 1299 3111 ab
1321 3067 1363 3113 eo
1388 3044 1543 3135 plurima
1574 3045 1754 3139 sapienter
1774 3062 1850 3123 acta
1881 3067 1916 3127 et
1938 3057 2085 3148 provisa
2105 3077 2178 3141 esse,

145 3173 230 3225 esse.
281 3146 446 3240 Rogabat
460 3147 588 3238 igitur,
612 3142 831 3220 utErasmus
844 3148 1028 3220 liberrime
1040 3173 1141 3222 suam
1189 3142 1266 3216 Deo
1281 3144 1330 3216 ita
1350 3159 1471 3237 pectus
1485 3146 1561 3216 eius
1575 3149 1804 3239 gubernante.

144 3250 357 3325 sententiam
372 3252 416 3321 de
432 3261 507 3321 tota
523 3249 719 3325 rediceret.
1293 3245 1437 3319 Sciebat
1466 3248 1625 3322 diversas
1652 3275 1725 3323 esse
1755 3254 1957 3350 principum
1989 3259 2180 3353 opiniones,

243 3348 435 3437 Erasmus,
466 3364 508 3425 ut
535 3365 610 3423 erat
630 3352 796 3438 festivus,
827 3352 872 3423 ab
898 3351 1013 3424 ironia
1038 3377 1142 3425 exor-
1191 3362 1225 3421 et
1239 3347 1384 3422 videbat
1396 3351 1653 3423 dissensionem
1667 3356 1873 3445 electorum,
1901 3358 1971 3429 uisi
1989 3386 2180 3433 unuscorn·

144 3478 219 3528 sus:
251 3451 336 3527 Duo
371 3476 499 3544 magna
537 3477 610 3525 esse
639 3449 791 3527 Lntheri
819 3469 980 3547 peccata,
1013 3456 1142 3551 inquit,
1189 3453 1291 3523 muni
1315 3453 1476 3524 omnium
1499 3477 1673 3526 consensu
1696 3458 1900 3550 eligeretur,
1933 3464 2050 3534 facem
2078 3465 2179 3534 naasi-

144 3557 243 3654 quod
258 3569 398 3628 ventres
420 3550 677 3628 monachorum
694 3569 728 3626 et
747 3579 917 3627 coronam
934 3581 1044 3651 papae
1058 3558 1141 3630 atti·
1191 3577 1331 3624 morum
1354 3556 1533 3628 bellorum
1553 3559 1710 3630 futuram
1734 3584 1838 3634 esse·
1878 3563 2034 3639 Videbat
2061 3568 2181 3663 quibos

143 3661 262 3752 gisset.
329 3655 456 3728 Postea
487 3657 664 3752 pertexuit
703 3678 804 3729 suam
836 3661 1067 3746 sententiam,
1106 3674 1142 3732 et
1191 3657 1353 3749 partibus
1367 3681 1458 3752 quae
1475 3658 1568 3729 vires
1584 3683 1784 3734 accessuras
1801 3680 1928 3739 essent.

144 3759 255 3844 dixit,
282 3753 483 3832 Lntherum
506 3760 597 3831 iuste
621 3773 738 3831 taxare
757 3783 913 3850 errores,
950 3776 1141 3835 eteorum
1293 3758 1396 3830 Novo
1407 3759 1517 3850 igitur
1530 3762 1681 3833 consilio
1693 3787 1779 3835 usus
1795 3781 1856 3840 est.
1907 3766 1993 3843 Fuit
2010 3785 2183 3843 snasornt

143 3862 428 3935 emendationem
441 3857 620 3932 Ecclesiae
639 3861 873 3934 necessariam
888 3887 973 3940 ease.
1024 3862 1143 3935 Addi-
1191 3860 1347 3954 primum
1369 3861 1501 3952 singuli
1531 3864 1699 3935 electores
1730 3867 1920 3942 iuramenti
1950 3872 2127 3964 religione
2148 3875 2183 3944 in

145 3966 200 4039 dit
220 3965 327 4038 mam
346 3987 521 4035 summam
547 3964 732 4037 doetrinae
752 3958 903 4037 Lntheri
921 3990 1040 4038 veram
1057 3989 1143 4054 esse,
1192 3957 1259 4034 hoc
1274 3987 1339 4034 suo
1354 3987 1520 4036 consessu
1536 3966 1802 4058 obligarentur,
1827 3994 1864 4042 se
1882 3974 2020 4045 nnllam
2042 3977 2184 4049 electio-

145 4067 284 4140 etiamsi
305 4065 436 4161 optarit
457 4067 630 4169 quaedam
652 4066 826 4161 disputari
848 4069 967 4140 minus
982 4062 1140 4144 horride.
1192 4089 1273 4135 nem
1294 4066 1553 4159 adprobatnros
1574 4083 1637 4142 aut
1658 4073 1928 4147 renunciaturos
1952 4100 2049 4160 essa,
2076 4082 2185 4150 donec

144 4164 245 4245 Haec
265 4163 335 4242 fuit
355 4168 526 4263 colloquii
544 4193 693 4245 scamma.
743 4166 924 4243 Viderunt
943 4171 1056 4267 aliqui
1076 4196 1142 4243 no-
1190 4167 1353 4238 omniom
1385 4169 1581 4263 suffragiis,
1613 4195 1708 4243 unus
1733 4174 1863 4271 aliquis
1887 4181 2073 4252 communi
2100 4206 2184 4252 con·

144 4287 260 4345 strum
282 4282 318 4342 et
337 4270 460 4341 literas
482 4270 651 4362 sapientis
670 4286 704 4344 et
724 4269 811 4342 boni
828 4273 1021 4366 principis,
1045 4274 1142 4345 Lau-
1191 4293 1298 4340 sensu
1313 4271 1445 4343 electus
1459 4289 1567 4362 esset,
1594 4274 1652 4344 rui
1675 4299 1711 4345 se
1725 4301 1849 4350 omnes
1863 4278 1927 4349 uni
1940 4281 2186 4375 adiungerent,

145 4373 254 4448 rentii
271 4371 427 4466 episcopi
438 4369 771 4464 Wircebnrgcnsis,
796 4373 859 4467 qui
874 4378 996 4446 eadem
1011 4378 1056 4447 ad
1074 4379 1142 4448 du-
1192 4384 1360 4467 tanqnam
1388 4374 1548 4465 legitimo
1569 4377 1737 4461 domino,
1768 4404 1815 4452 ne
1837 4379 1996 4474 ipsorum
2018 4386 2184 4458 dissimili

146 4501 223 4551 cem
247 4473 471 4548 Fridaricum
492 4474 651 4567 scripsit,
684 4490 719 4548 et
739 4476 878 4549 addidit
893 4503 930 4548 se
945 4479 1139 4551 multorom
1190 4475 1442 4563 suffragatione
1457 4475 1652 4550 Germania
1672 4477 1938 4560 distraheretur.

147 4580 369 4652 eruditorum
389 4577 521 4648 iudicia
537 4577 747 4669 explorasse.
798 4577 881 4650 Non
900 4581 1009 4673 igitur
1022 4581 1142 4652 existi-
1292 4575 1373 4648 lloc
1391 4577 1460 4651 fuit
1477 4577 1652 4653 Friderici
1674 4578 1898 4678 πολίτευμα,
1922 4585 1961 4656 in
1977 4613 2052 4684 quo
2068 4587 2183 4663 lucent

146 4684 318 4753 mendum
334 4695 387 4753 est
401 4702 523 4750 senem
539 4678 658 4751 virum
676 4681 975 4772 sapientissimum
989 4684 1028 4753 in
1043 4695 1142 4755 tanta
1191 4679 1268 4752 eius
1287 4680 1482 4773 sapientia,
1512 4685 1670 4755 studium
1701 4685 1865 4776 publicae
1886 4691 2118 4780 concordiae,
2151 4707 2184 4764 et

147 4806 253 4856 causa
268 4784 323 4857 vel
338 4802 458 4856 errore
473 4783 530 4853 vel
553 4781 750 4855 temeritate
767 4784 1058 4879 propagationem
1075 4787 1143 4857 do·
1190 4784 1282 4854 aliae
1295 4782 1429 4855 multae
1449 4783 1610 4858 virtutes.
1659 4782 1707 4858 Et
1730 4787 1886 4861 fortassis
1907 4794 2098 4887 posteritas
2119 4781 2183 4866 hos

149 4885 284 4956 ctrinaa
298 4885 509 4977 permisisse.
566 4879 616 4956 Et
636 4884 779 4979 quidem
803 4888 942 4979 legebat
961 4890 1035 4981 ipse
1051 4912 1143 4983 quo-
1191 4885 1392 4978 cxemplnm
1408 4882 1617 4960 intuebitur.

148 4984 238 5058 tidie
250 4985 380 5079 scripta
400 5000 479 5065 tum
493 4981 660 5073 Lntheri,
687 5001 764 5058 tum
784 4984 925 5061 Erasmi
943 4991 1144 5085 praecipua,
1293 4987 1443 5061 Secutae
1465 5003 1550 5062 sunt
1577 5003 1697 5084 postea
1718 4990 1995 5084 disputationes,
2022 5009 2066 5070 nt
2094 4998 2184 5071 inter

147 5103 185 5161 ‘et
200 5087 315 5160 fontes
330 5112 465 5159 summa
479 5087 604 5159 iudicii
619 5088 790 5180 gravitate
804 5093 1061 5166 considerabat.
1191 5091 1366 5183 sapientes
1381 5103 1416 5162 et
1439 5091 1478 5162 in
1494 5115 1633 5165 summo
1649 5106 1773 5167 senatu
1785 5096 1923 5186 generis
1938 5091 2091 5170 humani
2108 5124 2184 5191 gra-

255 5188 386 5266 lncidit
400 5189 680 5264 aetasFriderici
699 5191 739 5263 in
754 5193 906 5267 duarum
922 5216 1143 5267 summarum
1192 5193 1375 5281 vissimae,
1406 5191 1445 5263 in
1475 5195 1609 5289 quibus
1641 5198 1784 5267 undem
1809 5201 1991 5270 commoni
2023 5204 2183 5281 omnium

152 5318 274 5366 rerum
300 5294 615 5386 deliberationem,
648 5297 693 5366 de
712 5288 952 5369 Ecclesiamm
975 5300 1144 5370 emenda·
1191 5320 1365 5369 consensu
1378 5291 1532 5368 Carolus
1549 5297 1679 5369 electus
1693 5311 1763 5386 est,
1790 5313 1824 5370 et
1838 5314 1937 5372 metu
1953 5297 2181 5379 horribilium

154 5390 289 5491 tiones,
302 5408 337 5467 'et
364 5396 409 5468 de
431 5395 601 5467 electione
627 5396 861 5490 imperatoris.
919 5395 1000 5472 Etsi
1024 5413 1143 5473 autem
1191 5398 1451 5470 discordiamm
1483 5414 1520 5476 rt
1551 5399 1749 5493 ingentium
1787 5401 1965 5477 bellorum
1989 5404 2182 5483 Germania

122 5492 286 5577 'heum'
311 5497 465 5573 duamur
492 5518 612 5570 rarum
639 5498 923 5593 magnitudinem
957 5501 1143 5575 nullorum
1190 5502 1339 5576 liberata
1353 5514 1417 5576 est.
