4672 6016
132 290 213 365 281
780 280 943 371 ⁰1le-
992 279 1071 369 ou
1104 278 1524 376 PtllthSOPlllh
2098 286 2176 385 2⁸2

135 472 285 535 etrects
299 458 357 530 via
370 457 523 554 inquirit
537 471 572 530 et
586 456 760 552 patefacit.
812 455 887 548 Qui
902 457 941 531 iu
957 483 1005 537 eo·
1015 456 1135 532 studio
1162 454 1473 539 '’Mathematicen.
1531 455 1602 529 Sed
1626 469 1661 527 et
1680 451 1767 529 haee
1794 481 1876 549 pars
1904 482 1987 531 cum
2013 451 2176 557 Physicis
2231 463 2235 469 '

135 567 232 639 hene
254 562 455 644 assuefacti,
489 558 564 642 ἕξιν
587 560 659 634 sibi
678 574 914 653 paraverunt,
944 561 1136 643 revocandi
1182 562 1428 652 coniungenda
1443 571 1508 632 est.
1547 556 1648 632 lude
1664 559 1760 631 enim
1776 561 1872 632 velut
1889 586 1930 657 ex
1944 563 2175 655 fonteplera-

134 664 262 741 omnia
279 666 325 737 ad
340 658 567 746 methodum,
590 688 682 760 quae
699 663 897 757 intelligere
918 679 982 738 ant
996 667 1135 737 tradere
1182 664 1305 759 quein
1323 659 1484 758 Physicis
1510 662 1686 752 oriuntur.
1733 657 1784 734 Et
1804 652 1983 759 barbaries
1998 666 2174 758 quaedam
2226 714 2233 727 ,

133 769 220 842 aliis
241 766 412 861 cupiunt,
443 761 482 837 hi
499 782 635 841 norunt
653 766 760 839 etism
775 766 815 847 in
833 767 1135 860 disputationibus
1182 780 1252 852 est,
1278 780 1319 838 ut
1342 761 1437 849 nihil
1462 765 1561 837 aliud
1585 765 1720 857 dicam,
1755 780 1981 839 contemnere
1996 767 2076 839 illas
2092 768 2174 859 pul·

133 870 323 962 religion·
338 870 532 942 informare
548 864 758 963 methodos,
783 871 946 944 evolvere
958 872 1135 956 intricata,
1162 943 1163 946 ,
1181 865 1374 941 cherrimus
1389 885 1498 955 artes,
1523 871 1567 938 de
1582 868 1739 947 motibus¹
1752 858 1938 965 syderum,
1963 895 2055 965 quae
2069 866 2174 943 nobis

134 974 307 1068 dissipsta
320 966 549 1059 contrahere,
574 973 734 1045 obscuris
752 985 788 1045 et
809 973 984 1066 ambiguis
1005 974 1135 1047 addere
1181 997 1294 1055 annos
1332 987 1368 1045 et
1406 986 1606 1063 temporum
1647 969 1854 1042 discrimina
1886 973 2096 1058 conficiunt,
2137 986 2174 1044 et

135 1079 276 1150 lumen.
1181 1077 1314 1157 mtiltas
1336 1096 1393 1145 res
1415 1074 1583 1144 maximas
1598 1087 1763 1144 venturas
1775 1076 2014 1163 denunciant,
2037 1098 2175 1169 nosque

239 1175 372 1268 Magna
397 1187 432 1246 et
457 1174 598 1268 copiosa
622 1177 783 1250 doctrina
807 1179 853 1249 ad
878 1179 1025 1252 alteram
1048 1202 1135 1263 rem,
1180 1178 1319 1251 utiliter
1332 1191 1492 1251 monent.

132 1280 288 1366 “meet'
321 1279 365 1348 'd
392 1277 617 1349 “mandam
644 1280 842 1353 mmmm
864 1305 955 1374 ⁰9⁰⁵
982 1294 1054 1366 ω’
1094 1293 1135 1352 m
1283 1327 1357 1399 Nec
1387 1351 1450 1418 ego
1477 1328 1601 1419 ignoro
1631 1326 1730 1397 aliud
1760 1327 1944 1399 doctrinae
1967 1352 2078 1420 genus
2099 1352 2174 1400 esse

133 1395 386 1559 &3:13¹
387 1381 652 1565 Ξὲιννὲεἷῗὶῗξξ
653 1383 917 1557 ᾗίεῐξῃωωί
943 1383 1134 1505 i⁰·lioeri⁸‘
1181 1426 1467 1522 Philosophiam,
1500 1430 1601 1501 aliud
1622 1424 1868 1519 Theologiam.
1926 1429 2000 1502 Nec
2022 1454 2085 1522 ego
2112 1433 2174 1502 illa

788 1489 901 1559 undae
916 1488 1020 1559 nohis
1036 1511 1135 1557 com-
1183 1538 1191 1555 .

133 1608 323 1681 pammm,
349 1609 424 1655 non
440 1587 580 1656 minore
593 1588 712 1659 studio
726 1613 816 1682 opus
831 1603 894 1666 est.
933 1589 1006 1662 Nec
1021 1601 1135 1681 potest
1181 1552 1228 1609 ¹¹³
1252 1534 1391 1653 “diceri
1417 1534 1518 1658 ,ψ’
1551 1547 1590 1602 ut
1606 1533 2013 1652 ⁶⁰¹¹s⁰¹¹di¹f¹¹⁰¹i³i⁰f³
2030 1558 2175 1652 ‘Pium’

134 1684 227 1763 hm
251 1687 457 1777 confingere
481 1689 543 1774 ἥδ,
577 1689 640 1782 quq
662 1715 737 1762 non
758 1693 950 1765 assuefiunt
966 1690 1135 1784 inpluri·
1181 1641 1241 1710 sed
1266 1640 1429 1708 adiuvari
1452 1630 1675 1724 'lheologum
1700 1635 1783 1704 volo
1805 1659 2073 1711 inmeconomsa
2101 1660 2176 1705 me-

132 1793 204 1864 bu,
233 1785 487 1881 phssowphjae
516 1791 695 1882 mnibus,
736 1793 775 1863 in
809 1795 942 1888 quibus
972 1794 1034 1889 qui
1060 1818 1132 1865 non
1181 1737 1293 1812 thod'c
1347 1738 1467 1810 Multa
1482 1739 1587 1807 etiam
1603 1738 1758 1808 mutuari
1778 1762 1860 1807 eum
1885 1763 1926 1808 ex
1943 1732 2175 1830 Philosophia

131 1892 990 1984 mmmm,015,qu,uigerunffiialeeficam’
1017 1912 1132 1969 tamen
1181 1842 1430 2018 chesseuerit.
1473 1839 1539 1961 ‘si
1566 1841 1646 1960 quis
1677 1835 1760 1909 huic
1788 1840 1944 1957 orationi
1972 1836 2176 1959 nonhabet

132 2010 276 2071 „mum
295 1995 456 2065 umbram
472 1997 652 2089 quandam
673 1992 835 2069 methodi
857 2012 1136 2093 mmmmm.
1232 1972 1305 2027 ern,
1332 1966 1362 2012 rs
1385 1946 1585 2015 consideret
1609 1945 1834 2012 indoctorum
1860 1937 2116 2032 lheologsam,
2142 1953 2176 2010 et

131 2096 211 2173 Nee
239 2095 472 2215 aliiosaepins
509 2096 636 2168 vitiosa
665 2112 700 2219 et
718 2095 920 2192 sophistica
948 2102 1134 2192 collisum,
1181 2045 1945 2223 2Ξάἐῖζῐίρῖὲῗῇιὲὰῗιὲζζίὲζθὧέἰὶᾟξι
1966 2045 2176 2217 “bli'iem'

134 2225 249 2297 quam
265 2213 335 2274 rsts.
386 2196 549 2294 Cumque
572 2224 609 2270 se
630 2202 779 2272 artifices
800 2198 960 2276 methodi
978 2227 1051 2274 esse
1069 2229 1135 2296 pu·
1734 2174 1755 2239 Ρ
1931 2202 1941 2231 2
1974 2172 2029 2216 ⁸¹¹¹
2059 2170 2176 2237 'duam

132 2316 232 2388 καὶ,
258 2314 376 2372 ,amen
400 2301 456 2370 ,fa
480 2303 663 2389 demam,
697 2318 731 2376 e,
757 2320 861 2388 sum,
887 2305 1135 2379 ufflomemo
1182 2250 1415 2341 Theologiam
1446 2247 1569 2322 invehi
1599 2252 1637 2319 in
1669 2245 1873 2319 Ecclesiam.
1931 2245 1980 2319 Et
2013 2249 2176 2319 indoctos

133 2407 248 2479 serbo
281 2416 380 2484 utar,
422 2395 660 2477 ἅλαόσκοποι.
734 2405 847 2479 Porro
883 2433 959 2479 non
997 2423 1135 2479 tantum

138 2520 286 2603 propter
306 2499 533 2590 methodum,
563 2529 625 2577 seu
656 2521 696 2578 ut
717 2506 819 2581 Plato
840 2525 943 2583 vocat
966 2503 1137 2610 ἀνάγκην

145 2602 440 2710 ιηογραφικὴν,
468 2630 558 2698 οριιε
572 2606 888 2704 estPhilosophia3
915 2615 976 2684 sed
999 2627 1040 2684 ut
1054 2628 1136 2684 ante

138 2712 235 2797 dixi,
267 2712 372 2783 etiam
394 2710 504 2780 multa
531 2715 740 2783 assumenda
772 2730 855 2786 sunt
883 2712 1070 2806 Theologo
1094 2740 1133 2785 ex

133 2808 318 2910 Physicis,
347 2812 410 2882 ubi
423 2837 463 2882 ea
479 2825 531 2884 est
547 2814 767 2904 singularum
786 2817 941 2909 partium
960 2818 1070 2904 ratio,
1096 2833 1135 2888 ut

133 2910 215 3001 bis,
247 2916 310 3010 qui
334 2914 484 2986 solidam
499 2917 699 2990 doctrinam
726 2933 915 3012 expetunt,
950 2946 1023 2990 non
1051 2921 1136 2991 satis

132 3019 183 3090 sit
217 3042 326 3109 pauca
360 3018 532 3108 quaedam
568 3041 773 3109 excerpere,
814 3025 874 3092 sed
903 3047 959 3093 ars
987 3024 1136 3113 integra,

133 3133 312 3216 quantum
337 3115 414 3184 lieri
440 3128 569 3202 potest,
604 3125 848 3207 cognoscenda
873 3138 936 3200 εει.
997 3123 1134 3214 Magno
1952 3173 1959 3183 t

132 3223 378 3297 instrumento
398 3212 588 3285 destitutus
611 3232 664 3289 est
687 3217 911 3313 Theologus,
938 3225 1001 3318 qui
1023 3227 1137 3295 nescit
1283 3218 1384 3293 Nihil
1400 3246 1489 3313 opus
1507 3235 1558 3292 est
1571 3216 1629 3292 hic
1645 3235 1777 3293 veteres
1794 3220 1876 3290 illos
1890 3241 2086 3298 recensere,
2113 3217 2176 3310 qui
2255 3263 2257 3266 -

133 3325 221 3394 illas
242 3315 496 3390 eruditissimas
520 3317 798 3409 disputationes,
839 3326 884 3395 de
914 3326 1054 3409 anima,
1091 3329 1136 3395 de
1183 3326 1381 3397 doctrinam
1394 3319 1634 3394 Christianam
1651 3321 1895 3393 insulsissimis
1912 3320 2058 3409 argutiis
2075 3318 2178 3411 peni·

136 3423 321 3507 sensibus,
344 3420 390 3491 de
400 3419 516 3491 causis
531 3421 792 3514 appetitionum
808 3437 843 3498 ει
857 3426 1065 3510 affectuum,
1091 3429 1136 3497 de
1183 3442 1241 3497 tus
1255 3427 1464 3499 obruerunt.
1522 3420 1710 3496 Eruditam
1734 3417 2005 3513 Philosophiam
2022 3421 2177 3513 requiro,

135 3524 291 3607 noticia,
315 3522 361 3594 de
383 3521 575 3594 voluntate.
633 3519 681 3596 Et
696 3542 905 3617 arroganter
924 3529 1048 3613 saciet,
1072 3531 1136 3622 qui
1184 3553 1258 3599 non
1275 3530 1355 3599 illas
1370 3525 1631 3608 cavillationes,
1657 3526 1788 3618 quibus
1811 3525 1931 3615 nullae
1943 3546 1999 3592 res
2013 3522 2177 3594 subsunt.

136 3653 176 3701 se
193 3626 378 3719 profitetur
392 3622 647 3712 Dialecticum,
673 3628 704 3698 si
726 3630 838 3702 nescit
855 3631 935 3701 illas
951 3655 1135 3705 causarum
1185 3632 1268 3702 ldeo
1292 3630 1366 3700 dixi
1389 3654 1501 3700 uuum
1516 3631 1695 3722 quoddam
1719 3620 1973 3717 Philosophiae
1988 3646 2098 3717 genus
2112 3624 2180 3692 eli·

136 3727 365 3824 partitiones,
398 3750 489 3820 quae
513 3730 705 3801 traduntur
733 3743 871 3804 tantum
903 3734 941 3803 in
964 3729 1137 3829 Physicis,
1183 3734 1336 3826 gendum
1352 3755 1444 3817 esse,
1467 3733 1684 3823 quodquam
1700 3729 1889 3799 minimum
1903 3722 2028 3797 haheat
2045 3721 2179 3817 Sophi-

138 3845 174 3906 et
191 3829 342 3919 intelligi
365 3851 441 3897 non
456 3844 603 3918 possunt
625 3832 694 3902 nisi
711 3858 730 3923 a
748 3830 919 3930 Physicis.
972 3832 1135 3908 Omnino
1182 3838 1303 3921 s'tices,
1327 3850 1361 3906 et
1377 3836 1505 3904 iustam
1520 3829 1727 3904 methodum
1745 3833 1910 3902 retineat:
1937 3831 2017 3899 talis
2028 3843 2079 3899 est
2092 3827 2178 3899 Ari-

137 3948 192 4011 est
211 3933 312 4004 orbis
332 3931 479 4025 quidam
503 3932 651 4020 artium,
681 3959 754 4027 quo
778 3935 930 4009 interae
951 3940 1136 4010 devinctae
1182 3936 1507 4011 stotelisdoctrina.
1559 3936 1629 4007 Sed
1649 3932 1862 4005 huictamen
1881 3933 2026 4001 aliunde
2039 3933 2179 4001 adden·

138 4035 395 4131 copulataeque
412 4047 500 4105 sunt
523 4057 666 4122 omnes,
698 4052 737 4108 ut
761 4040 805 4110 ad
837 4040 995 4130 singulas
1020 4041 1136 4134 perci·
1183 4042 1228 4112 da
1254 4054 1305 4112 εει
1327 4040 1390 4109 illa
1416 4039 1710 4130 praestantissima
1737 4030 1990 4127 Philosophiae
2011 4057 2109 4126 pars,
2132 4034 2178 4102 de

139 4138 309 4233 piendas,
341 4134 454 4207 multa
475 4159 518 4206 ex
540 4135 622 4207 aliis
644 4140 776 4210 assumi
806 4157 981 4232 oporteat:
1027 4168 1136 4239 quare
1184 4143 1341 4214 motibus
1357 4142 1580 4212 coelestibus.
1631 4139 1721 4210 Nam
1747 4140 1902 4233 reliquae
1920 4150 2033 4208 sectae
2052 4137 2178 4228 plenae

139 4236 318 4315 &electae
334 4260 424 4329 opus
439 4251 492 4309 est
507 4250 582 4309 toto
598 4240 661 4310 illo
675 4243 917 4315 doctrinarum
934 4246 1032 4318 orhe.
1183 4263 1266 4317 suut
1282 4240 1519 4335 sophistices,
1553 4258 1586 4313 et
1603 4243 1837 4312 absurdarum
1860 4255 1893 4311 ει
1910 4240 2078 4309 falsarum
2096 4238 2177 4327 opi·

241 4341 324 4412 Non
348 4338 481 4432 opinor
500 4365 708 4437 quenquam
733 4346 823 4415 adeo
850 4346 1024 4418 insulsum
1049 4371 1135 4429 esse,
1182 4349 1354 4430 nionum,
1380 4345 1591 4441 quaeetiam
1609 4345 1927 4415 moribusuocent.
1979 4341 2069 4411 Nam
2095 4339 2178 4409 illae

140 4459 179 4517 ut
196 4469 270 4513 uon
295 4444 573 4529 animadvertat,
609 4468 669 4515 eos
690 4447 751 4540 qui
766 4446 929 4520 instructi
947 4465 1031 4521 sunt
1047 4444 1135 4519 Phi·
1182 4445 1400 4545 hyperbolae
1428 4436 1630 4519 Stoicorum
1654 4459 1738 4517 sunt
1772 4445 1923 4516 omnino
1945 4440 2177 4534 sophisticae,

140 4541 303 4638 losophia
317 4545 463 4630 morali,
489 4547 619 4616 multas
633 4565 748 4639 partes
763 4551 946 4621 doctrinae
962 4549 1136 4623 Christia-
1182 4555 1313 4623 bonam
1330 4551 1592 4632 valetudinem,
1623 4573 1708 4642 opes
1723 4564 1758 4620 et
1777 4547 1908 4618 similia
1928 4570 2001 4614 non
2018 4567 2092 4613 esse
2111 4543 2176 4611 ho-

140 4675 206 4721 nae
222 4647 383 4719 foelicius
401 4661 553 4719 tractare
567 4672 679 4739 posse.
732 4649 822 4721 Nam
841 4676 922 4724 cum
934 4655 1044 4725 multa
1063 4654 1134 4724 sint
1182 4679 1240 4730 na.
1298 4650 1550 4725 Commentitia
1563 4666 1616 4725 εει
1631 4667 1665 4723 ει
1680 4644 1864 4736 ἀπάθεια,
1894 4647 1980 4717 salsa
2005 4662 2040 4717 ει
2055 4644 2177 4737 perni-

138 4751 288 4835 similla,
313 4750 358 4820 de
375 4750 530 4839 legibus,
551 4752 665 4845 deque
681 4753 834 4841 politicis
844 4757 1024 4838 moribus,
1047 4781 1133 4827 coo·
1181 4757 1275 4828 ciosa
1296 4756 1421 4848 opinio
1442 4757 1486 4826 de
1508 4756 1592 4830 sato.
1647 4751 1826 4848 Epicurus
1849 4775 1922 4820 noo
1946 4743 2177 4842 philosopha·

138 4853 327 4939 tractibus,
348 4865 383 4922 et
398 4852 520 4925 multis
533 4852 627 4924 vitae
641 4855 784 4943 officiis,
804 4857 1037 4945 adiuvamur,
1058 4883 1132 4929 non
1182 4874 1260 4946 tur,
1286 4860 1346 4929 sed
1361 4872 1561 4939 scurcatur,
1588 4879 1668 4929 cum
1683 4858 1833 4927 affirmat
1850 4853 1970 4924 omnia
1990 4876 2073 4922 casu
2088 4849 2177 4919 exti-

137 4959 253 5030 solum
279 4953 408 5027 ordine
440 4979 481 5025 ac
514 4951 684 5026 methodo
710 4957 749 5027 in
778 4953 1031 5052 Philosophia,
1071 4962 1130 5031 sed
1182 4963 1281 5034 tisse:
1307 4960 1567 5053 tollitprimam
1589 4985 1747 5046 causam,
1774 4974 1808 5028 et
1822 4954 1986 5027 dissentit
2002 4955 2040 5024 in
2060 4968 2174 5026 totum

136 5062 241 5132 etiam
266 5058 373 5129 rebus
396 5055 482 5149 ipsis
505 5056 697 5148 diligenter
719 5061 913 5154 perceptis;
945 5076 980 5134 ει
1008 5048 1037 5134 ii
1062 5086 1132 5156 qua
1179 5089 1200 5134 a
1230 5087 1313 5134 vera
1342 5058 1576 5159 Physicorum
1610 5062 1783 5133 doctrina.
1849 5058 2033 5149 Fugienda
2062 5065 2177 5125 estet

137 5174 221 5233 scrut
259 5158 465 5245 dissimilia,
517 5161 669 5234 multum
705 5162 794 5234 lucis
828 5165 943 5234 adfert
977 5165 1132 5237 collatio.
1179 5161 1394 5251 Academia,
1419 5190 1510 5260 quae
1526 5189 1601 5236 non
1615 5178 1733 5236 servat
1757 5157 1986 5247 methodum,
2012 5171 2047 5230 et
2067 5154 2176 5227 sumit

136 5262 250 5336 Porro
272 5276 312 5335 ut
329 5262 481 5334 claudus
500 5262 610 5354 pilam
634 5277 746 5349 tenet,
781 5264 831 5338 ita
861 5262 1131 5360 Philosophiam
1178 5269 1247 5339 sihi
1281 5268 1460 5339 licentiam
1502 5264 1772 5338 immoderatam
1815 5265 1935 5336 omnia
1974 5257 2176 5332 evertendi:

136 5366 306 5437 moralem
316 5378 441 5437 tractat
456 5365 503 5450 is,
528 5390 634 5459 quem
643 5362 793 5461 Physica
808 5368 1017 5442 destituunt.
1053 5368 1129 5441 lam
1178 5370 1276 5466 quod
1298 5370 1361 5466 qui
1385 5370 1502 5442 lacere
1524 5370 1688 5456 student,
1720 5369 1787 5441 hos
1815 5389 1957 5439 necesse
1984 5377 2037 5434 est
2065 5359 2175 5430 multa

135 5462 319 5557 historiae,
343 5480 544 5563 temporum
559 5483 677 5542 exacta
692 5469 915 5564 supputatio,
940 5475 1130 5570 requirunt
1177 5467 1370 5570 sophistice
1398 5472 1573 5565 colligere.
1640 5470 1858 5567 Quanquam
1888 5469 1919 5540 is
1955 5465 2017 5561 qui
2049 5465 2175 5535 ducem

1182 2381 1269 2427 voco
1294 2379 1368 2424 non
1390 2355 1507 2424 solum
1531 2355 1637 2424 rudes
1659 2353 1862 2431 literarum,
1895 2365 1935 2421 ut
1967 2364 2049 2420 sunt
2075 2349 2176 2420 Ana-

1182 2458 1373 2551 baptistae,
1396 2460 1455 2525 sed
1471 2457 1577 2528 etiam
1593 2455 1673 2524 illos
1683 2455 1842 2545 ineptos,
1869 2454 2021 2547 quicum
2038 2451 2177 2542 magni-

1182 2562 1244 2632 fice
1260 2560 1506 2642 declamitant,
1531 2573 1650 2629 tammt
1667 2558 1752 2628 certi
1767 2549 1859 2624 nihil
1876 2556 2019 2640 dicunt,
2045 2567 2080 2625 et
2090 2554 2177 2648 quia

1182 2667 1225 2734 ad
1244 2658 1451 2733 methodum
1477 2686 1549 2730 non
1574 2673 1660 2730 sunt
1680 2657 1883 2743 assuefacti,
1911 2669 1946 2727 et
1959 2657 2044 2750 quia
2060 2657 2176 2727 fontes

1182 2791 1301 2837 rerum
1332 2789 1406 2834 non
1429 2764 1514 2834 satis
1536 2775 1676 2845 tenent,
1707 2774 1891 2852 propterea
1917 2759 2000 2853 quia
2024 2782 2105 2829 cum
2136 2756 2176 2827 in

1181 2862 1413 2959 Philosophia
1434 2890 1509 2935 non
1534 2865 1606 2935 sint
1627 2864 1800 2942 instituti,
1834 2886 1910 2933 non
1931 2862 2014 2931 satis
2030 2854 2178 2937 videant

1182 2985 1242 3041 aut
1260 2971 1345 3065 quid
1363 2965 1561 3058 Theologia
1580 2969 1804 3059 profiteatur,
1830 2979 1891 3036 aut
1905 2978 2080 3059 quatenus
2094 2986 2176 3032 cum

1182 3066 1415 3163 Philosophia
1436 3072 1645 3141 consentiat.
