4664 6022
64 296 108 368 a
564 289 727 366 noca.
765 291 839 365 na
877 255 1129 368 srunns
1169 288 1598 372 rnaonootcrs.
2052 301 2103 374 η

65 465 141 559 lpse
162 487 297 554 magno
317 463 430 534 animi
452 464 594 550 dolore,
618 463 712 534 nihil
732 461 1058 537 aliudvideera-
1110 467 1239 538 Oratio
1272 471 1398 539 fusti
1434 474 1601 564 lonae,
1649 468 1814 544 doctoris
1857 468 2099 570 Theologiae,
2166 443 2169 448 ι
2257 566 2262 583 ,

63 566 200 639 demias
223 591 313 648 csse,
342 591 449 661 quam
474 568 605 658 templa
631 562 792 660 Tophet,
826 581 860 638 et
882 569 1057 641 funestam
1368 571 1414 641 de
1434 572 1576 646 studiis
1602 571 1835 671 theologicis.

61 670 221 740 filiorum
229 665 364 738 Ennon
381 669 526 738 vallem:
554 693 700 759 nempe,
718 666 1057 741 exulantibusChri-

60 769 187 843 erinnis
210 770 336 844 literis,
393 768 606 841 Habuerunt
623 767 784 842 Athenae
808 797 849 843 ex
866 770 1057 864 Ariopago,
1107 747 1157 835 Sl
1173 789 1236 857 ego
1247 781 1307 838 au't
1321 771 1473 862 quadam
1484 771 1671 844 foelicitate
1687 773 1838 864 ingenili,
1861 788 1922 846 aul
1936 775 2097 846 doctrina

60 869 189 944 habuit
218 870 348 963 Sparta
386 873 645 962 paedonomos,
689 874 751 966 qui
782 875 1055 949 adulescentiam
1106 879 1212 961 atque
1238 870 1460 964 eloquentia,
1490 877 1548 943 vel
1570 899 1636 944 usu
1662 890 1696 946 et
1717 876 1900 960 exercitio,
1926 889 1987 946 ant
2008 903 2097 970 qua-

56 972 206 1073 pptimis
223 974 424 1066 quibusque
440 975 555 1043 modis
578 975 795 1045 formabant:
822 973 870 1045 Et
887 971 924 1043 hi
941 999 1055 1070 qnan-
1106 994 1246 1064 cunque
1269 974 1509 1047 mediocritate
1533 978 1685 1046 oratoria
1711 1001 1821 1046 essem
1836 978 1941 1069 paulo
1961 979 2097 1050 instro-⁴

59 1092 94 1148 to
117 1074 287 1144 foelicius
307 1069 454 1144 Ethnici
483 1077 702 1146 iuventutem
735 1076 915 1163 erudiere,
949 1102 1054 1171 quam
1106 1072 1196 1141 ctior
1215 1076 1259 1143 ad
1284 1077 1553 1146 declamandum
1577 1102 1595 1146 e
1619 1080 1762 1170 publico
1786 1092 1968 1167 suggestu,
1997 1103 2095 1149 sum-

62 1190 268 1247 mariorum
290 1189 489 1266 temporum
508 1175 741 1247 Academiae?
791 1178 892 1267 Quin
912 1180 1055 1270 vosipsi,
1104 1175 1172 1241 mis
1196 1176 1334 1245 viribus
1359 1173 1416 1247 hic
1441 1179 1702 1266 incumberem,
1727 1177 2094 1270 utTheologicastn-

66 1276 210 1349 studiosi
232 1276 397 1362 iuvenes,
429 1302 502 1347 rem
519 1279 704 1370 capessite,
735 1281 869 1351 favebit
884 1282 931 1351 ita
949 1305 1055 1351 cona·
1104 1275 1162 1345 (lla
1177 1273 1238 1372 (de
1252 1303 1405 1370 quorum
1422 1281 1591 1367 dignitate
1618 1278 1674 1351 hic
1697 1307 1760 1372 pro
1787 1306 1886 1351 more
1902 1284 2094 1353 dicendum

63 1382 152 1450 tibus
168 1378 315 1464 vestris,
333 1392 381 1449 ut
393 1379 518 1464 aetati,
540 1382 698 1451 coelestis
713 1383 872 1473 spiritus:
899 1379 1056 1453 etChri-
1104 1373 1172 1472 est)
1200 1381 1365 1450 omnibus
1396 1384 1578 1466 redderem
1605 1408 1712 1475 quam
1739 1384 2093 1458 commendatissima.

59 1496 148 1552 uum
175 1494 354 1573 nusquam
370 1481 570 1551 evidentius
593 1506 813 1574 expressum,
840 1508 943 1578 quam
960 1483 1054 1553 Pau·
1102 1475 1207 1549 Nunc
1228 1505 1307 1550 cum
1324 1483 1424 1552 vobis
1439 1508 1515 1553 mea
1533 1486 1685 1554 tenuitas
1705 1510 1779 1553 non
1799 1485 1918 1574 ignota
1934 1486 1997 1568 sit,
2022 1486 2093 1553 ini·
2187 1556 2190 1561 ,

57 1582 140 1653 linis
156 1582 292 1664 literis,
317 1583 457 1651 assiduo
477 1586 778 1676 contemplamini.
832 1584 961 1684 Nullus
976 1583 1052 1655 Deo
1104 1579 1154 1649 tio
1180 1604 1283 1669 rogo,
1318 1607 1383 1667 ne,
1417 1584 1447 1652 si
1471 1586 1590 1654 forsan
1616 1589 1794 1671 ubertate,
1826 1588 1927 1677 copia
1949 1586 2031 1670 illa,
2058 1600 2093 1658 et

56 1685 192 1776 gratior
222 1683 356 1764 cultus,
395 1685 536 1773 nullum
564 1688 674 1776 magis
709 1689 807 1780 pium
841 1689 1051 1779 exemplum,
1102 1683 1290 1772 splendore
1303 1686 1490 1770 orationis,
1513 1689 2093 1758 cuieruditissimaeaurcsvestrae

56 1790 165 1881 quadr
187 1784 227 1853 in
249 1785 326 1874 pias
347 1785 467 1855 literas
492 1787 583 1857 velle
607 1788 862 1863 transformari.
920 1786 966 1859 Et
996 1812 1052 1858 res
1102 1798 1257 1872 assuetae
1287 1800 1390 1866 sunt,
1424 1812 1529 1880 quem
1549 1784 1608 1858 hic
1631 1789 1729 1859 locus
1754 1790 1904 1859 illustris
1931 1803 2093 1877 aeaego..
2209 1780 2222 1807 ’

56 1890 131 1979 ipsa
150 1887 262 1956 semel
280 1899 430 1970 tentata,
462 1891 536 1956 suis
559 1913 622 1958 vos
648 1892 822 1961 illecebris
850 1893 899 1960 ita
928 1891 1051 1981 capiet,
1102 1899 1260 1955 mentum
1284 1889 1529 1975 gravissimum
1554 1893 1740 1983 deposcere
1764 1893 1949 1974 videntur,
1983 1890 2092 1959 desti-

56 1991 274 2060 utdeserere
292 2011 365 2056 non
387 1988 507 2061 libeat.
559 1988 650 2060 Nam
670 2016 750 2061 cum
766 2017 829 2084 per
847 2016 920 2060 sese
936 1994 1051 2061 bona·
1101 2002 1199 2072 tnar,
1225 1988 1517 2060 existimationem
1544 1993 1582 2061 id
1607 1993 1845 2063 sanctissimae
1861 1992 2091 2087 professionis

56 2114 137 2160 mm
161 2113 282 2159 rerum
309 2091 463 2180 cognitio
486 2093 642 2162 iucunda
668 2094 732 2177 sit,
766 2089 1049 2164 Christianarum
1102 2084 1356 2180 theologicae,
1380 2117 1486 2185 quam
1502 2095 1658 2163 mirificis
1672 2094 1853 2179 laudibus,
1878 2095 2002 2163 divino
2024 2094 2091 2162 ali·
2207 2101 2210 2105 ’

36 2236 39 2245 ·
59 2192 162 2261 etiam
178 2190 345 2261 salutaris
359 2206 430 2276 est,
454 2207 495 2263 ut
510 2190 603 2262 nihil
619 2195 777 2264 dubitem
795 2196 916 2265 multis
931 2196 1050 2263 nomi·
1100 2214 1172 2281 quo
1185 2215 1265 2273 ore,
1291 2192 1440 2261 alicuius
1458 2219 1540 2263 vere
1555 2196 1694 2278 diserti,
1721 2197 1819 2264 omni
1837 2195 1997 2264 omnium
2018 2196 2091 2263 lin-

56 2294 162 2362 nibus
184 2292 481 2363 iucundissimum
504 2296 580 2364 fore
595 2294 697 2365 Pauli
713 2296 889 2382 studium,
915 2297 978 2366 ubi
994 2321 1048 2365 se-
1099 2313 1246 2379 guarum
1262 2315 1370 2375 sono,
1396 2295 1434 2362 in
1450 2297 1588 2366 coelum
1611 2297 1688 2367 tolli
1705 2299 1882 2387 oportuit,
1910 2298 2004 2386 apud
2026 2318 2090 2365 vos

58 2395 125 2464 mel
141 2395 396 2464 delibaveritis·
447 2393 556 2465 Fama
578 2410 648 2482 est,
674 2397 883 2492 Aegyptios,
910 2412 1047 2486 gentem
1099 2394 1297 2463 imminuat.
1348 2393 1486 2481 Meam,
1511 2422 1624 2466 meam
1641 2398 1763 2469 scitote
1786 2422 1859 2467 esse
1875 2399 2032 2488 culpam,
2058 2397 2089 2465 si

58 2497 131 2565 sine
147 2496 310 2584 exemplo
325 2497 623 2587 superstitiosam,
649 2523 743 2568 novo
760 2502 951 2592 quotannis
967 2523 1048 2568 vere
1098 2518 1172 2562 rem
1197 2495 1340 2565 coelesti
1363 2499 1564 2585 praeconio·
1580 2501 1741 2590 dignam,
1772 2500 1901 2589 frigido
1927 2499 2088 2568 encomio

58 2599 172 2689 legum
189 2622 231 2667 ac
248 2598 432 2667 literarum
449 2620 593 2668 suarum
611 2602 727 2670 autori
740 2601 919 2670 Mercurio
932 2626 1048 2694 quon·
1097 2596 1296 2677 celebraro,
1324 2613 1382 2668 aut
1408 2624 1481 2668 non
1499 2596 1576 2685 his,
1608 2602 1738 2695 quibus
1761 2615 2088 2685 meretursumma-

58 2701 136 2769 dam
154 2699 306 2768 solenne
328 2723 467 2769 merum
485 2701 627 2781 fecisse,
652 2704 919 2774 multitudinem
938 2703 1047 2772 undi·
1096 2721 1176 2766 rum
1192 2699 1339 2768 laudum
1355 2700 1571 2790 insignibus,
1598 2726 1780 2771 ornavero.
1833 2698 2088 2792 Theologicam

58 2825 123 2895 que
136 2801 379 2871 confluentem
394 2801 537 2892 publica
551 2804 773 2895 epulatione,
798 2806 903 2874 melle
924 2806 1048 2874 ficum-
1097 2799 1350 2888 professionem
1368 2804 1479 2872 nostis
1496 2827 1569 2874 esse
1585 2804 1759 2873 eiusmodi
1775 2803 1990 2886 doctrinam,
2018 2821 2087 2895 qua

56 2927 122 2996 que
151 2918 350 2993 operatum·
414 2902 513 2973 Sacri
546 2919 755 2975 vetustatem
792 2907 881 2977 ritus
913 2907 1046 2995 arguit:
1096 2900 1134 2968 in
1157 2898 1316 2970 Ecclesia
1338 2905 1485 2974 docetur
1510 2919 1544 2976 et
1570 2906 1718 2975 discitur
1742 2929 1823 2974 vera
1854 2905 2009 2993 cognitio
2031 2926 2088 2973 sa-

56 3020 189 3075 namet
214 3005 423 3083 arrreoillo‚
448 3007 708 3098 quodvocant,
734 3009 871 3093 seculo,
903 3008 1046 3099 publica
1098 3003 1250 3092 pientiae
1265 3019 1298 3074 et
1314 3005 1595 3076 voluntatisDei.
1646 3006 1829 3097 Scriptura
1844 3007 1938 3075 enim
1955 3019 2088 3088 sancta,

56 3107 125 3174 fere
140 3105 328 3190 convivia,
358 3104 528 3176 sacrificia
550 3108 667 3195 fuere,
691 3124 728 3179 et
743 3111 881 3200 opimae
897 3113 1045 3178 deorum
1097 3128 1201 3195 quam
1225 3127 1244 3172 a
1270 3104 1501 3191 Patriarchis,
1533 3105 1721 3198 Prophetis
1746 3107 1974 3198 etApostolis
1989 3130 2087 3174 acce-

56 3202 190 3277 hostiae
213 3207 285 3275 mel
308 3232 348 3276 ac
372 3208 476 3293 ficus,
510 3234 662 3301 quorum
685 3235 789 3280 usum
812 3213 942 3281 deinde
958 3225 993 3281 et
1008 3211 1046 3279 in
1098 3206 1230 3295 pimus,
1257 3231 1363 3298 quam
1380 3233 1451 3277 non
1470 3204 1621 3278 humana
1641 3211 1842 3293 voluntate,
1868 3209 1927 3278 sed
1946 3204 2086 3298 (utPe-

54 3301 225 3388 πελάνοις
239 3309 409 3381 mansisse
422 3310 579 3384 tradunt.
630 3311 729 3381 lnter
742 3314 958 3403 epulandum
973 3313 1046 3380 lae-
1096 3321 1171 3376 trus
1193 3306 1257 3399 ait)
1286 3307 1423 3399 Spiritu
1451 3329 1572 3381 sancto
1604 3311 1817 3400 inspirante,
1852 3310 2087 3400 prodiderunt

55 3425 107 3482 tae
127 3410 235 3480 voces
258 3409 382 3480 iactari
403 3411 548 3496 solitae,
582 3425 617 3482 et
641 3414 742 3505 qnasi
766 3437 877 3505 paean
900 3414 1045 3506 quidam
1097 3409 1207 3476 sancti
1222 3404 1289 3476 Dei
1306 3404 1486 3489 homines,
1513 3407 2085 3502 quaetotumhocdoctrinaege-

56 3511 237 3583 Mercurio
250 3513 403 3592 mutari,
427 3514 634 3606 neutiquam
652 3515 873 3586 inconditum
888 3537 1044 3584 carmen:
1096 3530 1164 3576 nus
1194 3504 1310 3602 (quod
1339 3506 1573 3599 'l‘heologiam
1609 3509 1793 3599 vocamus)
1826 3509 2083 3599 complectitur,

53 3609 171 3713 γλυκὺ
196 3607 221 3706 ἡ
250 3607 418 3708 ἀλήθεια.
477 3613 557 3702 Qua
583 3640 666 3685 voce
690 3612 784 3686 haud
810 3619 958 3686 obscure
983 3618 1040 3683 de-
1096 3610 1375 3692 totaeotendit,
1402 3614 1443 3679 ad
1462 3608 1557 3680 hamc
1572 3613 1862 3705 scopumdirecta
1877 3624 1949 3696 est,
1971 3625 2012 3681 ut
2027 3611 2086 3678 in-

55 3715 201 3786 clamis
223 3705 423 3808 Aegyptus,
456 3740 562 3808 quam
585 3731 685 3806 grato
708 3734 848 3811 pectore
873 3717 1045 3788 Mercurii
1095 3706 1450 3801 corriprehcnsibilem
1475 3715 1592 3798 illam,
1625 3728 1659 3783 et
1688 3713 1861 3784 infinitam
1889 3706 2084 3783 bonitatem

56 3817 195 3908 legeset
211 3816 372 3889 instituta
389 3818 569 3908 complexa
590 3820 705 3890 fuerit.
756 3818 894 3890 Eodem
913 3842 1045 3912 paeane
1095 3838 1135 3882 ac
1158 3813 1435 3882 misericordiam
1458 3815 1524 3886 Dei
1548 3818 1670 3885 doceat
1696 3840 1761 3885 nos
1786 3838 2011 3903 cognoscere,
2044 3825 2086 3882 ut

56 3943 179 4008 magna
205 3913 294 3988 mihi
318 3942 397 4010 spes
422 3933 493 4004 est,
526 3918 628 3990 Pauli
652 3923 850 3992 doctrinam
870 3946 950 4006 vos,
981 3921 1045 3990 nbi
1095 3915 1132 3982 in
1158 3910 1224 3983 hae
1256 3915 1326 3985 vita
1352 3917 1504 4006 primum
1535 3917 1572 3984 in
1598 3918 1705 3986 verbo
1732 3930 1766 3986 et
1788 3916 2084 4007 promissionibus

55 4021 341 4112 degustaveritis,
374 4022 624 4096 celebraturus.
693 4022 761 4094 Cui
791 4025 884 4093 enim
907 4023 1045 4106 iustius,
1096 4015 1228 4085 divinis
1244 4013 1627 4107 lideapprehcndanms
1639 4019 1876 4106 cognitionem
1892 4015 2084 4108 sapientiae

56 4148 157 4216 quam
173 4123 238 4215 qui
253 4117 474 4208 Christiana,
503 4129 696 4219 eademque
712 4129 843 4215 optime
863 4140 897 4195 et
912 4125 1046 4214 gratio-
1095 4130 1127 4186 ct
1147 4118 1341 4187 voluntatis
1356 4117 1433 4189 Dei.
1487 4118 1626 4189 Deinde
1650 4133 1684 4189 ct
1709 4120 1745 4186 in
1764 4119 2084 4187 omnibuscreatu-

55 4225 188 4295 siccisne
204 4225 324 4309 docet,
348 4225 527 4295 decantari
544 4241 649 4321 queat
665 4223 724 4297 hic
742 4225 917 4322 hymnus?
953 4231 1045 4323 ytv-
1094 4219 1164 4302 ris,
1187 4219 1305 4298 coelo,
1330 4234 1439 4304 terra,
1464 4221 1573 4303 mari,
1598 4233 1630 4289 ct
1644 4215 1710 4288 hac
1727 4234 1797 4290 tota
1810 4221 1934 4288 mundi
1949 4214 2084 4287 machi·

55 4322 98 4399 atti
120 4321 143 4420 ἡ
166 4318 338 4419 ἀλήθεια.
389 4324 485 4402 Dixi.
1095 4345 1158 4400 na,
1184 4323 1342 4411 adeoque
1368 4323 1501 4411 proprii
1520 4323 1677 4412 corporis
1694 4321 1805 4390 nostri
1831 4320 1987 4390 mirabili
2003 4320 2081 4407 opi·

1093 4420 1192 4503 facio,
1226 4421 1400 4489 infinitam
1427 4423 1525 4491 illam
1553 4437 1586 4492 et
1612 4423 1819 4491 immensam
1843 4423 1912 4491 Dei
1941 4420 2083 4489 bonita-

1093 4536 1181 4605 tem,
1212 4522 1419 4615 quotidiana
1448 4524 1636 4605 miracula,
1676 4537 1709 4592 et
1733 4523 1964 4612 praesentiam
1990 4520 2082 4587 divi-

1093 4648 1195 4703 nam,
1222 4647 1438 4717 operumque
1448 4626 1522 4694 eius
1537 4625 1834 4714 magnitudinem,
1859 4636 1910 4704 et,
1936 4619 2082 4690 utPau-

1093 4725 1149 4793 lus
1172 4725 1305 4816 inquit,
1338 4726 1584 4818 multipliciter
1615 4725 1748 4794 variam
1781 4723 1987 4814 sapientiam
2015 4720 2082 4789 Dei

66 4806 129 4880 ΝΟ·
146 4805 183 4883 5·
1092 4827 1433 4908 animadvertamus,
1467 4831 1562 4921 quod
1589 4828 1665 4919 ipse
1690 4827 1820 4895 scilicet
1837 4823 1969 4894 nonsit
1984 4818 2082 4891 Deus

59 4922 191 4951 Μ
350 4930 358 4939 ’
1091 4927 1257 5015 alonge,
1291 4929 1347 4996 cui
1374 4952 1448 4998 non
1468 4930 1540 4998 sint
1563 4922 1947 5005 curaereshumanae,
1974 4922 2081 5021 (sicut

1093 5028 1313 5098 imbecillitas
1330 5024 1505 5100 humanae
1520 5029 1668 5099 rationis
1684 5041 1823 5119 peccato
1838 5027 1987 5116 originis
2001 5050 2081 5094 cor-

1091 5140 1214 5221 ruptae
1228 5127 1397 5223 somniat)
1407 5132 1704 5224 quemadmodum
1722 5142 1755 5199 et
1768 5129 1946 5199 Homerus
1960 5125 2082 5204 Poeta,

257 5060 333 5146 Dc
358 5060 526 5146 studiis
555 5056 833 5177 theologicis.

116 5256 199 5330 apae
215 5255 290 5310 cnr.
311 5251 381 5324 aaa.
400 5272 426 5319 ρ.
440 5252 499 5322 aa,
523 5252 551 5305 a.
571 5252 693 5307 ncesse.
710 5250 743 5304 r.
759 5251 829 5371 ''rl'
842 5251 886 5305 sa.
919 5250 949 5304 tn
971 5250 1039 5306 se-
1091 5232 1135 5299 de
1153 5228 1235 5299 love
1250 5234 1344 5321 apud
1360 5228 1555 5322 Aethiopas
1576 5232 1806 5321 convivante,
1833 5254 1908 5300 eam
1932 5226 2080 5298 hebem-

149 5318 1039 5450 :aaaastrazsstastuut·assume·
1090 5333 1210 5400 arnam
1231 5328 1467 5403 humanarum
1487 5335 1660 5404 mentium
1684 5346 1796 5413 taxat.
1828 5333 1887 5400 sed
1904 5326 1999 5399 Deus
2016 5332 2080 5397 ac-

332 5427 341 5446 ·
990 5410 1037 5463 gae

147 5481 195 5520 ιι.
212 5460 293 5516 1521.
1090 5434 1236 5503 modum
1252 5435 1358 5506 nobis
1372 5459 1556 5529 praesens,
1581 5436 1672 5506 sicut
1691 5432 1888 5504 Hieremias
1903 5426 2079 5522 Propheta
