4664 6022
126 315 144 385 ι
543 305 701 385 DECL.
740 304 816 383 DE
849 303 1051 385 DICTO:
1089 305 1177 383 SlS
1214 303 1521 384 INTENTUS
1554 329 1640 388 arc.
1972 384 1981 415 ,
2043 315 2120 397 782

119 509 163 567 e,
198 498 239 556 ut
266 481 382 575 ignari
406 481 653 555 exercitiorum
680 482 785 568 fidei,
817 482 980 554 nesciunt
1009 506 1068 552 ac·
1118 492 1161 553 ut
1172 474 1431 554 Demosthenes
1445 481 1553 553 dixit:
1579 480 1660 552 Non
1678 484 1717 555 in
1735 510 1776 556 eo
1792 487 1984 579 periclitari
2001 486 2115 562 Grae-

119 588 324 659 iescendum
350 609 424 657 esse
445 584 484 655 in
505 586 590 678 ipsis
612 585 926 679 promissionibus,
951 598 986 655 et
1008 608 1069 654 er·
1120 585 1195 655 ciae
1209 584 1377 669 salutem,
1403 583 1433 652 si
1452 609 1598 656 manum
1617 581 1686 657 huc
1703 591 1757 658 vel
1773 591 1859 662 illuc
1872 594 2029 664 verterit.

119 693 279 763 ctandam
310 713 384 760 esse
411 686 669 778 mitigationem
703 688 899 774 malorum,
937 687 1068 758 fiducia
1223 685 1292 757 Sed
1318 687 1474 776 prolecto
1498 688 1731 779 vituperanda
1756 706 1807 763 est
1832 696 2032 784 arrogantia
2055 719 2117 765 eo·

121 793 335 865 sericordiae
352 787 419 860 Dei
436 791 473 860 in
492 791 787 882 promissionibus
804 804 976 863 ostensae.
1022 785 1070 860 Et
1119 813 1219 873 rum,
1245 789 1306 881 qui
1318 802 1456 859 tanturn
1471 790 1623 879 ingeniis
1637 794 1839 880 confidunt,
1860 809 1901 867 ut
1914 792 2117 867 exhausisse

119 896 215 967 inico
237 919 337 965 more
358 893 441 964 satis
458 917 530 963 esse
548 905 693 984 putant,
721 893 751 963 si
767 917 883 963 mores
897 891 1070 964 mediocri
1092 854 1097 945 l
1119 916 1156 962 se
1187 891 1395 982 sapientiam
1430 891 1636 962 divinorum
1680 895 1854 967 librorum
1894 898 2116 983 existiment,

119 998 260 1090 tciplina
274 1010 416 1087 regant,
452 996 595 1066 interim
611 996 717 1065 corda
738 1010 820 1064 sunt
839 996 915 1065 sine
940 995 1009 1065 fide
1035 1006 1070 1067 et
1118 1005 1306 1087 postquam
1324 1016 1382 1063 eos
1400 993 1456 1063 bis
1472 1008 1532 1066 aut
1548 1009 1601 1067 ter
1616 999 1852 1088 perlegerunt.

119 1126 175 1172 sua
191 1099 425 1171 dubitatione.
468 1098 710 1187 Quiddicam,
732 1097 937 1188 intelligunt
953 1099 1067 1169 bonae
1218 1091 1398 1165 Ecclesiae
1433 1097 1594 1167 doctrina
1627 1099 1671 1167 de
1703 1102 1824 1171 multis
1849 1102 1986 1192 magnis
2011 1105 2116 1172 rebus

119 1216 208 1274 entes
224 1227 298 1272 non
314 1201 463 1272 omniuo
482 1200 589 1270 rudes
604 1199 850 1271 exercitiorum
865 1199 959 1269 fidei.
1119 1197 1370 1279 concionatur,
1395 1222 1485 1290 quae
1501 1224 1575 1270 nou
1592 1201 1710 1269 subito
1727 1203 1867 1292 penitus
1881 1200 2116 1295 comprehen-

174 1299 345 1376 adhunc
371 1303 479 1393 igitur
494 1300 600 1371 finem
627 1302 731 1372 lectio
749 1315 783 1372 et
798 1302 960 1374 doctrina
978 1302 1069 1372 rele-
1119 1301 1157 1369 di
1183 1315 1348 1390 possunt,
1381 1301 1510 1370 deinde
1531 1315 1565 1373 et
1587 1303 1715 1374 instrui
1737 1321 1871 1377 mentes
1885 1319 2043 1397 oportet,
2069 1309 2113 1375 ad

119 1424 214 1493 ntur,
239 1406 339 1476 utin
364 1405 488 1489 nobis,
515 1428 596 1475 cum
622 1404 862 1476 consolatione
889 1405 1069 1495 erigimur,
1119 1402 1306 1472 refutanda
1319 1403 1406 1472 falsa
1420 1404 1594 1494 dogmata
1636 1403 1811 1477 htautem
1826 1433 1923 1477 arma
1939 1434 1977 1478 ιιι
1992 1433 2114 1501 prom

128 1535 211 1582 vera
233 1507 472 1601 poenitentia,
498 1519 532 1576 et
554 1506 592 1575 in
611 1506 778 1577 omnibus
798 1507 984 1625 periculis,
1011 1530 1069 1576 ac·
1118 1519 1181 1596 ptu
1207 1498 1356 1588 habeas,
1390 1528 1529 1576 necesse
1554 1519 1605 1577 est
1628 1508 1851 1580 familiariter
1872 1535 1975 1581 nosse
1997 1533 2113 1581 sacros

119 1615 244 1705 udatur
259 1612 364 1695 fides
386 1622 421 1679 et
436 1603 650 1679 inchoentur
666 1609 736 1679 vcta
755 1623 788 1678 et
803 1608 937 1678 rustrua
955 1621 1068 1679 aeter
1092 1606 1240 1679 tlibros.
1298 1604 1484 1677 Praeterea
1506 1608 1718 1681 unicuilibet
1747 1611 1914 1703 privatim
1940 1634 2042 1733 opos·
2054 1626 2117 1699 est,

124 1717 254 1803 ,sicut
279 1713 541 1804 scriptumest:
568 1707 1003 1795 Haecestvitaaeterna,
1029 1723 1070 1781 ut
1092 1684 1163 1779 ad
1189 1730 1273 1778 suae
1297 1708 1376 1778 fidei
1401 1710 1729 1797 confirmationem,
1762 1715 1884 1785 crebra
1903 1715 2114 1806 repetitione

119 1829 307 1890 noscantte
321 1816 436 1884 solum
454 1834 526 1882 esse
539 1836 662 1883 verum
673 1810 809 1894 Deum,
836 1827 868 1884 et
879 1837 985 1907 quern
999 1813 1068 1882 mi·
1119 1834 1242 1880 eorum
1258 1811 1561 1897 testimoniorum
1587 1838 1676 1906 quae
1693 1767 1932 1908 planissima
1914 1829 1948 1887 et
1962 1841 2114 1893 maxime

119 1920 148 1994 ti
170 1919 284 1991 lesum
300 1940 373 1986 esse
389 1910 585 1987 Christum.
1118 1911 1303 2005 perspicua
1324 1927 1418 1984 stant.
1479 1911 1536 1984 Ad
1561 1908 1646 1985 haec
1666 1918 1784 1986 omnia
1800 1942 1889 2010 opus
1908 1931 1959 1990 est
1975 1919 2115 1988 assidua

123 2104 129 2111 Ι
173 2019 374 2095 Audivistis
387 2017 648 2089 enarrationem
669 2016 755 2095 dicti
772 2015 933 2088 Paulini:
965 2014 1069 2089 Nunc
1119 2016 1283 2086 lectione.
1338 2013 1499 2111 Cumque
1517 2031 1652 2088 mentes
1668 2013 1845 2093 humanae
1861 2020 1935 2091 sere
1956 2020 2115 2115 quotidie

120 2148 138 2197 s
160 2121 333 2197 adhortor
349 2136 384 2193 et
408 2122 566 2192 obtestor
591 2135 735 2212 propter
753 2120 903 2211 gloriam
919 2116 1008 2206 Dei,
1035 2133 1070 2191 et
1120 2115 1224 2188 novis
1238 2117 1355 2188 modis
1369 2133 1639 2211 oppugnentur,
1665 2120 1818 2191 subinde
1838 2123 1941 2193 novis
1957 2147 2116 2193 commo-

119 2231 222 2300 lutem
246 2223 442 2309 Ecclesiae,
470 2236 510 2293 ut
531 2217 617 2293 huic
642 2223 767 2294 divino
788 2236 973 2315 praecepto
1004 2224 1070 2292 oh-
1119 2219 1380 2290 arefactionibus
1405 2235 1546 2313 pectora
1563 2221 1757 2293 munienda
1774 2237 1866 2294 sunt.
1918 2220 1966 2295 Et
1982 2225 2116 2295 abeunt

119 2329 295 2424 nperetis,
328 2339 363 2398 et
385 2327 424 2396 in
446 2323 575 2398 studiis
599 2326 724 2396 vestris
750 2319 842 2395 hanc
864 2348 1070 2395 commone·
1120 2320 1236 2394 studia
1253 2321 1290 2391 in
1303 2345 1432 2397 mores.
1485 2322 1604 2413 erare
1620 2325 1732 2394 animi
1748 2348 1888 2413 eorum,
1913 2326 1975 2420 qui
1991 2326 2115 2397 lectio-

118 2433 265 2504 :tionem
279 2428 497 2522 sequamini,
522 2441 562 2498 ut
573 2441 607 2498 et
620 2427 742 2519 legatis
756 2428 867 2497 libros
876 2450 1010 2512 sacros,
1034 2441 1070 2497 et
1119 2449 1165 2494 ne
1182 2424 1321 2495 assidua
1346 2426 1557 2512 excitantur,
1583 2427 1695 2515 magis
1710 2427 1902 2499 flectuntur
1924 2430 1969 2499 ad
1983 2428 2115 2520 cogita-

119 2536 159 2605 le
183 2531 382 2603 doctrinam
398 2529 570 2619 integram
586 2525 764 2599 Ecclesiae
785 2528 949 2615 sumatis,
973 2553 1070 2599 eam·
1119 2527 1252 2600 tionem
1269 2528 1313 2596 de
1328 2522 1427 2620 Deo,
1453 2528 1544 2600 etad
1560 2531 1721 2600 omnium
1739 2530 1910 2602 virtutum
1929 2530 2055 2601 osbcia.

119 2661 144 2705 ,ε
160 2655 339 2715 exercere,
366 2631 403 2701 in
419 2632 644 2702 consolandis
657 2633 758 2703 vobis
776 2632 902 2703 etaliis
916 2630 1068 2702 discatis.
1220 2625 1385 2727 Denique
1407 2655 1617 2702 moveamur
1640 2630 1744 2702 Pauli
1764 2633 1878 2719 dicto,
1911 2633 1972 2728 qui
1999 2627 2059 2703 hic
2080 2645 2116 2705 et

179 2732 321 2803 Nullius
341 2733 394 2804 rei
415 2758 518 2819 cura,
550 2736 672 2805 nullus
695 2736 815 2820 labor,
849 2735 887 2803 in
912 2729 978 2803 hac
994 2747 1067 2805 tota
1118 2731 1350 2802 attentionem
1386 2745 1421 2802 et
1443 2733 1684 2806 assiduitatem
1712 2735 1901 2826 praecipit,
1934 2760 2015 2807 curn
2046 2736 2112 2806 ait:

119 2852 148 2910 ta
162 2836 302 2918 utilior,
327 2851 388 2909 aut
406 2838 516 2928 magis
532 2839 748 2908 necessarius
766 2850 834 2920 est,
860 2861 967 2930 quam
984 2832 1069 2907 haec
1119 2832 1177 2905 Sis
1194 2833 1352 2904 intentus
1366 2833 1522 2906 lectioni.
1574 2831 1622 2906 Et
1638 2835 1725 2905 alibi
1738 2837 1873 2930 inquit:
1900 2835 2025 2909 Sermo
2046 2837 2114 2911 Dei

120 2937 256 3007 ctriuae
271 2939 427 3008 coelestis
438 2939 639 3018 meditatio,
666 2963 756 3031 quae
771 2952 806 3009 et
821 2952 955 3009 certum
967 2962 1070 3028 prae·
1118 2936 1262 3005 abunde
1277 2937 1372 3007 inter
1389 2961 1450 3006 vos
1467 2931 1623 3023 habitet,
1646 2952 1680 3009 ct
1695 2940 1797 3009 vobis
1810 2939 1996 3011 familiaris
2016 2941 2073 3013 sit.

119 3040 205 3109 lium
225 3053 277 3108 est
299 3040 392 3108 vitae
409 3039 619 3128 praesentis,
645 3051 680 3107 et
693 3040 812 3107 aditus
828 3051 880 3106 est
896 3042 940 3105 ad
956 3052 1070 3107 aeter·
1221 3032 1341 3105 Huius
1356 3036 1443 3105 antri
1457 3038 1671 3109 calamitates
1688 3041 1792 3109 etiarn
1808 3064 1874 3111 nos
1889 3044 2116 3126 admoneant,

119 3165 155 3210 ιιι
180 3140 350 3216 salutem,
378 3136 710 3230 ntPaulusinquit‚
743 3134 979 3226 Evangelium
997 3161 1070 3207 esse
1119 3149 1159 3206 ut
1175 3159 1213 3202 ιιι
1228 3136 1338 3204 totius
1354 3137 1446 3206 vrtae
1461 3139 1737 3225 gubernatione,
1763 3155 1799 3211 et
1813 3167 1851 3209 ιιι
1870 3142 2033 3212 officio
2004 3165 2115 3214 simus

119 3241 268 3315 tentiam
284 3239 352 3312 Dei
375 3241 420 3309 ad
442 3241 704 3310 salutemomnr
694 3238 891 3311 credenti.
1033 3294 1039 3302 .
1120 3236 1374 3326 diligentiores.
1425 3234 1537 3329 Saepe
1553 3234 1620 3309 hoc
1635 3264 1729 3310 anno
1747 3242 1791 3310 ad
1810 3266 1906 3312 aram
1922 3239 2115 3340 lachrymis

133 3342 249 3415 Sed
264 3342 532 3434 patrocinantur
545 3340 656 3433 alequa
669 3363 752 3410 suae
766 3363 946 3430 ignaviae
965 3351 1070 3410 etsa-
1120 3352 1155 3409 et
1176 3337 1340 3429 precibus
1363 3362 1484 3458 pacem
1508 3341 1715 3430 petivimus,
1753 3356 1787 3415 et
1813 3343 1987 3434 mitigavit
2017 3345 2114 3416 Deus

119 3467 218 3516 ¹»esse
242 3445 386 3530 dicunt,
418 3446 525 3513 semel
547 3458 652 3538 atque
676 3443 804 3513 iterum
823 3443 938 3532 legere
954 3464 1071 3511 sacros
1121 3463 1262 3534 poenas.
1315 3438 1385 3512 Sed
1411 3441 1475 3512 erit
1499 3443 1699 3513 durabilior
1715 3467 1801 3535 pax,
1824 3470 1854 3515 aa
1868 3470 1985 3517 mores
2000 3446 2114 3518 nostrr

119 3568 204 3633 saus,
243 3549 382 3638 saepius
411 3549 533 3617 eadem
565 3546 738 3636 relegere,
779 3545 936 3615 videri
926 3567 1070 3615 inanem
1121 3555 1224 3614 erunt
1243 3544 1491 3628 modestiores,
1517 3560 1551 3617 et
1573 3546 1603 3615 si
1623 3546 1835 3635 cogitatione
1854 3549 2037 3620 doctrinae
2052 3571 2114 3642 pe-

119 3645 328 3747 moioys'otv
352 3672 436 3719 esse·
1121 3660 1218 3717 ctora
1246 3659 1366 3714 nostra
1400 3647 1443 3715 ad
1480 3648 1681 3720 ardentiora
1716 3663 1798 3721 vota
1827 3650 2113 3724 exuscitabimus.

143 3796 150 3807 ·
180 3749 322 3824 Utinam
344 3749 447 3821 multi
461 3750 534 3823 sint
553 3752 615 3845 qui
629 3752 737 3821 semel
753 3762 859 3844 atque
873 3748 1002 3820 iterum
1021 3748 1071 3820 ita
1120 3747 1342 3838 Languidior
1363 3760 1415 3818 est
1436 3750 1533 3818 enim
1549 3749 1666 3820 omnis
1681 3752 1856 3843 precatio,
1888 3751 1965 3823 sine
1980 3755 2114 3826 doctri·

119 3866 194 3946 gant
220 3877 344 3923 omnes
381 3854 492 3923 libros
521 3849 747 3946 propheticos
774 3866 810 3925 et
837 3853 1071 3945 apostolicos,
1122 3849 1428 3939 nae'eogitatione.
1479 3848 1669 3936 Econtrs,
1691 3852 1721 3922 si
1738 3866 1799 3923 aut
1813 3854 1904 3925 ebrii
1921 3857 2115 3947 voluptati·

128 3980 269 4041 veram,
295 3955 470 4040 nativam,
495 3969 529 4026 et
544 3957 786 4044 incorruptam
807 3955 1017 4026 sententiam
1034 3955 1071 4023 in
1122 3956 1208 4036 bus,
1232 3966 1293 4023 aut
1311 3953 1470 4042 occupati
1495 3954 1667 4039 avaricia,
1701 3956 1917 4046 negligemus
1933 3958 2115 4029 doetrinae

119 4057 164 4129 cis
189 4057 386 4151 praecipuis
418 4071 453 4129 et
473 4059 700 4148 dogmatibus
721 4071 866 4130 teneant
888 4069 925 4129 et
944 4059 1072 4128 ruerni-
1122 4055 1259 4137 studia,
1278 4055 1411 4126 accidet
1424 4050 1617 4140 nobishoc,
1639 4058 1733 4149 quod
1751 4058 1790 4126 in
1804 4054 2002 4130 tristissima
2017 4084 2116 4131 com-

119 4160 210 4233 rint.
1123 4157 1321 4257 minatione
1343 4161 1438 4248 apud
1462 4156 1614 4228 Hoseam
1635 4158 1853 4246 praedictum
1872 4174 1939 4233 est:
1966 4162 2060 4252 Quia
2077 4178 2117 4234 tu

179 4258 233 4331 Ne
265 4281 331 4349 ego
363 4260 506 4353 quidem
537 4258 683 4353 requiro
715 4263 958 4352 scrupulosam
988 4261 1073 4330 dili·
1123 4259 1306 4331 scientiam
1338 4261 1519 4350 repulisti,
1551 4260 1720 4351 repellam
1753 4274 1807 4349 te,
1840 4285 1886 4333 ne
1919 4264 2117 4336 sacerdotio

119 4363 232 4435 ntiam
254 4363 293 4430 in
314 4362 462 4434 minutis
483 4364 606 4447 rebus,
638 4364 715 4433 sine
739 4364 870 4457 quibus
897 4364 1073 4434 certitudo
1123 4362 1282 4451 iungaris
1297 4356 1396 4431 mihi.

119 4478 303 4559 grnatum.
327 4487 389 4535 seu
402 4464 634 4535 articulorum
649 4464 749 4545 fidei,
775 4467 931 4558 conspici
956 4479 1074 4535 tamen
1226 4458 1363 4534 Omnia
1386 4462 1478 4533 bella
1502 4461 1702 4554 impediunt
1726 4466 1907 4536 literarum
1923 4465 2058 4551 studia,
2084 4478 2118 4535 et

119 4582 211 4652 test,
237 4568 284 4637 sit
298 4567 393 4635 enirn
407 4566 586 4637 enarratio
601 4568 747 4655 analoga
764 4567 865 4652 fidei,
890 4584 929 4641 ut
940 4566 1075 4638 Paulus
1124 4565 1259 4637 faciunt
1282 4565 1529 4659 squallidiores
1551 4560 1745 4653 Ecclesiae,
1778 4582 1819 4641 ut
1834 4567 1942 4639 unius
1956 4569 2042 4637 anni
2057 4591 2118 4637 ca·

119 4670 215 4766 quit,
240 4682 275 4739 et
293 4663 386 4739 hanc
409 4692 572 4739 normam
590 4667 787 4753 intuentes,
821 4669 1073 4763 proprietatem
1125 4669 1446 4742 lamitasostendit.

119 4766 422 4845 rntonrsadlubrta
438 4772 661 4855 dexteritate
684 4794 891 4866 sequamur,
916 4784 951 4842 et
964 4772 1075 4842 assint
1228 4767 1373 4859 Quanta
1397 4781 1517 4841 autern
1540 4767 1695 4840 solitudo
1717 4766 1972 4853 Ecclesiamm,
2004 4794 2119 4864 quan·

119 4872 384 4952 summitatis,
419 4885 455 4946 et
483 4858 639 4955 candor,
668 4897 735 4942 nec
768 4888 951 4964 propterea
984 4886 1075 4944 totas
1126 4887 1181 4944 tae
1197 4874 1363 4943 tenebrae
1379 4885 1562 4942 secuturae
1578 4886 1715 4957 essent,
1741 4872 1789 4956 si,
1814 4873 1908 4965 quod
1926 4868 2023 4942 Deus
2047 4874 2119 4943 ele-

119 4976 268 5047 nciones
291 4969 550 5067 Prophetarum
574 4975 800 5065 abiiciamus,
834 4975 941 5047 etiam
961 4976 1104 5047 sicubi
1098 5010 1103 5087 q
1124 4987 1263 5044 menter
1291 4987 1445 5060 avertat,
1476 4995 1599 5045 rursm
1619 4975 1657 5043 in
1682 4926 1739 5044 his
1759 4973 1964 5063 regionibus
1984 4975 2120 5046 hellam

119 5077 313 5151 rammatici
329 5077 607 5170 unamaliquam
625 5100 746 5145 vocem
764 5100 839 5145 nou
856 5080 980 5147 eodesn
996 5101 1076 5147 mo-
1125 5077 1384 5147 incenderetur.

119 5211 125 5250 ι
143 5181 442 5270 interpretantur,
468 5203 619 5272 quanam
642 5179 923 5270 disputationum
940 5180 1075 5249 diiudi·
1226 5176 1308 5251 Non
1324 5179 1528 5249 dubitemus
1541 5191 1679 5260 autem,
1700 5177 1805 5247 nobis
1818 5172 2122 5248 etcommuniEc·

119 5284 171 5355 tio
195 5306 298 5373 saepe
321 5282 435 5352 facilis
457 5295 509 5352 est
533 5284 654 5352 dextre
672 5282 922 5351 iudicantibus.
973 5277 1021 5352 Et
1035 5294 1076 5352 ut
1125 5279 1262 5364 desine,
1285 5281 1436 5371 gemitus
1450 5294 1608 5363 nostros,
1629 5273 1844 5372 lachrymas,
1870 5294 1970 5364 vota,
1995 5294 2028 5350 et
2044 5302 2122 5348 cae-

119 5399 149 5458 rt
166 5409 276 5478 pauca
295 5386 468 5476 quaedam
485 5385 657 5455 vocabula
674 5384 801 5454 veteris
818 5385 976 5473 linguae,
1000 5408 1076 5454 non
1097 5372 1104 5484 Ι
1126 5396 1201 5453 tera
1218 5383 1276 5476 pia
1293 5383 1429 5466 ollicia,
1455 5385 1500 5453 ad
1517 5404 1637 5474 pacem
1654 5392 1687 5449 et
1702 5383 1746 5451 ad
1763 5381 1831 5450 alia
1842 5377 1909 5450 Dei
1926 5383 2020 5450 dona
2037 5381 2123 5451 reti-

119 5490 163 5563 tia
183 5499 288 5573 uota,
311 5488 352 5557 in
376 5482 432 5557 bis
449 5509 522 5557 non
540 5485 758 5578 periclitatur
775 5486 870 5559 salus
886 5482 1076 5574 Ecclesiae,
1125 5486 1261 5572 nenda,
1292 5485 1478 5578 profutura
1508 5506 1594 5555 esse.
1652 5480 1714 5554 Sic
1747 5483 1844 5555 enim
1867 5482 1985 5576 inquit
2009 5479 2124 5555 Deus:
