4664 6022
139 329 215 403 sn
352 374 354 379 -
703 318 866 400 onor.
898 317 973 395 on
1007 313 1157 393 noro
1192 314 1606 398 sorrnsrrcns,
2098 282 2178 397 ssi

137 500 308 572 admirari
324 513 360 572 et
374 499 416 569 in
430 497 567 569 coelum
582 490 712 565 vehere
728 494 816 564 tales
832 492 1045 577 Pseudolos,
1071 490 1134 585 qui
1182 492 1376 583 proditoris
1399 505 1599 585 expectent,
1627 517 1733 586 quem
1757 492 1958 568 imitantur,
2010 490 2064 566 Ut
2083 492 2180 564 enim

140 603 348 697 flexiloquas
376 599 642 671 conciliationcs
672 597 933 687 praescribunt,
972 595 1034 689 qui
1065 594 1135 663 cir·
1183 593 1245 667 ille
1271 595 1431 686 prodidit
1457 596 1581 667 osculo
1609 595 1723 665 filium
1744 592 1831 667 Dei:
1864 596 1913 669 ito
1941 590 2183 687 Evangelium

142 704 348 774 cumvenire
382 716 417 773 et
450 702 603 772 obruere
636 698 811 769 tardiores
847 723 992 792 quoquo
1027 697 1134 765 modo
1184 698 1335 788 quadam
1352 697 1612 788 blandaspecie
1628 698 1746 767 delere
1762 698 1822 770 isti
1838 712 2029 772 conantur.
2079 696 2185 770 Sem·

140 819 301 899 possum.
1183 821 1248 888 per
1278 798 1496 870 calumniosa
1528 799 1647 889 legum
1680 800 1886 892 depravatio
1913 813 1949 871 et
1978 800 2125 895 fraudes
2146 799 2182 868 in

245 900 648 978 Delectantuchomincs
662 902 902 995 captionibus,
922 915 965 974 ut
979 901 1136 971 celebra-
1185 900 1346 985 iudiciis,
1373 900 1479 972 etiam
1496 901 1533 971 in
1556 902 1716 992 imperiis
1731 902 1906 973 divinitus
1923 902 2072 993 punitae
2089 916 2184 982 sont,

145 1022 204 1080 tur
233 1005 418 1080 Romanus
445 1005 691 1096 Magistratus,
730 1003 794 1097 qui
824 1001 915 1093 Regi
947 1000 1136 1074 veteratori
1186 1026 1259 1071 non
1277 1003 1392 1073 solum
1407 1002 1446 1073 iu
1461 999 1630 1078 Ecclesia.
1676 1001 1894 1076 Meministis
1905 997 2185 1095 sophismaCri-

144 1110 238 1180 belle
255 1109 445 1200 imposuit,
474 1108 617 1179 cumin
644 1105 911 1176 conditionibus
935 1106 1030 1197 pacis
1056 1127 1137 1173 cum
1186 1104 1275 1189 tiae,
1299 1106 1362 1199 qui
1379 1119 1619 1177 unuseratex
1635 1105 1782 1195 triginta
1804 1106 1907 1191 viris,
1933 1106 1998 1200 qui
2013 1106 2188 1196 regebant

145 1205 326 1284 Antiocho
340 1212 451 1283 tactae
465 1209 623 1300 scripsit,
648 1221 689 1279 ut
702 1207 892 1277 dimidium
904 1207 1049 1277 navium
1059 1201 1136 1277 An·
1186 1201 1364 1291 Athenas,
1389 1220 1575 1300 postquam
1597 1221 1717 1299 captae
1733 1206 2080 1293 aLscedaemoniis,
2105 1232 2183 1279 rur·

146 1307 257 1384 tiochi
268 1308 424 1384 Romani
437 1312 641 1383 retinerent.
692 1307 762 1378 llic
771 1306 958 1380 Romanus
973 1308 1137 1378 dissecari
1186 1328 1245 1379 sus
1261 1331 1382 1399 pacem
1400 1309 1684 1399 impetraverant.
1734 1305 1815 1379 Etsi
1829 1325 1949 1381 autem
1965 1332 2009 1379 eo
2025 1322 2184 1403 ternpore

146 1438 267 1484 omnes
294 1437 402 1483 naves
427 1413 584 1496 curavit,
614 1425 648 1481 et
670 1413 787 1481 trabes
809 1424 919 1480 sectas
940 1411 989 1480 ita
1012 1409 1139 1494 dividi,
1188 1411 1330 1480 crebrae
1346 1411 1540 1483 seditiones
1554 1412 1770 1503 praebebant
1783 1435 1923 1482 causam
1939 1411 2090 1502 triginta
2103 1412 2182 1497 illis,

145 1530 185 1587 ut
199 1516 390 1585 dimidium
404 1515 666 1607 relinqueretur
675 1506 869 1583 Antiocho.
917 1511 1022 1582 Alius
1039 1511 1136 1606 quis·
1187 1524 1228 1581 ut
1245 1513 1402 1603 asperius
1419 1513 1596 1585 saevirent
1616 1513 1655 1582 in
1677 1514 1790 1597 cives,
1815 1528 1933 1584 tamen
1959 1514 2077 1603 legem
2102 1538 2180 1583 eon·

92 1616 96 1623 ’
145 1618 241 1709 piam
265 1631 386 1708 pactus
407 1616 546 1708 aliquot
567 1615 705 1685 dierum
730 1614 911 1698 inducias,
941 1626 1049 1683 noctu
1073 1636 1139 1704 po·-
1188 1613 1352 1685 diderant
1374 1614 1462 1705 ipsi,
1486 1639 1533 1685 ne
1547 1615 1627 1708 quis
1639 1639 1682 1689 es
1695 1639 1759 1685 suo
1778 1615 1936 1705 catalogo
1950 1614 2091 1686 indicta
2105 1638 2182 1687 cau-

145 1720 338 1811 pulabatur
365 1739 478 1808 agros.
535 1717 700 1809 Denique
723 1716 836 1787 multa
864 1709 972 1785 huius
1001 1714 1140 1805 generis
1189 1737 1225 1784 sa
1242 1716 1507 1790 interficeretur.
1557 1714 1649 1787 Cum
1666 1717 1780 1808 igitur
1794 1713 2063 1787 Theramenem
2079 1716 2180 1789 colle-r

145 1833 279 1902 astute,
305 1833 369 1891 aut
392 1819 497 1890 ctiam
515 1818 731 1888 calumniose
746 1830 821 1887 acta
839 1817 1025 1907 leguntur,
1050 1839 1140 1911 quae
1189 1840 1269 1907 gam
1285 1815 1416 1890 Critias
1430 1819 1582 1891 interfici
1601 1819 1777 1904 iussisset,
1801 1819 1970 1911 implorat
1987 1813 2181 1889 Therame-

146 1922 177 1993 si
199 1922 239 1991 in
261 1917 419 1993 Ecclesia
451 1920 582 1993 imitari
605 1919 777 1992 Doctores
806 1918 946 2004 volent,
977 1919 1141 1990 funditus
1189 1942 1253 1989 nes
1268 1918 1355 2009 legis
1371 1921 1562 2005 auxilium,
1585 1921 1692 2012 petit,
1710 1921 1908 1993 neindicta
1925 1942 2035 1993 cansa
2053 1920 2180 1992 interb-
2214 1898 2218 1973 l

146 2022 325 2095 delebitur
352 2022 489 2112 religio.
557 2018 668 2093 Venit
686 2015 846 2092 Athenas
865 2019 1067 2092 Demetrius
1083 2043 1141 2090 re-
1190 2021 1320 2093 ciatur:
1370 2025 1561 2115 respondet
1589 2020 1740 2108 Critias,
1778 2024 1888 2112 legem
1920 2023 2024 2115 loqui
2058 2024 2106 2095 de
2132 2023 2178 2105 ἰὴ
2216 2020 2218 2025 ’

146 2147 230 2215 gum
247 2146 330 2195 suae
342 2125 464 2195 aetatis
478 2123 749 2194 florentissimus
764 2119 939 2212 Antigoni
961 2122 1075 2207 tilius,
1100 2135 1142 2199 ut
1190 2147 1343 2217 qnorum
1368 2125 1514 2195 nomina
1537 2136 1622 2195 sunt
1646 2125 1684 2193 in
1707 2124 1882 2214 catalogo,
1914 2146 1950 2193 se
1974 2137 2101 2195 autern
2119 2125 2177 2195 ian

145 2223 342 2300 Eleusiniis
356 2225 568 2297 initiaretur.
611 2223 721 2294 Venit
734 2237 986 2295 autemmense
995 2221 1142 2310 Martio,
1190 2221 1427 2297 Theramenis
1448 2250 1581 2301 nomen
1605 2225 1644 2297 in
1666 2226 1824 2317 catalogo
1842 2225 1977 2301 delere.
2035 2224 2094 2298 lta
2112 2228 2176 2298 elo·

147 2352 219 2427 quo
242 2328 317 2399 fleri
336 2323 508 2399 Eleusina
536 2351 613 2398 non
636 2326 782 2408 licebat,
822 2325 952 2420 quibus
977 2325 1141 2398 attributi
1190 2326 1243 2398 dit
1258 2328 1370 2418 legem
1383 2325 1523 2405 Critias.
1574 2327 1643 2401 Sed
1668 2320 1776 2399 huius
1800 2326 1945 2399 cruentis
1958 2321 2175 2420 sophismati

147 2444 248 2519 erant
278 2453 414 2503 menses
437 2431 530 2514 duo,
560 2428 763 2500 November
785 2440 820 2498 et
841 2424 1033 2518 Augustus.
1092 2425 1142 2500 Ut
1190 2451 1321 2519 poenas
1342 2430 1459 2503 statim
1481 2443 1601 2524 postea
1626 2430 1741 2502 dedit:
1767 2453 1850 2501 cum
1864 2428 1973 2500 amici
1988 2424 2169 2501 't'tnaus

145 2534 255 2625 igitur
271 2529 361 2623 Regi
381 2556 458 2602 mos
470 2545 666 2622 gereretur,
699 2554 765 2600 nec
782 2543 900 2600 tamen
916 2553 1011 2601 sacra
1026 2529 1141 2622 pollui
1190 2530 1247 2600 nis
1274 2531 1368 2623 pulsi
1389 2532 1531 2605 civitate
1552 2530 1731 2624 Rempub.
1754 2544 2036 2623 recuperamus,
2061 2527 2173 2604 ecut-

146 2634 372 2720 viderentur,
399 2634 545 2703 inventa
562 2646 614 2704 est
632 2632 724 2701 bella
741 2631 844 2702 ratio.
896 2630 971 2702 Lex
991 2633 1062 2701 lata
1077 2645 1141 2720 est,
1191 2632 1295 2714 uam,
1320 2647 1356 2705 et
1375 2636 1549 2728 quosdam
1572 2635 1678 2719 alios,
1702 2657 1793 2727 quos
1815 2634 1877 2704 ille
1893 2633 2172 2707 crudelitatisss·

147 2750 188 2808 ut
207 2735 382 2807 mensium
411 2735 559 2804 nomina
581 2746 817 2805 mutarentur.
879 2732 1057 2805 Similima
1085 2756 1143 2803 res
1191 2734 1263 2804 cios
1277 2729 1469 2820 habuerat,
1492 2736 1758 2807 interfecerunt.
1804 2732 1877 2806 Nec
1891 2733 1954 2804 illa
1971 2736 2172 2829 religionum

147 2862 245 2909 nnnc
273 2838 401 2928 agitur.
468 2834 606 2906 Volunt
634 2836 689 2905 illi
720 2834 965 2905 conciliatores
996 2834 1142 2906 retineri
1191 2832 1404 2928 sophismata
1430 2851 1514 2908 sunt
1538 2838 1744 2921 incruenta,
1783 2837 1983 2930 dequibus
2009 2837 2085 2909 iam
2101 2835 2173 2909 did-

147 2963 229 3011 cum
245 2939 314 3009 alia
329 2939 443 3008 multa
459 2938 603 3022 deliria,
626 2950 703 3008 turn
717 2938 822 3008 etiam
835 2958 988 3020 errores,
1011 2936 1143 3029 quibus
1192 2961 1281 3012 mus.
1331 2936 1427 3009 Nam·
1438 2939 1467 3008 si
1485 2938 1536 3031 pii
1552 2933 1780 3029 deprehensis
1795 2938 1885 3008 focis
1902 2939 2172 3011 confirmasses·

148 3039 324 3133 polluitor
338 3037 459 3111 Coena
475 3040 626 3109 domini.
684 3036 935 3129 Adfingamus,
960 3037 1143 3132 inquiunt,
1191 3063 1288 3110 rores
1312 3062 1387 3110 non
1417 3040 1558 3126 volent,
1598 3063 1722 3111 rursus
1750 3041 2010 3129 grassabuntur
2050 3035 2166 3139 tyr-i

147 3140 331 3213 molliores
351 3140 680 3234 interpretationes,
713 3141 775 3212 nbi
793 3140 923 3231 legitur
937 3140 1061 3211 offerri
1074 3134 1142 3210 ho-
1192 3142 1368 3234 asperius,
1393 3166 1500 3235 quam
1515 3155 1635 3228 antea,
1662 3141 1861 3213 confirmati
1876 3141 1949 3213 iarn
1962 3134 2166 3215 iudiciisls-

149 3242 478 3315 stiaadsnimarum
492 3243 793 3334 redemptionem,
816 3241 1054 3334 intelligamus
1067 3265 1142 3312 non
1191 3267 1271 3315 rum
1287 3242 1576 3329 conciliatorum,
1602 3268 1755 3339 quorum
1778 3244 1951 3316 autoritas
1968 3258 2171 3338 propter·-

148 3367 245 3417 nnnc
268 3345 390 3416 offerri
413 3369 434 3417 a
457 3346 582 3430 nobis,
613 3345 676 3415 sed
698 3342 814 3414 Deum
839 3343 1076 3435 interpellari,
1101 3358 1144 3416 ut
1192 3345 1346 3439 pientiae
1368 3358 1403 3416 et
1425 3345 1681 3418 moderationis
1702 3344 1909 3436 opinionem
1936 3347 2040 3438 apud
2052 3342 2175 3435 Prind-

148 3459 294 3541 propter
320 3442 493 3532 hostiam,
526 3470 617 3543 quac
636 3448 682 3518 ab
702 3446 781 3538 ipso
802 3442 974 3516 Pontifice
998 3440 1142 3515 Christo
1192 3470 1252 3538 pes
1273 3446 1425 3517 multum
1449 3447 1555 3518 valet.
1615 3446 1724 3519 Nulla
1745 3447 1921 3521 durabilis
1947 3447 2175 3544 tranquaut·

149 3549 289 3636 oblata,
313 3549 721 3629 tuncredemitauimas,
743 3546 994 3619 noseraodiat.
1027 3540 1142 3637 Aegre
1192 3549 1230 3617 in
1246 3544 1403 3619 Ecclesia
1426 3547 1503 3619 sine
1525 3548 1672 3638 veritate
1694 3549 1863 3621 constitui
1888 3562 2021 3642 potest.
2074 3548 2175 3622 tuo

150 3649 319 3721 amittunt
332 3651 606 3735 satisfactiones,
630 3651 692 3719 sed
708 3649 877 3719 molliunt
891 3671 1033 3717 nomen.
1068 3646 1142 3717 Vo-
1192 3672 1248 3718 sae
1263 3650 1524 3720 moderationes
1538 3663 1579 3720 ‚et
1602 3650 1742 3721 veritati
1763 3650 1965 3735 nocebunt,
1991 3664 2030 3723 et
2047 3646 2174 3723 iulls'·¹

149 3751 231 3823 lunt
256 3752 376 3822 vocari
397 3751 642 3841 castigationes
667 3749 926 3819 ecclesiasticas.
991 3745 1142 3819 Talibus
1190 3749 1340 3820 mabunt
1356 3751 1550 3823 discordias
1567 3775 1609 3822 sc
1625 3751 1829 3834 saeviciam,
1855 3765 1891 3823 et
1905 3751 2051 3844 parient
2068 3748 2174 3823 infini-

148 3853 240 3923 fucis
255 3853 400 3944 pingere
412 3853 564 3924 absurda
579 3852 743 3940 dogmata
756 3863 950 3934 conantur,
971 3872 1036 3918 nec
1051 3850 1141 3919 illud
1191 3865 1244 3924 tas
1272 3851 1520 3944 dissipationes
1551 3866 1588 3924 et
1617 3867 1739 3926 sectas.
1804 3851 1890 3924 ldeo
1920 3866 2091 3944 optemus
2112 3864 2173 3927 Μ

149 3968 277 4045 agunt,
300 3971 342 4027 ut
357 3977 494 4025 errores
506 3955 716 4037 emendent,
738 3964 780 4021 ut
794 3957 1002 4020 medeantur
1016 3946 1141 4020 Eccle-
1192 3967 1351 4045 pectore,
1374 3950 1520 4025 utDeus
1534 3968 1631 4043 regat
1647 3953 1856 4045 Principum
1869 3954 2043 4043 consilis,
2067 3970 2105 4029 et
2115 3948 2173 4027 lc·

150 4058 232 4129 siae.
283 4052 355 4128 Sed
380 4070 422 4128 ut
442 4055 545 4127 noris
565 4053 803 4146 praetextibus
824 4074 952 4122 nervos
967 4052 1143 4123 retineant
1192 4055 1333 4125 clesiam
1364 4056 1411 4126 sb
1445 4050 1512 4125 hac
1542 4050 1732 4147 sophistica
1761 4057 1908 4141 liberet,
1946 4070 1991 4129 ut
2024 4070 2173 4149 precans

150 4157 364 4230 vitiosorum
388 4159 559 4228 cultuum.
617 4152 696 4224 Hoc
713 4153 863 4223 consilio
885 4169 1060 4248 quaerunt
1079 4153 1140 4223 illa
1191 4157 1284 4226 tilius
1304 4153 1372 4226 Dei
1397 4157 1468 4226 iarn
1491 4157 1653 4228 aditurus
1673 4173 1842 4243 mortem,
1871 4183 1953 4228 curn
1976 4158 2044 4230 sit:
2084 4156 2173 4231 Pal!

151 4254 253 4357 σοφὰ
271 4253 475 4357 φάρμακα,
499 4270 538 4329 ut
562 4255 741 4346 plausibili
759 4255 873 4345 specie
890 4279 945 4325 res
964 4255 1141 4348 pernicio·
1191 4257 1367 4327 sanctifica
1385 4281 1446 4328 eos
1467 4258 1506 4327 in
1529 4260 1696 4345 veritate,
1732 4282 1848 4329 sermo
1870 4272 1953 4331 tuus
1977 4258 2172 4332 estverits

149 4384 205 4433 sss
219 4363 468 4433 commendent
483 4357 627 4450 populo.
665 4356 739 4425 Has
754 4358 969 4448 corruptelas
984 4357 1142 4429 coelestis
1192 4354 1286 4430 Orat
1317 4353 1502 4450 prohiberi
1537 4362 1753 4451 corruptelas
1789 4361 1958 4437 veritatis.
2030 4356 2094 4433 Ad
2122 4354 2172 4431 hs

151 4464 333 4534 doctrinae
357 4473 531 4554 quantum
560 4459 676 4529 oderit
699 4455 812 4540 Deus,
839 4483 906 4529 vox
934 4458 995 4528 illa
1023 4462 1140 4532 docete
1191 4483 1311 4553 preces
1332 4461 1446 4532 nostri
1461 4460 1648 4533 ¹Pontilicis
1670 4464 1905 4554 adiungamus
1926 4475 1961 4534 et
1986 4478 2173 4537 nostnvc·

150 4562 231 4635 Non
255 4586 411 4634 assumes
431 4585 562 4631 nomen
584 4559 733 4630 Domini
755 4559 825 4630 Dei
855 4560 907 4631 tui
931 4536 1032 4633 vaire.
1093 4557 1142 4633 Et
1190 4577 1244 4646 ta,
1275 4586 1315 4632 sc
1337 4563 1513 4652 fugiamus
1529 4564 1637 4656 ¹illam
1659 4588 1789 4637 novam
1810 4558 2043 4657 sophisticam
2062 4560 2173 4637 tteds

148 4665 309 4735 minatur
325 4660 422 4733 Deus
442 4685 479 4732 se
502 4662 710 4753 puniturum
733 4685 807 4731 esse
826 4657 890 4732 has
909 4662 1141 4734 contumelias
1190 4663 1263 4735 siae
1277 4663 1465 4735 exitialem.

149 4765 205 4835 sui
238 4763 394 4836 nominis
425 4777 461 4834 et
486 4787 589 4833 verae
615 4763 807 4836 doctrinae.
870 4759 923 4834 Ac
948 4765 1140 4834 admonere
1291 4763 1368 4838 Alii
1396 4766 1484 4837 alias
1512 4789 1632 4837 causas
1662 4760 1813 4852 habent,
1844 4788 1910 4837 cur
1933 4769 1981 4839 sd
2008 4761 2100 4841 haec
2125 4789 2172 4837 so·

149 4865 309 4955 singulos
329 4867 374 4935 de
399 4860 464 4936 hac
486 4889 571 4935 voce
592 4862 681 4948 Dei,
710 4864 926 4935 calamitates
948 4866 1005 4934 vel
1020 4866 1140 4957 publi·
1189 4864 1364 4960 phismata
1394 4867 1612 4958 confugiant.
1678 4868 1883 4941 Adversarii
1915 4872 2088 4960 prodesse
2117 4864 2173 4941 sill

149 4990 227 5050 cae,
253 4967 310 5036 vel
326 4968 543 5057 privatorum
561 4966 755 5052 debebant,
779 4968 1042 5062 quaeprofecto
1056 4980 1140 5039 sunt
1190 4964 1277 5041 haec
1302 4969 1450 5040 consilis
1470 4970 1596 5055 vident
1615 4972 1658 5041 ad
1676 4973 1825 5041 tuendas
1840 4993 1945 5062 opes,
1979 4972 2079 5043 docti
2098 4992 2174 5066 qus·

149 5090 283 5160 poenae
294 5062 532 5139 homanorum
545 5067 777 5156 flagitiorum,
800 5092 841 5138 ac
850 5066 1037 5160 praecipue
1052 5072 1139 5140 c'on·
1190 5070 1241 5142 les
1250 5070 1626 5156 suntWintonicnsis,
1642 5072 1826 5145 Wicelius
1839 5085 1873 5143 ct
1880 5070 2030 5159 similes,
2043 5074 2173 5147 lauden

149 5183 302 5261 temptus
316 5165 384 5241 Dei
406 5183 442 5241 et
456 5170 666 5261 depravatae
683 5169 877 5260 religionis.
1188 5172 1324 5264 ingenii
1346 5173 1521 5243 ambiunt.
1581 5172 1640 5245 Sic
1665 5175 1790 5244 volunt
1814 5199 1834 5243 a
1855 5171 2022 5264 Regibus
2044 5170 2173 5268 praedi·

247 5267 408 5343 Nimium
443 5271 512 5341 sibi
547 5269 782 5342 blandiuntur
809 5264 1065 5364 sycophantae,
1108 5273 1138 5342 si
1188 5275 1277 5360 cari,
1308 5289 1351 5346 ut
1376 5269 1600 5370 Sycophanta
1629 5278 1723 5366 apud
1754 5274 1942 5347 Plautum:
1978 5274 2029 5352 Ut
2058 5284 2172 5369 egots

144 5385 273 5468 putant
294 5393 331 5443 se
361 5373 508 5463 impune
532 5373 655 5443 ludere
687 5373 726 5443 in
745 5368 925 5457 Ecclesia,
956 5372 1139 5445 involvere
1187 5388 1332 5467 propter
1343 5376 1526 5464 perfidiam
1540 5392 1637 5448 tuam
1654 5400 1754 5462 amo,
1780 5390 1814 5446 te
1829 5389 1971 5461 metuo,
1997 5372 2171 5469 temsgni-

139 5498 201 5561 ,res
224 5497 343 5562 veras,
375 5474 465 5545 lucis
496 5497 624 5545 orosre
645 5497 793 5548 errores.
850 5469 999 5546 Exitum
1030 5473 1138 5547 ludae
1185 5478 1288 5553 facio.
1338 5475 1515 5549 Nonnulli
1529 5491 1627 5549 metu
1642 5472 1706 5547 has
1720 5492 1889 5573 tanquam
1905 5478 2060 5553 latebras
2075 5500 2167 5575 quse
