4664 6022
83 304 161 384 501
765 302 925 385 DECL.
967 303 1043 382 DE
1075 301 1451 389 POLYCARPO.
2051 335 2129 417 562

80 505 161 553 non
183 479 301 551 tolum
324 492 363 553 ut
385 477 655 573 explorarentur
680 478 843 570 ingenia,
872 481 1083 568 voluntates,
1134 491 1253 550 tamen
1288 480 1416 552 talium
1447 482 1606 557 virorum
1637 491 1888 588 suffragatione
1913 505 2066 582 adiuvor
2089 529 2126 588 et

80 583 222 668 studia,
246 605 498 665 moreseorum
513 583 575 675 qui
591 582 634 652 ad
650 582 833 654 doctrinae
854 584 1083 673 gubernatio·
1132 580 1337 653 conlirmor.
1388 582 1492 656 Nunc
1516 611 1599 660 vero
1621 587 1789 691 Episcopi
1814 604 1967 694 allegant
1988 635 2124 687 succes-

80 710 169 755 nem
192 686 364 755 accessuri
386 699 487 770 sunt,
518 687 579 754 sed
606 685 710 753 etiam
733 698 775 755 ut
800 685 906 773 longa
927 688 1083 756 assueta·
1130 682 1267 753 sionem
1288 686 1524 775 ordinariam,
1548 704 1716 787 tanquam
1734 723 1882 775 nervum
1898 732 1981 781 suae
1997 727 2127 804 poten.

80 787 204 859 ctione
219 786 449 858 erudirentur
462 800 496 855 et
510 786 766 857 excolerentur.
819 785 921 857 Hanc
935 789 983 858 ob
995 812 1080 859 cau·
1130 783 1216 871 tiae,
1240 788 1423 858 doctrinae
1438 814 1523 861 vcro
1539 797 1655 866 studia
1672 802 1794 875 multis
1810 805 1879 877 iam
1896 815 2022 885 seculis
2036 842 2124 890 con.

79 912 160 961 um
176 889 297 976 initio,
322 884 463 959 scholae
477 888 664 959 adiunctae
680 889 825 959 luerunt
839 885 1026 976 Ecclesiis,
1047 903 1082 960 et
1130 898 1313 975 temnunt,
1337 890 1424 961 dum
1443 893 1592 986 imperia
1613 913 1784 991 appetunt
1806 921 1840 978 et
1859 907 2000 1004 Regum
2023 942 2123 994 more

79 990 175 1063 utile
192 1004 245 1063 cst
267 985 364 1061 hunc
387 1013 523 1060 morem
548 989 765 1061 conservari.
817 989 939 1080 Quare
961 988 1079 1062 Deum
1130 988 1375 1066 dominantur.
1439 992 1512 1065 Nos
1543 1012 1662 1069 autem
1693 1006 1940 1102 antiquitatem
1977 1035 2124 1114 propter

80 1116 232 1188 precor,
252 1107 293 1166 nt
308 1092 383 1185 ipsc
397 1104 433 1163 et
446 1091 562 1163 studia
579 1106 693 1184 regat,
719 1105 754 1162 et
770 1086 835 1192 hos
853 1087 1081 1165 scholasticos
1129 1089 1252 1161 divina
1273 1093 1476 1166 testimonia
1497 1099 1739 1192 requiramus,
1763 1110 1810 1181 ita
1830 1125 1946 1187 umen
1968 1136 2009 1194 ut
2025 1125 2125 1197 dele-

18 1182 23 1191 ’
80 1208 281 1267 conventus
295 1207 330 1266 et
342 1190 518 1264 Ecclesiae
532 1207 686 1266 tueatur:
711 1188 781 1265 boc
794 1194 888 1265 veris
902 1207 938 1266 et
949 1197 1081 1266 arden·
1131 1206 1208 1263 ctus
1224 1188 1446 1275 adhiheatur.
1644 1268 1647 1275 .

80 1298 180 1371 tibus
198 1296 325 1367 votisa
340 1292 417 1367 Deo
433 1310 550 1387 petere
566 1321 690 1368 omnes
706 1320 768 1367 vos
782 1297 895 1368 decet.¹
1231 1291 1315 1365 Non
1339 1299 1461 1368 cadem
1482 1301 1617 1391 puritas
1641 1317 1691 1376 est
1705 1311 1865 1384 omnium
1885 1335 2057 1413 aetatum,
2082 1353 2122 1401 ac

167 1393 248 1490 1330
261 1398 405 1493 quidem
421 1400 508 1468 dum
525 1393 780 1471 inguemhunc
798 1411 937 1471 megum
952 1399 999 1469 de
1012 1423 1080 1492 pu.
1129 1418 1175 1464 ne
1214 1397 1357 1490 quidem
1397 1401 1506 1472 unius
1536 1404 1658 1476 aetatis
1693 1414 1856 1486 omnium
1897 1425 2122 1518 scriptorum.

79 1502 188 1575 blicis
205 1501 370 1593 periculis
385 1500 513 1591 cogito,
535 1524 576 1572 ac
589 1515 710 1592 repeto
726 1499 898 1570 memoria
915 1501 1080 1572 omnium
1131 1494 1247 1587 Quam
1264 1500 1375 1572 multa
1394 1503 1490 1572 enim
1506 1505 1658 1578 absurda
1681 1511 1849 1602 leguntur
1865 1521 1903 1591 in
1917 1519 2121 1619 Origenicis

78 1615 237 1679 aetatum
263 1602 489 1696 superiorum
516 1604 694 1696 exempla,
728 1614 919 1698 metuoque
944 1601 1078 1673 similes
1128 1598 1243 1670 libris·
1293 1596 1347 1671 Ac
1370 1607 1525 1696 prolecto
1545 1613 1712 1701 temporis
1733 1615 1832 1688 illius
1851 1627 2034 1701 audaciam
2052 1636 2122 1704 mi-

77 1700 263 1781 Ecclcsiae
276 1704 524 1798 dissipationes
539 1721 718 1792 venturas,
742 1706 902 1801 undique
918 1718 1078 1800 quassata
1129 1725 1209 1782 ror,
1236 1726 1306 1796 quo
1323 1702 1452 1777 licebat
1473 1707 1511 1776 in
1527 1703 1684 1784 Ecclesia
1707 1727 1777 1788 tam
1801 1740 2018 1802 monstrosas
2039 1737 2122 1828 opi·

10 1800 28 1875 i
78 1804 304 1903 Republica,
338 1830 430 1903 pene
458 1807 659 1894 exanimor,
699 1830 765 1878 nec
798 1808 1078 1879 consolationem
1128 1803 1255 1873 stiones
1270 1804 1412 1896 publice
1428 1830 1607 1902 spargere,
1634 1815 1708 1886 sive
1731 1818 1806 1913 ipse
1829 1839 1880 1896 est
1898 1846 2020 1919 autor,
2046 1838 2120 1913 sive

77 1911 193 1983 ullam
209 1904 401 1982 humanam
415 1909 568 2003 reperio.
609 1909 681 1982 Sed
695 1911 739 1980 ad
759 1905 851 1981 hane
866 1933 976 1979 unam
990 1934 1078 1980 con.
1128 1903 1339 1996 impostores
1353 1908 1466 2003 aliqui
1490 1916 1717 2004 suppositicia
1736 1927 1909 2015 quaedam
1928 1931 2031 2006 libris
2045 1939 2122 2013 eius

74 2013 325 2108 fugio,.qnod
348 2012 442 2083 lilius
464 2010 532 2083 Dei
554 2012 692 2106 inquit,
718 2034 755 2083 se
778 2033 986 2109 mansnmm
1009 2036 1078 2082 no-
1127 2007 1403 2082 admiscuemnt.
1432 2010 1502 2083 Sed
1520 2024 1788 2112 quoquomodo
1806 2019 2122 2130 haeraccidemnt,

10 2158 19 2203 ;
76 2116 223 2191 hiscum
246 2135 360 2208 usque
382 2115 428 2185 ad
450 2114 579 2185 mundi
601 2115 728 2188 linems
755 2136 931 2209 nusquam
956 2127 1076 2186 autem
1128 2109 1328 2200 deploravit
1347 2112 1422 2203 ipse
1443 2138 1542 2185 suam
1558 2143 1618 2189 seu
1637 2124 1905 2215 negligentiam,
1930 2160 1991 2210 seu
2010 2153 2121 2215 teme.

78 2218 156 2291 nisi
182 2217 278 2288 inter
298 2212 486 2308 Evangelii
509 2217 703 2309 discipulos
732 2217 903 2289 manebit.
955 2214 1077 2305 Quare
1127 2210 1267 2282 ritatem
1280 2213 1351 2282 iam
1367 2217 1538 2304 grandior
1551 2235 1650 2294 natu.

80 2340 268 2393 mantuus
288 2341 361 2390 esse
385 2319 553 2412 reliquias
569 2315 747 2390 Ecclesiae
762 2339 960 2411 speremus,
986 2330 1078 2390 etot
1230 2310 1337 2385 Forte
1367 2317 1462 2386 enim
1491 2343 1572 2391 cum
1599 2323 1636 2392 in
1658 2320 1816 2401 Ecclesia
1846 2332 2072 2411 lectionem'
2100 2388 2120 2405 -

76 2420 173 2518 ipsi,
197 2433 319 2493 coctus
335 2420 398 2493 ille
419 2420 547 2507 simus,
570 2421 689 2492 studia
705 2417 894 2512 Evangelii
919 2443 1077 2491 amemus
1126 2409 1319 2486 choaturus
1332 2432 1439 2505 esset,
1464 2423 1556 2495 sedit
1571 2425 1634 2495 diu
1658 2449 1801 2518 gemens
1823 2458 1863 2505 ac
1882 2437 2121 2537 lachrymam,

74 2538 115 2599 et
128 2523 367 2610 mamus,
392 2536 427 2594 et
442 2523 511 2615 piis
527 2523 687 2595 moribus
701 2544 881 2598 ornemus.
1127 2541 1166 2587 ac
1183 2519 1325 2588 tandem
1341 2521 1521 2597 exclamat
1568 2524 1749 2602 Peccatori
1766 2547 1884 2607 autem
1901 2541 1990 2615 dixit
2005 2542 2118 2621 Deus:

183 2622 298 2697 Porro
316 2639 357 2697 ut
372 2625 512 2696 redeam
539 2626 583 2695 ad
601 2624 805 2696 institutum
828 2648 968 2712 meum,
994 2647 1074 2694 cum
1126 2616 1247 2708 Quare
1263 2644 1404 2692 enarras
1424 2623 1580 2697 iusticias
1594 2633 1716 2701 meas?
1759 2631 1862 2710 Hanc
1879 2666 2001 2714 vocem
2017 2670 2119 2742 saepe
2199 2642 2201 2648 ¹

73 2727 232 2803 dixerim
264 2723 356 2798 hanc
379 2727 685 2798 renunciationem
713 2727 850 2819 publici
879 2726 1075 2797 testimonii
1128 2734 1301 2812 repetens,
1320 2738 1465 2817 questus
1480 2742 1530 2798 est
1546 2752 1582 2800 se
1597 2735 1708 2806 multa
1722 2735 1981 2817 inconsiderate
1994 2749 2120 2843 dispu-

73 2852 206 2927 μω
221 2853 342 2902 causas
363 2822 514 2920 habere,
540 2830 656 2900 lavere
673 2853 737 2900 vos
758 2823 815 2898 his
830 2828 1076 2920 congressibus
1126 2834 1229 2908 tasse,
1254 2848 1294 2893 ac
1311 2826 1451 2896 veniam
1467 2844 1664 2905 erratorum
1683 2860 1756 2908 non
1773 2842 1888 2912 solum
1905 2870 1925 2916 a
1942 2844 2031 2935 Deo,
2057 2855 2120 2924 sed

73 2938 197 3009 decet:
224 2944 260 3003 et
275 2931 444 3026 quoniam
464 2926 524 3002 bic
539 2931 596 3002 vel
610 2933 655 3003 de
669 2931 851 3017 doctrina,
875 2931 932 3001 vel
946 2930 992 3000 de
1007 2931 1077 3002 bo-
1126 2925 1232 2996 ctiam
1254 2927 1302 2996 sb
1315 2924 1473 3000 Ecclesia
1488 2933 1630 3023 petivit,
1659 2962 1748 3033 quae
1764 2943 1923 3017 assidens
1936 2951 2034 3037 seni,
2065 2954 2120 3026 la-

72 3037 136 3110 rris
151 3034 315 3107 moribus
330 3034 468 3130 aliquid
483 3033 554 3104 dici
569 3034 669 3119 solet,
695 3035 738 3103 ad
755 3033 1075 3103 commonefacien-
1126 3021 1282 3121 chrymlt
1311 3029 1514 3104 declarabat
1542 3058 1578 3104 se
1609 3037 1707 3111 luctu
1735 3043 1846 3134 ipsius
1870 3050 1983 3123 adfici.
2035 3053 2120 3129 Non

73 3140 162 3213 dam
185 3137 425 3222 iuventutern,
450 3157 515 3226 ego
531 3137 614 3229 quia
637 3136 780 3224 longam
797 3133 1074 3225 disputationem
1126 3129 1221 3197 enim
1251 3129 1341 3197 alise
1367 3127 1563 3228 Erinnyes,
1597 3162 1671 3208 non
1704 3142 1795 3214 alius
1829 3149 1934 3220 dolor
1959 3153 1997 3223 in
2024 3157 2120 3230 bons

73 3264 179 3314 nunc
194 3239 340 3334 quidem
364 3238 550 3309 instituere
569 3261 643 3308 non
665 3237 783 3328 potui,
809 3230 994 3306 historiam
1016 3231 1075 3307 hic
1125 3242 1244 3298 mente
1267 3230 1383 3301 serior
1402 3233 1556 3306 existere
1582 3254 1717 3330 potest,
1746 3270 1852 3339 quam
1876 3252 1938 3344 qui
1965 3280 2006 3324 er
2030 3282 2117 3329 con-

74 3343 228 3416 fflem-e
243 3342 367 3416 mlui,
1125 3330 1270 3402 scientia
1300 3335 1560 3409 contaminatae
1588 3343 1748 3416 coelestis
1778 3350 1960 3423 doctrinae
1990 3359 2118 3433 oritur.

180 3442 256 3517 Nec
274 3446 466 3516 obscumm
489 3455 541 3514 cst
563 3441 757 3534 plurimum
781 3439 979 3511 conducere
1005 3436 1076 3532 piis
1124 3430 1221 3524 Ergo
1242 3447 1276 3504 et
1298 3432 1358 3503 ille
1381 3458 1455 3506 non
1479 3439 1555 3509 sine
1578 3466 1680 3513 causa
1702 3443 1963 3544 lachrymabat,
1995 3475 2030 3530 et
2051 3485 2117 3534 nos

78 3548 130 3621 ,d
153 3545 380 3618 iudicandum
397 3550 444 3616 de
459 3545 621 3617 doctrina
642 3556 678 3615 et
697 3545 742 3613 ad
757 3543 929 3633 regendos
946 3564 1075 3628 mores,
1126 3535 1284 3627 exemplo
1309 3538 1436 3607 moniti
1456 3539 1567 3611 simus
1591 3543 1932 3641 circumspectiores,
1957 3566 2118 3635 etauda·

76 3645 310 3721 historiamm
327 3662 360 3719 et
375 3647 597 3742 antiquitatis
611 3644 860 3736 cognitionem.
910 3641 1008 3716 Utile
1021 3656 1075 3715 est
1125 3638 1214 3707 tiam
1230 3638 1385 3728 fingendi
1401 3641 1608 3732 opiniones,
1635 3661 1668 3718 et
1688 3651 1880 3725 cavillandi
1903 3675 2015 3734 rectas
2035 3687 2118 3735 seu·
2190 3720 2195 3725 -

15 3806 34 3819 .
73 3752 177 3824 anim
193 3773 363 3846 quaerere
379 3751 516 3833 animo,
544 3749 632 3843 quid
650 3749 710 3817 illa
734 3746 847 3839 prima
864 3740 1074 3837 aetasllpo-
1124 3744 1251 3811 tentias
1266 3741 1458 3830 fugiamus,
1481 3758 1516 3817 ct
1532 3769 1746 3822 execramur.

72 3855 181 3927 stolis
196 3853 354 3945 pmxims
368 3853 528 3923 senserit.
566 3848 729 3921 Hancob
744 3871 885 3920 causam
901 3847 1073 3919 successio
1223 3839 1450 3922 Adhibentur
1473 3848 1578 3918 etiam
1611 3851 1647 3919 in
1674 3852 1824 3927 lectione
1845 3876 2003 3934 veterum
2030 3892 2117 3959 pru·

71 3956 273 4029 illustrium
301 3954 460 4025 vimrnm
477 3954 659 4047 quondam
683 3952 786 4022 valde
808 3951 981 4021 celebrata
1005 3961 1073 4020 est:
1124 3944 1245 4013 dentia
1271 3958 1307 4017 et
1334 3950 1507 4039 quaedam
1530 3974 1688 4028 censura.
1740 3955 1814 4029 Nec
1835 3974 1875 4032 ut
1895 3966 2039 4057 quidam
2055 3996 2117 4041 ve-

70 4056 277 4157 quaesitum
301 4057 365 4152 qui
386 4055 520 4126 luerint
540 4053 737 4139 coaetanei,
769 4052 900 4146 quibus
924 4051 1073 4123 testibus
1124 4058 1239 4115 terum
1255 4061 1448 4118 statuarum
1465 4049 1707 4139 admiratores,
1724 4061 1850 4131 rudera
1867 4066 1971 4136 etiam
1987 4094 2116 4162 magno
2141 4093 2148 4111 ’

71 4160 211 4254 scripta
234 4157 491 4252 Apostolorum
513 4156 557 4226 ad
587 4169 747 4247 posteros
767 4153 970 4224 transmissa
991 4153 1075 4239 sint,
1124 4161 1263 4217 emunt:
1291 4148 1339 4219 ita
1363 4172 1428 4219 nus
1449 4152 1703 4241 amplectamur
1723 4183 1846 4233 omnes
1867 4168 2028 4242 omnium
2051 4198 2117 4243 ne-

70 4288 98 4337 .
120 4262 255 4358 quibu.
276 4259 462 4333 autoribus
481 4280 561 4330 suas
584 4258 734 4353 quisque
760 4256 952 4326 sententias
975 4277 1074 4326 acce-
1124 4248 1213 4333 nias,
1238 4252 1345 4319 modo
1359 4254 1701 4326 commendationem
1718 4254 1870 4336 habeant
1884 4271 2117 4365 antiquitatis.

11 4378 15 4387 ·
69 4367 198 4462 PM.
1124 4348 1206 4423 Non
1222 4351 1336 4421 solum
1351 4367 1504 4422 vetustas
1520 4357 1790 4432 admirationem
1806 4368 2037 4459 scriptoribus
2050 4399 2115 4466 pa·

180 4461 235 4537 Ac
253 4462 409 4535 arbitmr
428 4459 592 4532 eovitam
614 4469 838 4552 promgatam
855 4478 928 4527 esse
943 4453 1073 4550 aliqui.
1124 4451 1209 4531 riat,
1242 4454 1302 4521 sed
1327 4452 1443 4538 vides,
1476 4455 1514 4525 iu
1539 4459 1772 4550 explicatione
1794 4467 1994 4559 diligentia,
2028 4500 2116 4547 cou-

70 4571 148 4645 bus
171 4563 431 4661 praestantibus
452 4562 561 4647 viris,
587 4573 627 4632 ut
647 4561 782 4630 diutius
805 4575 1075 4630 conservaretur
1124 4577 1246 4623 sensus
1269 4578 1347 4622 cum
1374 4549 1562 4648 Prophetis
1586 4575 1620 4631 et
1644 4560 1843 4655 Apostolis‚
1882 4593 1988 4664 super
2009 4601 2113 4670 qnos,

70 4671 265 4747 doctrinae
283 4666 438 4760 puritas,
464 4679 500 4735 et
521 4676 616 4735 actas
636 4660 811 4753 posterior
835 4656 981 4733 haberet
996 4680 1073 4729 cer·
1124 4669 1164 4726 ut
1178 4656 1228 4727 ait
1243 4655 1393 4738 Paulus,
1419 4671 1576 4730 extructa
1595 4677 1645 4733 est
1660 4662 1826 4743 Ecclesia.

71 4790 134 4858 roc
160 4786 196 4845 et
220 4772 311 4841 lidos
323 4781 427 4840 testes
438 4765 633 4838 sententiae
646 4762 867 4855 apostolicae.
914 4760 1073 4857 Mequi-
1224 4755 1339 4826 Venio
1364 4758 1472 4848 igitur
1490 4762 1534 4829 ad
1561 4761 1747 4859 Polycarpi
1768 4764 1963 4848 historiam.
2021 4774 2115 4853 Nam

72 4880 162 4951 dem
179 4874 284 4945 valde
299 4870 509 4942 confirmant
524 4863 655 4937 horum
670 4865 783 4950 dicta,
808 4888 889 4934 cum
906 4860 1073 4932 Irenaeus
1124 4850 1220 4929 hunc
1237 4859 1457 4952 potissimum
1484 4885 1525 4931 eo
1542 4866 1674 4955 delegi,
1699 4871 1783 4964 quia
1801 4898 1881 4943 cum
1900 4876 2004 4947 toties
2026 4881 2113 4954 cite·

70 4978 185 5055 toties
207 4986 357 5047 testatur
376 4994 413 5042 se
427 4968 616 5067 Polycarpi
631 4966 778 5057 vestigia
802 4965 920 5059 sequi,
949 4976 983 5035 et
1000 4961 1073 5034 Po-
1123 4972 1182 5031 tur
1194 4962 1291 5030 testis
1301 4959 1527 5052 Apostolicae
1540 4966 1734 5055 doctrinae,
1750 4977 1893 5064 prodest
1903 5002 1984 5048 eum
1998 5005 2114 5075 quan-

70 5082 262 5183 lycarpum
285 5075 449 5148 adfirmat
471 5072 670 5144 auditorem
691 5069 799 5139 luisse
812 5063 1073 5156 loannisllpo·
1124 5075 1200 5132 tum
1215 5062 1290 5133 lieri
1314 5077 1429 5156 potest
1453 5080 1577 5137 notum
1592 5092 1666 5140 esse
1679 5074 1846 5146 studiosis
1863 5091 1898 5150 et
1913 5077 1992 5172 piis.
2045 5083 2113 5156 At-

71 5183 184 5268 mli,
216 5181 334 5274 ipsum
359 5174 529 5247 loannem
554 5173 680 5245 audire
705 5170 849 5255 videor,
882 5166 1072 5264 Pplycarpi
1124 5186 1193 5257 que
1206 5165 1344 5237 utinam
1365 5189 1440 5235 non
1455 5178 1593 5241 tantum
1610 5165 1702 5243 hanc
1717 5174 1859 5247 brevem
1881 5173 2113 5275 historiolam,

70 5300 141 5363 ant
158 5281 297 5355 lrenaei
314 5278 519 5353 testimonia
535 5275 696 5349 audiens.
1123 5290 1228 5358 quam
1252 5266 1425 5347 recitabo,
1452 5269 1589 5342 adferre
1611 5296 1766 5364 possem,
1791 5281 1852 5350 sed
1877 5281 1987 5375 ipsius
2004 5285 2111 5358 etiam

181 5383 301 5476 Quare
327 5382 400 5454 etsi·
416 5380 539 5451 literae
554 5375 809 5470 Apostolorum
833 5369 917 5443 satis
935 5366 1072 5462 perspi·
1124 5361 1289 5437 exhibere
1310 5385 1561 5458 monumenta,
1590 5375 1775 5470 inquibus
1796 5383 1997 5474 complexus
2020 5387 2111 5459 dici·

71 5514 144 5568 ωε
166 5511 234 5560 nos
255 5487 300 5557 de
313 5483 380 5559 Dei
403 5482 477 5575 lilio
503 5493 538 5552 ct
565 5481 611 5550 de
626 5477 764 5575 Spiritu
778 5473 909 5548 Sancto
932 5475 1073 5558 docent,
1124 5483 1184 5540 tur
1207 5492 1379 5542 summam
1405 5474 1588 5546 doctrinae
1608 5472 1849 5568 Christianae,
1884 5508 1974 5578 quae
1994 5484 2112 5564 adhuc

128 5596 311 5664 ΙῙιιΔιτι.
329 5588 434 5658 Orsa.
461 5584 545 5653 voc.
560 5585 627 5657 xl.
1430 5572 1480 5644 36
