4664 6022
140 299 215 373 σοι
670 222 871 366 ποι.
917 287 994 365 ou
1025 288 1370 369 orourraru
1401 290 1628 372 nasum
2128 248 2197 376 su

148 475 219 547 tiae
230 495 314 542 suas
333 467 526 542 sententias
542 468 796 538 accommodat.
846 464 896 539 Ut
912 461 1066 538 Athenis
1084 467 1152 537 do·
1200 468 1289 538 siam
1309 493 1410 540 suam
1432 492 1508 539 non
1532 467 1618 538 sinit
1639 467 1805 538 funditus
1823 469 1957 559 deleri,
1981 484 2019 543 et
2034 466 2140 557 haec,
2161 488 2196 545 ut

150 601 217 648 nec
231 575 345 648 Solon
360 572 512 666 praefuit
531 571 677 656 civitati,
701 570 816 641 valuit
831 571 950 661 legum
964 571 1147 642 autoritas.
1201 585 1359 658 maneat,
1394 573 1455 643 dat
1475 567 1649 664 hospitia,
1681 586 1867 644 conservat
1888 575 2092 662 connubia,
2120 599 2196 668 pro·

151 679 293 753 Romae
308 680 427 768 legum
450 674 649 744 reverentia
664 674 816 759 mansit,
841 675 954 744 donec
969 675 1151 764 Augustus
1202 676 1428 757 creationem,
1456 673 1715 761 educationem,
1741 689 1955 765 contractus,
1980 679 2194 764 literas,.do-

155 784 263 867 vixit,
296 783 354 851 sed
381 793 533 871 utroque
552 777 633 847 loco
655 778 757 846 brevi
782 792 862 869 post
885 779 1045 871 oppressi
1070 791 1154 848 sunt
1203 780 1352 850 ctrinam
1368 780 1412 848 de
1425 780 1527 849 coelo
1544 777 1729 852 traditam:
1757 801 1830 848 esse
1854 779 1966 871 igitur
1980 796 2104 853 coetus
2119 780 2194 874 legi·

157 887 252 957 eires
266 884 477 980 tyrannide,
502 895 535 951 et
550 880 642 970 leges
666 880 936 962 conticuerunt,
962 895 1003 952 ut
1021 880 1153 952 Solone
1202 884 1270 952 bus
1287 883 1426 952 iunctos
1442 905 1582 952 necesse
1594 880 1672 952 erit.
1726 880 1848 971 Quare
1863 883 2002 955 etiamsi
2019 885 2193 956 multaiu-
2242 924 2243 931 κ

156 991 240 1059 vivo
266 986 473 1058 Pisistratus
497 984 617 1076 rapuit
646 984 947 1070 dominationem,
981 997 1061 1075 post
1076 984 1154 1054 Au-
1203 987 1327 1056 cidunt
1350 999 1529 1078 tempora,
1561 984 1694 1078 quibus
1717 985 1861 1077 politica
1884 988 2061 1080 sapientia
2080 1011 2192 1081 parum

157 1106 298 1184 gustum
339 1114 422 1158 mox
463 1087 608 1182 tyranni
651 1088 789 1180 aliquot
821 1112 929 1180 quam
964 1088 1156 1157 crudeliter
1203 1086 1310 1160 habet
1331 1087 1419 1173 loci,
1444 1101 1484 1158 ut
1506 1088 1545 1156 in
1561 1087 1775 1158 saevissimis
1793 1092 2063 1182 tempestatibus
2079 1105 2192 1163 nauta
2241 1144 2243 1166 ,

158 1194 305 1287 grassati
329 1204 414 1264 sunt
442 1190 481 1259 in
507 1188 686 1281 Rempub.
742 1188 839 1260 llaec
869 1192 1027 1283 exempla
1054 1213 1155 1283 saepe
1204 1194 1310 1284 periti
1327 1193 1536 1277 vincuntur,
1567 1204 1688 1260 tamen
1705 1193 1819 1261 donec
1836 1193 1905 1264 erit
1919 1190 2103 1280 Ecclesia,
2126 1216 2192 1265 ooo

157 1311 304 1367 movent
328 1297 435 1367 etiam
464 1317 612 1384 magnos
640 1288 821 1378 homines,
854 1308 894 1364 ut
917 1308 978 1365 aut
1004 1294 1156 1377 nullum,
1205 1313 1261 1368 tus
1283 1309 1388 1366 erunt
1411 1295 1548 1384 legibus
1572 1294 1707 1379 iuncti,
1734 1289 1799 1364 hos
1821 1295 1852 1364 si
1869 1310 2047 1387 regerent.
2061 1297 2193 1383 indocti,
2241 1342 2243 1354 ·

158 1415 221 1473 aut
236 1401 400 1490 exiguum
415 1420 519 1468 usum
533 1420 606 1465 esse
621 1411 763 1467 nostrae
778 1397 960 1467 doetrinae
978 1398 1156 1468 arbitrcn-
1205 1403 1281 1470 sine
1304 1413 1399 1468 certo
1424 1398 1529 1483 iure‚·
1544 1397 1620 1466 sine
1645 1396 1758 1467 literis
1781 1411 1816 1467 et
1836 1399 2061 1487 eruditione,
2087 1400 2198 1496 quales

159 1519 237 1591 tur,
266 1502 487 1599 quiquidem
503 1500 638 1569 dictum
654 1500 744 1570 illud
759 1497 942 1570 Ciceronis
957 1500 994 1569 in
1012 1525 1072 1570 ore
1091 1495 1157 1569 ha·
1206 1505 1372 1575 tenebrae
1392 1515 1507 1572 essent
1525 1500 1641 1570 vitae?
1667 1497 1721 1569 Ac
1735 1503 1841 1571 redeo
1858 1503 1902 1571 ad
1920 1505 2083 1596 exempla
2105 1527 2193 1597 supe·

158 1610 260 1680 bent:
297 1604 396 1676 Inter
412 1627 510 1674 arma
532 1603 639 1672 silent
661 1602 763 1693 leges.
815 1601 956 1673 Marius
978 1604 1087 1688 dixit,
1120 1627 1157 1673 se
1207 1609 1313 1681 riora.
1366 1604 1479 1676 Solon
1495 1605 1588 1693 leges
1606 1603 1756 1674 tradidit
1774 1601 1913 1675 Atticae
1930 1605 2101 1688 civitati,
2119 1631 2193 1701 quae

158 1712 277 1801 legum
293 1732 415 1778 vocem
438 1708 533 1775 inter
553 1706 697 1775 classica
716 1719 751 1775 et
766 1708 934 1776 tubarum
953 1730 1059 1776 sonos
1082 1731 1157 1775 non
1207 1710 1345 1781 etiamsi
1367 1733 1441 1778 non
1462 1708 1683 1778 sustulerunt
1707 1707 1828 1776 omnia
1843 1708 1953 1793 vitia,
1978 1722 2104 1780 tamen
2124 1734 2194 1781 ton·

158 1812 348 1886 audivisse.
381 1806 429 1879 Et
442 1808 687 1879 Nazianzenus
703 1810 747 1879 de
762 1807 903 1879 Iuliano
921 1810 1056 1904 inquit:
1084 1808 1159 1879 Vo-
1207 1827 1339 1885 tractus
1356 1828 1389 1884 et
1404 1812 1536 1881 iudicia
1554 1811 1707 1904 quadarn
1724 1803 1948 1881 humanitate
1965 1826 2196 1896 rexerunt,et

159 1920 335 1988 luntatem
353 1912 524 2004 principis
542 1937 615 1981 esse
630 1913 685 1982 ius
700 1936 774 1981 non
791 1913 973 2004 scriptum.
1026 1912 1075 1984 Ut
1090 1914 1157 2003 igi·
1207 1919 1408 1988 voluntates
1433 1914 1564 1983 civium
1586 1912 1861 1984 coniunxerunt.
1911 1912 1984 1984 'His
2012 1915 2197 2006 legibusal

141 2018 221 2090 'tur
243 2019 317 2110 ipse
342 2040 461 2085 meum
485 2015 664 2100 animum,
691 2031 724 2086 et
746 2016 775 2084 si
796 2040 885 2109 quos
899 2017 1046 2086 sortasse
1069 2018 1158 2085 alios
1207 2018 1372 2092 Romana
1389 2031 1547 2107 tempora
1570 2015 1674 2084 annis
1691 2015 1771 2106 plus
1787 2016 1992 2109 quingentis
2009 2020 2197 2092 civitatum

161 2122 386 2204 confirmem,
409 2118 561 2188 refutare
582 2118 679 2186 illam
696 2120 995 2210 vituperationem
1018 2134 1158 2191 nostrae
1208 2137 1269 2192 est.
1303 2118 1382 2193 Etsi
1397 2136 1513 2193 autern
1531 2118 1664 2188 interea
1681 2120 1768 2189 urbs
1781 2119 1877 2189 bello
1895 2118 2044 2192 Persico
2061 2123 2198 2194 ,incensa

161 2224 345 2295 doctrinae
359 2221 509 2300 institui,
535 2233 569 2290 et
585 2224 767 2291 ostendam
786 2235 821 2292 et
834 2246 920 2302 esse,
948 2236 981 2292 et
996 2224 1156 2292 futurum
1208 2240 1242 2295 et
1257 2226 1369 2295 deleta
1388 2236 1458 2309 est,
1484 2247 1564 2292 cum
1579 2221 1673 2290 cives
1692 2235 1806 2292 essent
1823 2222 1861 2290 in
1880 2223 2051 2313 navibus,
2077 2238 2198 2298 etum·

163 2350 237 2399 esse
252 2349 356 2397 usum
374 2319 478 2393 buius
496 2323 599 2408 artis,
623 2324 762 2395 etiamsi
781 2349 927 2414 magnae
942 2326 1098 2411 suerunt,
1126 2338 1158 2394 et
1208 2352 1264 2398 res
1287 2344 1321 2399 et
1344 2329 1476 2397 liberos
1498 2325 1718 2395 abdidissent
1737 2325 1832 2417 inter
1848 2327 2019 2416 scopulos
2042 2330 2194 2413 marinos,

161 2454 260 2500 nune
275 2442 375 2513 sunt,
401 2440 435 2498 et
451 2427 658 2519 impendent
674 2428 766 2497 aliae
783 2452 900 2496 rerum
921 2422 1158 2498 humanarum
1209 2447 1326 2502 tamen
1351 2454 1425 2499 non
1449 2441 1633 2520 propterea
1649 2426 1795 2499 Solonis
1810 2429 1907 2523 ¹leges
1923 2430 2082 2504 fuerunt
2103 2431 2192 2503 inuti·

160 2533 393 2613 mutationes,
418 2554 483 2599 nec
506 2531 611 2600 nobis
633 2532 791 2601 studium
818 2531 1057 2601 abiiciendum
1075 2556 1158 2611 esse,
1209 2537 1280 2620 les,
1306 2558 1396 2628 quac
1412 2547 1445 2603 et
1461 2545 1562 2601 antea
1578 2530 1615 2598 in
1632 2553 1717 2622 pace
1734 2532 2038 2624 tranquillitatem
2058 2535 2197 2607 retinue-

162 2637 223 2707 scd
240 2659 279 2706 co
296 2634 407 2724 magis
425 2634 634 2715 colendum,
667 2648 707 2704 ut
723 2649 961 2708 conservetur.
1014 2633 1160 2727 Acpri-
1209 2651 1308 2724 rant,
1332 2652 1366 2707 et
1383 2637 1565 2728 aliquanto
1591 2647 1688 2724 post,
1713 2657 1837 2703 rursus
1859 2634 2070 2709 instaurant
2095 2639 2197 2710 civita·

159 2764 259 2809 mum
275 2737 531 2809 constituamus
547 2760 619 2806 esse
631 2751 741 2807 artem
753 2737 950 2828 politicam:
977 2763 1051 2808 non
1064 2739 1159 2807 enim
1210 2758 1291 2813 tem.
1342 2738 1416 2809 Nec
1432 2739 1520 2807 illud
1539 2737 1640 2806 urbis
1664 2735 1889 2823 incendium,
1914 2740 1982 2809 etsi
2003 2741 2196 2833 ligneastr-

159 2844 289 2913 frustra
307 2839 405 2911 Deus
422 2840 554 2910 indidit
567 2835 735 2908 humanis
752 2841 932 2910 mentibus
946 2841 1038 2929 leges
1053 2855 1158 2911 natu·
1209 2846 1311 2915 bulas
1334 2840 1572 2932 consumpsit,
1612 2853 1798 2930 propterea
1824 2841 1917 2931 leges
1940 2844 2070 2916 delere
2094 2845 2193 2939 potuit

161 2969 232 3018 rae.
285 2941 424 3013 Harum
442 2942 709 3031 explicationem
729 2944 842 3014 voluit
858 2958 974 3014 extare
990 2945 1028 3012 in
1045 2945 1160 3014 literis
1211 2973 1300 3041 qnae
1316 2946 1442 3014 infixae
1458 2942 1586 3012 animis
1603 2942 1732 3012 civium
1749 2957 1825 3013 tum
1841 2947 1998 3017 maxime
2014 2949 2195 3020 valuerunt

162 3060 197 3118 et
211 3046 454 3116 monumentis
469 3045 689 3136 sapientum,
717 3040 809 3116 haine
825 3049 939 3118 voluit
955 3071 1028 3117 esse
1047 3049 1160 3140 impe·
1209 3049 1286 3121 Hac
1310 3047 1498 3139 disciplina
1520 3045 1675 3116 instituti
1703 3046 1815 3127 cives,
1847 3062 1982 3119 norant
2011 3051 2190 3123 barbato·

159 3149 298 3219 riorum
316 3163 350 3220 et
368 3148 584 3218 iudiciorum
602 3150 770 3239 regulam,
796 3176 887 3244 quae
903 3176 977 3221 non
995 3166 1159 3244 propter·
1212 3177 1326 3223 mores
1342 3177 1417 3221 non
1437 3174 1509 3219 esse
1536 3148 1795 3233 admittendos,
1818 3163 1950 3220 norant
1966 3152 2196 3226 dimicandu

162 3277 200 3322 ea
226 3248 319 3321 nihil
343 3264 414 3337 est,
446 3251 584 3321 etiamsi
600 3254 730 3323 multae
745 3252 833 3321 aliae
851 3279 907 3323 res
922 3255 1160 3344 gubernatio·
1211 3281 1285 3327 csse
1314 3253 1514 3325 coniunctis
1534 3252 1671 3322 viribus
1703 3275 1766 3341 pro
1788 3252 2003 3324 defensione
2031 3254 2200 3334 liberata.

161 3380 244 3424 nem
266 3354 518 3426 interturbant.
559 3354 607 3427 Ut
622 3379 677 3425 ars
695 3356 829 3425 medica
850 3382 932 3427 vera
959 3373 1010 3431 est
1027 3359 1159 3427 divini·
1211 3355 1279 3430 hoc
1293 3373 1364 3444 est,
1390 3356 1598 3447 disciplinae
1615 3368 1649 3423 et
1668 3349 1810 3424 honesti
1833 3368 1968 3444 status,
1993 3373 2030 3431 et
2056 3354 2202 3431 oblim

161 3472 218 3529 tus
241 3458 390 3543 tradita,
420 3471 456 3528 et
484 3457 647 3528 salutaris
671 3454 828 3529 humano
852 3460 991 3550 generi,
1025 3461 1160 3532 etiamsi
1211 3487 1352 3533 causam
1369 3461 1507 3531 omissis
1522 3457 1669 3551 privatis
1685 3458 1956 3545 certaminibus,
1985 3460 2204 3535 concordiam

162 3585 310 3652 corpora
334 3555 491 3630 humana
512 3585 588 3630 non
612 3575 752 3632 tantum
776 3565 930 3633 medicae
951 3565 1036 3634 artis
1058 3588 1161 3655 prae·
1212 3569 1306 3637 inter
1332 3589 1367 3633 se
1399 3564 1610 3647 tuebantur,
1647 3562 1813 3632 extabant
1840 3562 1952 3652 leges,
1989 3578 2028 3637 et
2058 3563 2204 3661 quotidie

55 3696 60 3707 ’
163 3664 272 3754 ceptis
286 3675 470 3751 reguntur,
489 3665 550 3732 sed
566 3687 667 3754 saepe
685 3664 844 3750 occultis,
863 3680 924 3737 aut
937 3668 1064 3737 subitis
1079 3691 1161 3736 cau·
1212 3694 1332 3739 earum
1347 3666 1505 3756 exempla
1520 3666 1768 3755 spectabantur
1782 3666 1820 3733 in
1836 3665 1937 3735 lactis
1946 3661 2206 3750 Themistoclis.

163 3766 211 3835 sis
225 3765 428 3846 laeduntur,
452 3790 542 3859 quae
556 3767 735 3857 provideri
752 3791 825 3844 non
842 3783 1010 3860 possunt:
1031 3771 1077 3840 ita
1094 3795 1162 3839 no·
1213 3770 1403 3854 Aristidae‚
1422 3766 1595 3846 Cimonis,
1613 3780 1647 3835 et
1659 3768 1810 3837 aliorum
1824 3763 2066 3840 honestorum
2080 3771 2206 3843 civim

164 3881 236 3938 stra
263 3891 319 3938 ars
339 3892 423 3938 vera
444 3881 517 3957 est,
544 3868 717 3939 divinitus
736 3885 931 3942 monstrata
954 3874 1073 3963 generi
1093 3866 1161 3941 bu·
1214 3875 1277 3947 lta·
1291 3900 1371 3945 cum
1388 3872 1505 3946 Roma
1530 3895 1549 3938 a
1566 3866 1682 3938 Gallis
1705 3884 1906 3960 caperetur,
1933 3895 2013 3941 non
2031 3888 2207 3967 propterea

164 3995 294 4055 mano,
328 3983 362 4041 et
388 3971 570 4057 salutaris,
605 3972 743 4041 etiamsi
776 3973 865 4043 aliae
891 3999 947 4044 res
976 3978 1162 4060 accedunt,
1213 3976 1371 4068 Respub.
1387 3976 1500 4044 deleta
1517 3985 1588 4058 est,
1616 3973 2101 4048 etiamsiaediliciaincensa
2118 3986 2206 4049 sunta

164 4096 254 4168 quae
269 4068 362 4142 hanc
375 4073 583 4164 sapientiam
602 4099 704 4166 saepe
721 4077 932 4168 reprimunt.
985 4077 1161 4147 Laceran-
1214 4081 1343 4150 mansit
1366 4079 1462 4147 enim
1487 4076 1600 4145 virtus
1623 4089 1657 4144 et
1677 4075 1866 4166 disciplina
1882 4074 2020 4147 civium
2046 4080 2209 4171 alegibw

164 4193 226 4249 tur
240 4176 388 4267 imperia
405 4177 584 4247 interdum
602 4178 770 4249 fatalibus
784 4182 929 4270 poenis,
952 4181 1009 4251 vel
1027 4181 1163 4250 diaboli
1214 4197 1303 4254 orta.
1330 4179 1426 4251 Haec
1437 4179 1614 4272 praesidio
1625 4189 1660 4248 et
1675 4177 1781 4247 saluti
1796 4192 1879 4249 sunt
1893 4179 2057 4251 civibus:
2084 4176 2209 4261 etiamsi,

163 4280 285 4351 lurore
308 4293 341 4350 et
362 4292 597 4374 tyrannorum
614 4282 883 4373 cupiditatibus:
923 4286 1015 4356 cedit
1032 4266 1170 4355 talibus'
1216 4286 1309 4357 Nero
1335 4284 1592 4378 aliquantisper
1618 4280 1845 4350 latrocinium
1870 4282 1966 4353 inter
1993 4283 2096 4356 cives
2123 4306 2210 4356 erer-

165 4383 387 4474 temporibus
402 4382 572 4474 sapientia
587 4385 742 4475 politica.
1216 4391 1309 4474 cuit,
1334 4413 1374 4458 ac
1388 4386 1564 4479 oppressis
1578 4384 1714 4473 legibus
1731 4384 1835 4456 etiam
1853 4368 2123 4461 Iurisconsulto
2134 4384 2211 4459 Cat·

269 4483 369 4574 Quid
384 4485 480 4555 enim
496 4487 566 4555 loci
579 4502 653 4558 erat
667 4489 772 4558 bonis
787 4490 891 4576 viris,
918 4517 997 4561 cum
1016 4492 1163 4581 triginta
1215 4494 1267 4563 sio
1282 4491 1448 4582 Longino
1464 4489 1586 4559 oculos
1609 4487 1748 4557 effodit:
1775 4487 1912 4558 etiamsi
1927 4484 2131 4563 Bassianus
2148 4489 2212 4559 in·
2241 4486 2243 4497 '

86 4598 90 4608 '
165 4589 312 4683 tyranni
334 4602 498 4659 tenerent
515 4585 698 4660 Athenas?
731 4589 780 4661 Et
801 4594 884 4686 quia
902 4618 1005 4685 saepe
1022 4596 1163 4665 violen-
1216 4611 1269 4667 tre
1305 4607 1448 4678 necato,
1490 4592 1597 4661 etiam
1633 4587 1870 4683 Papinianum
1913 4587 2213 4665 Iurisconsultus·

166 4691 215 4760 tia
234 4692 460 4776 dominatur,
486 4707 520 4764 et
538 4694 672 4763 multae
695 4695 850 4766 existunt
875 4698 1012 4767 subitae
1037 4711 1072 4768 et
1094 4699 1163 4766 im·
1216 4699 1396 4769 nolentem
1412 4706 1612 4788 praetextus
1629 4693 1762 4784 lingere
1779 4695 1825 4764 ad
1842 4697 2091 4767 excusandum
2106 4692 2213 4791 pam'·

167 4793 330 4883 provisae
345 4793 570 4879 mutationes,
595 4791 764 4887 Epicurei
779 4811 906 4890 putant
920 4823 975 4868 res
989 4794 1164 4870 humanas
1216 4802 1349 4872 sidium
1367 4797 1554 4878 interfecit,
1581 4809 1701 4866 tamen
1717 4822 1791 4867 nou
1807 4809 1995 4888 propterea
2011 4799 2057 4870 in
2075 4798 2214 4871 unirer·

170 4916 253 4962 casu
284 4895 387 4982 ferri,
420 4911 454 4966 et
486 4911 625 4968 tantum
654 4924 830 4993 quemque
863 4904 1024 4972 obtinere
1050 4928 1164 4994 posse,
1216 4930 1294 4977 sum
1310 4904 1445 4973 deletae
1460 4914 1561 4972 erant
1574 4899 1677 4989 leges.
1728 4898 1782 4970 Ne
1803 4899 1969 4970 funditus
1989 4903 2132 4993 periret
2153 4896 2214 4971 ltu·

169 5010 342 5089 quantum
359 4999 452 5068 valet
473 5001 642 5090 potentia.
698 5002 766 5073 Sed
787 5028 872 5089 uos,
900 5006 961 5099 qui
985 5006 1023 5073 in
1039 5002 1163 5077 Eccle-
1217 5030 1363 5078 manum
1397 5029 1528 5096 genus,
1566 4999 1664 5073 Deus
1689 4997 1806 5073 adhuc
1837 5001 2031 5092 politicum
2057 5006 2214 5076 ordinem

169 5097 222 5167 sia
237 5093 306 5168 Dei
322 5099 485 5186 instituti,
509 5117 604 5172 certo
619 5104 749 5174 scimus
764 5102 878 5176 Deum
896 5132 969 5177 esse
988 5108 1163 5198 inspecto·
1216 5113 1310 5203 apud
1327 5110 1466 5202 aliquos
1480 5107 1665 5192 tuebatur,
1692 5119 1794 5176 erant
1808 5104 1941 5175 alicubi
1957 5104 1999 5177 in
2024 5104 2215 5200 provinciis

169 5225 245 5271 rem
260 5212 294 5270 et
312 5201 465 5271 iudicem
482 5203 637 5276 universi
659 5208 796 5298 generis
819 5203 987 5296 humani,
1013 5212 1163 5281 sciamus
1216 5211 1447 5304 Magistratus
1471 5210 1684 5294 mediocres,
1715 5209 1778 5302 qui
1800 5208 1917 5299 legum
1940 5232 2073 5280 vocem
2098 5206 2214 5281 audie·

169 5303 317 5394 imperia
334 5328 449 5397 neque
464 5306 569 5394 oriri,
596 5334 711 5404 neque
729 5310 873 5381 interire
888 5337 981 5385 casu.
1022 5311 1164 5384 Deinde
1217 5319 1313 5386 bant.
1365 5313 1448 5385 Non
1463 5314 1657 5384 amittenda
1675 5325 1727 5382 est
1749 5310 1859 5401 igitur
1872 5311 2068 5384 doctrinae
2087 5311 2212 5407 proles·

169 5399 236 5475 bac
252 5431 318 5477 nos
336 5408 577 5481 consolatione
592 5413 747 5482 maxime
768 5427 1014 5487 sustentemus.
1064 5414 1113 5489 Et
1133 5418 1164 5487 si
1217 5419 1291 5499 sio,
1323 5418 1459 5488 etiamsi
1483 5431 1545 5488 aut
1564 5416 1676 5495 bella,
1707 5428 1768 5485 aut
1781 5412 1991 5509 tyrannides
2005 5412 2210 5512 aliquantis-

169 5511 326 5583 concutit
348 5505 445 5582 Deus
467 5525 528 5586 aut
554 5515 680 5588 evertit
702 5516 868 5610 imperia,
895 5533 1013 5591 tamen
1036 5516 1163 5593 Eccle-
1216 5544 1281 5615 per
1304 5520 1378 5592 eius
1400 5544 1505 5593 usum
1527 5517 1744 5613 impediunt:
1771 5517 1845 5588 imo
1863 5517 1961 5590 bona
1982 5517 2132 5613 ingenia
2149 5511 2207 5587 boe
