4664 6022
30 305 116 382 749.
251 356 253 361 -
377 348 386 367 ›
464 299 638 385 DECL.
682 300 759 379 DE
794 299 1700 385 nter-oeauulznuttsusrmch
2004 315 2084 386 750

138 476 233 551 Cum¹
254 477 366 569 igitur
393 491 464 552 tam
485 479 601 551 dulcis
621 477 817 550 consolatio
840 475 880 548 in
899 478 1030 550 talibus
1085 474 1128 546 ln
1154 468 1210 546 his
1234 476 1403 569 exemplis
1426 481 1614 572 monstrat!
1629 478 1725 552 Dens
1746 482 1835 554 iram
1865 506 1964 557 suam
1975 504 1991 556 ε·
2018 490 2079 558 sed

30 580 141 653 dictis
169 582 348 674 proposita
370 581 432 662 sit,
466 581 632 673 inligatur
653 581 804 666 animis,
836 594 877 652 ut
899 605 964 650 uos
992 580 1031 649 in
1087 601 1132 647 ne
1147 590 1260 648 toturn
1281 602 1390 668 genus
1410 573 1607 650 humanum
1630 581 1668 652 in
1689 585 1911 677 sempiternis
1927 589 2081 660 miseriis

29 706 144 757 eursu
160 680 391 756 honestorum
407 685 639 755 consiliorum
655 685 850 757 confirmet.
1085 681 1148 765 sit,
1173 682 1272 749 Deus
1283 681 1451 752 immensa
1464 683 1703 756 misericordia
1719 703 1864 779 propter
1877 690 1989 758 filium
2004 693 2079 762 col-

138 781 290 856 Addidit
306 800 425 858 autem
443 777 554 858 Divus
569 784 702 856 Paulus
719 784 958 856 eruditissime
974 808 1033 855 ra·
1083 782 1163 872 ligit
1177 779 1389 868 Ecclesiam,
1415 797 1449 854 et
1473 784 1589 871 iuvat,
1621 801 1663 858 ut
1677 789 1709 856 ei
1725 789 1843 884 aliqua
1865 786 1961 880 grata
1979 793 2077 867 fiant.

29 890 206 969 tionema
232 912 334 959 causa
353 889 451 959 finali
467 901 658 979 sumptam:
693 887 809 976 Quam
826 889 873 956 ob
889 910 1030 957 causam
1083 882 1177 954 Nero
1202 882 1317 953 Deum
1343 885 1490 954 immani
1511 887 1632 957 lurore
1654 893 1865 963 contemnit:
1892 907 1928 964 at
1944 892 2076 966 Paulus

28 991 174 1079 colligit
198 984 233 1061 et
254 992 352 1061 iuvat
377 991 473 1061 Deus
494 988 713 1060 Ecclesiam?
763 985 1032 1081 Propterhanc,
1082 986 1216 1056 interea
1232 1010 1349 1056 veram
1362 986 1491 1058 deDeo
1508 991 1706 1061 doctrinam
1724 995 1874 1084 spargit,
1894 1019 1977 1065 vere
1993 1021 2077 1070 eum

27 1093 170 1187 inquit,
196 1108 234 1163 ut
252 1094 369 1185 aliqua
385 1090 462 1162 Deo
478 1106 574 1181 grata
592 1093 689 1163 fiant.
1083 1088 1245 1173 invocat,
1270 1102 1305 1159 et
1324 1104 1476 1179 praestat
1491 1108 1624 1163 caetera
1645 1095 1757 1163 officia
1776 1096 1841 1187 ipsi
1859 1111 1971 1187 grata.
2024 1098 2075 1170 lta

40 1262 43 1267 .
137 1194 234 1266 Haec
264 1195 359 1264 enim
394 1193 514 1263 nativa
542 1208 594 1265 est
626 1192 815 1264 verborum
845 1190 1035 1265 sententia.
1082 1214 1198 1275 nunc,
1233 1191 1296 1259 etsi
1321 1192 1423 1262 multi
1449 1194 1591 1287 tyranni
1617 1210 1651 1266 et
1670 1195 1731 1264 alii
1755 1192 1872 1269 hostes
1889 1196 2077 1289 Evangelii

26 1291 170 1391 Estque
189 1296 338 1367 eruditis
361 1295 557 1366 iucundum
582 1310 617 1367 et
643 1295 745 1366 valde
764 1295 870 1381 utile,
896 1296 1032 1367 intelli·
1081 1289 1196 1362 Deum
1220 1306 1471 1378 contemnunt,
1504 1309 1622 1366 tamen
1642 1298 1693 1390 pii
1711 1299 1978 1370 concionatores
1997 1303 2077 1374 Deo

28 1422 117 1492 gere
137 1394 315 1491 phrasim,
349 1411 384 1467 et
407 1400 597 1469 verborum
620 1400 789 1489 pondera.
850 1398 1030 1469 Discernit
1082 1407 1179 1483 grata
1196 1394 1346 1465 iaciunt:
1375 1408 1409 1466 et
1431 1397 1480 1487 pii
1502 1392 1701 1469 scholastici
1720 1402 1889 1472 sedulitas
1907 1404 2075 1474 discentis

27 1517 152 1577 sertem
176 1497 244 1573 huc
264 1502 342 1570 loco
361 1500 479 1571 Divus
494 1498 626 1570 Paulus
640 1500 766 1570 muudi
786 1501 940 1585 furores,
966 1498 1030 1592 qui
1053 1516 1057 1559 1
1080 1491 1335 1586 Evangelium,
1358 1498 1492 1588 gratius
1507 1500 1595 1591 opu's
1612 1499 1691 1572 Deo
1707 1517 1779 1589 est,
1806 1529 1911 1598 quam
1935 1503 2075 1577 Hercu·

26 1605 125 1676 iram
142 1601 207 1672 Dei
224 1600 446 1672 horribiliter
470 1601 629 1687 irritant,
655 1602 903 1673 asalutarihus
920 1602 1029 1672 actio·
1053 1588 1056 1653 Ι
1081 1595 1144 1683 lis,
1176 1597 1391 1683 Alexandri,
1423 1615 1484 1671 aut
1509 1599 1592 1671 lulii
1616 1603 1755 1676 labores
1776 1606 1936 1697 ingentes
1960 1608 1997 1676 in
2020 1620 2075 1679 tot

25 1708 144 1781 nibus
170 1720 204 1776 et
226 1704 303 1776 Deo
319 1704 559 1796 placentibus,
592 1728 682 1797 quae
701 1704 790 1774 liunt
808 1705 845 1772 in
860 1701 1028 1776 Ecclesia.
1053 1670 1056 1727 l
1079 1701 1240 1791 praeliis,
1273 1699 1311 1769 in
1332 1714 1384 1771 tot
1407 1703 1550 1771 urbium
1578 1706 1743 1789 excidiis,
1774 1708 1812 1776 in
1838 1721 1890 1780 tot
1914 1709 2075 1800 gentium

28 1808 149 1900 Quasi
164 1809 275 1877 dieat:
309 1805 390 1877 Non
407 1806 482 1878 vult
495 1803 592 1878 Deus
611 1807 816 1875 universum
834 1828 944 1896 genus
962 1801 1030 1874 hu·
1053 1793 1057 1907 j
1079 1801 1371 1894 dissipationibus
1386 1806 1598 1897 consumpti.

28 1935 182 1997 manum
197 1910 326 1980 frustra
342 1909 526 1980 conditum
542 1931 635 1988 esse,
660 1922 694 1977 et
716 1908 875 1978 furenter
890 1932 930 1978 ac
943 1908 1030 1977 assi·
1052 1918 1058 2069 ί
1181 1901 1277 1974 Haec
1301 1905 1443 1976 collatio
1464 1931 1566 1999 saepe
1592 1910 1778 2000 cogitanda
1795 1927 1865 2001 est,
1889 1926 1930 1986 ut
1945 1937 2011 1983 nos
2028 1917 2071 1983 ad

32 2015 108 2091 due
127 2010 244 2083 Deum
263 2011 478 2084 contumelia
499 2011 663 2081 adlicere:
697 2012 759 2081 sed
787 2011 941 2101 excerpit
962 2009 1030 2078 ali·
1080 2004 1196 2077 studia
1212 2018 1247 2076 et
1262 2007 1307 2075 ad
1326 2002 1491 2079 honestas
1507 2010 1661 2083 actiones
1685 2009 1751 2084 hae
1769 2019 1860 2086 duae
1877 2040 2000 2086 causae
2015 2017 2073 2084 in-

32 2138 144 2211 quaro
167 2129 321 2207 partem,
355 2137 445 2209 quae
468 2127 634 2204 agnoscat
657 2113 791 2204 ipsum,
817 2127 852 2183 et
873 2135 1030 2183 verece-
1080 2108 1209 2179 vitent:
1244 2111 1338 2202 qnod
1361 2111 1526 2184 videlicet
1553 2116 1726 2185 auxilium
1745 2113 1813 2186 Dei
1841 2117 2073 2211 promittitur.

31 2218 170 2304 lebret,
190 2231 224 2288 et
241 2217 272 2287 ei
290 2230 388 2308 grata
402 2215 516 2286 officia
532 2228 699 2307 praestet,
726 2215 891 2285 videlicet
903 2211 1029 2285 Eccle-
1078 2206 1127 2280 Et
1148 2212 1242 2304 quod
1267 2212 1430 2283 adfirmat
1450 2211 1547 2284 Dens
1567 2218 1681 2286 officia
1700 2213 1878 2288 Ecclesiae
1891 2219 1957 2289 sibi
1975 2231 2075 2309 grata

30 2323 137 2394 siam
189 2324 235 2390 At
253 2320 290 2389 in
306 2319 442 2413 reliqua
459 2318 689 2389 multitudine
705 2319 827 2411 quales
844 2318 915 2391 sint
930 2320 1031 2390 iuro·
1081 2336 1166 2386 csse.
1220 2312 1328 2401 Quod
1346 2339 1426 2385 eum
1441 2316 1488 2386 ita
1504 2317 1567 2402 sit,
1593 2333 1737 2411 propter
1752 2321 1810 2411 pia
1831 2322 1948 2391 studia
1963 2335 1998 2390 et
2012 2344 2074 2388 ve-

28 2446 112 2503 res,
138 2420 432 2493 indicatPsalm.:
467 2421 567 2492 Dixit
586 2421 758 2511 insipiens
778 2421 816 2489 in
832 2423 937 2491 corde
955 2444 1031 2505 suo,
1080 2440 1155 2486 ram
1187 2416 1466 2502 invocationem,
1499 2443 1624 2508 magna
1656 2422 1808 2513 praemia
1841 2424 1903 2494 dat
1923 2421 2074 2512 singulis

29 2550 112 2597 non
130 2521 301 2593 estDcus.
338 2522 490 2594 Plurimi
505 2523 621 2614 palam
636 2536 723 2593 sunt
735 2519 920 2617 Epicurei,
944 2518 1030 2593 hor·
1079 2518 1265 2610 privatim,
1290 2530 1324 2587 et
1349 2520 1432 2590 totis
1454 2521 1883 2610 gentibuscommuniter.
1933 2522 2076 2614 Pacem,

30 2624 139 2699 ribili
155 2624 307 2694 amentia
320 2626 580 2712 adseverantes,
606 2620 700 2695 nihil
714 2624 923 2711 esseDeum,
946 2627 1030 2696 nul·
1079 2620 1232 2703 victum,
1267 2623 1447 2692 moderata
1473 2623 1640 2714 imperia,
1678 2625 1922 2697 doctrinarum
1946 2627 2075 2711 lucem,

32 2729 113 2797 lam
135 2749 207 2797 esee
226 2726 504 2816 providentiam,
537 2729 659 2801 omnia
680 2753 763 2801 casu
779 2742 860 2800 nata
878 2754 969 2814 esse,
995 2744 1029 2801 et
1081 2723 1117 2793 in
1135 2722 1293 2793 consiliis
1316 2737 1351 2794 et
1373 2725 1523 2814 negotiis
1548 2726 1695 2815 privatis
1709 2741 1743 2797 et
1757 2729 1909 2818 publicis
1929 2728 2074 2797 foelices

31 2828 186 2915 interire
206 2851 308 2914 casu,
344 2826 438 2902 nihil
458 2847 588 2903 restare
610 2828 767 2902 huminis
791 2835 886 2925 quod
918 2833 1031 2921 vigeat
1054 2796 1059 2975 ἰ
1080 2850 1276 2906 successus,
1310 2828 1371 2896 dat
1393 2824 1506 2896 Deus:
1541 2829 1623 2922 quia
1646 2824 1824 2900 Ecclesiae
1850 2831 1963 2901 officia
1988 2854 2076 2921 pro-

10 2943 70 3033 *et
85 2930 200 3019 sapiat
222 2947 299 3020 post
314 2927 405 3003 hanc
422 2934 541 3004 vitam.
565 2996 569 3004 .
592 2931 665 3002 Atii
689 2935 792 3002 multi
809 2935 947 3023 tingunt
961 2935 1030 3004 sibi
1080 2933 1151 2999 bat.
1210 2926 1307 3015 Quid
1332 2941 1381 2998 est
1405 2929 1563 3015 tristius,
1594 2954 1700 3025 qnam
1731 2928 1913 3002 hominem
1945 2933 1994 3001 ita
2019 2932 2072 2998 vi-

27 3030 104 3125 ipsi
123 3033 291 3110 numina,
318 3047 352 3101 et
369 3032 434 3103 Dei
447 3029 621 3103 honorem
639 3034 805 3103 tribuunt
821 3034 956 3105 statuis.
1081 3054 1181 3112 vere,
1205 3042 1246 3098 ut
1270 3042 1406 3099 tantum
1429 3031 1543 3101 irritet
1566 3032 1655 3101 iram
1670 3031 1758 3116 Dei,
1784 3049 1819 3105 et
1832 3035 1988 3113 cumulet
2003 3033 2073 3103 sibi

40 3190 54 3197 ..
139 3129 246 3199 Tales
279 3132 308 3198 si
339 3132 559 3216 consideres,
597 3134 700 3201 facile
725 3132 876 3221 intelligi
906 3146 1031 3224 potest,
1081 3142 1116 3198 et
1130 3129 1210 3198 aliis
1225 3131 1381 3219 poenas?
1430 3126 1607 3202 Econtra
1623 3134 1708 3225 quid
1725 3136 1852 3204 melius
1870 3149 1940 3219 est,
1966 3158 2074 3227 qnam

30 3232 205 3315 eurdicat
216 3231 364 3302 Paulus:
393 3232 477 3303 ldeo
487 3230 681 3304 Ecclesiam
699 3233 837 3324 excerpi
851 3258 891 3303 ex
906 3257 1031 3322 genere
1081 3231 1128 3299 ita
1146 3229 1285 3314 vivere,
1310 3243 1352 3300 nt
1367 3229 1444 3300 Deo
1459 3255 1581 3302 cursus
1597 3248 1680 3304 tuus
1701 3233 1862 3324 placeat?
1894 3249 1929 3305 et
1950 3236 2015 3304 tibi
2039 3249 2072 3303 et

30 3330 215 3418 humano,
249 3346 283 3404 et
304 3335 439 3416 iuvari,
472 3351 514 3407 ut
537 3336 609 3405 sint
630 3326 742 3430 aliqui
764 3350 861 3424 grata
884 3333 960 3405 Deo
977 3336 1030 3405 fa·
1081 3331 1215 3423 patriae
1231 3347 1311 3401 tuae
1326 3332 1491 3403 salutaris
1504 3334 1575 3404 sit?

36 3436 179 3509 cientes.
232 3436 324 3507 Nam
341 3433 505 3528 Epicurei
523 3452 556 3507 et
570 3451 766 3508 statuarum
781 3437 934 3506 cultores
950 3450 1032 3507 tan·
1183 3430 1279 3502 llaec
1302 3434 1513 3524 cogitantes,
1545 3449 1579 3506 et
1601 3437 1668 3527 ipsi
1699 3437 1892 3507 excitemur
1913 3439 1957 3509 ad
1980 3451 2076 3507 recte

34 3535 88 3609 tia
107 3539 332 3609 contumeliis
354 3539 497 3611 irritant
519 3539 606 3609 iram
625 3539 692 3610 Dei
711 3541 879 3609 adversus
899 3540 1032 3631 seipsos
1081 3535 1301 3619 laciendum,
1334 3552 1368 3606 et
1390 3550 1548 3624 petamus
1572 3539 1743 3608 auxilinm
1763 3537 1848 3623 Dei,
1873 3553 1912 3609 ut
1930 3536 1988 3610 hic
2007 3543 2074 3608 do-

32 3641 254 3711 etedversus
270 3653 380 3710 totam
394 3665 513 3711 rerum
527 3655 708 3721 naturam,
734 3656 776 3713 ut
793 3655 939 3732 propter
952 3665 1032 3711 exe-
1081 3634 1290 3707 cetPaulus:
1315 3636 1410 3707 Deus
1423 3639 1546 3725 efficit,
1571 3654 1610 3709 ut
1625 3640 1824 3731 perficiatis.
1877 3640 1935 3712 Tu
1954 3642 2075 3732 igitur,

29 3742 188 3817 crandos
219 3737 348 3811 horum
375 3745 514 3812 lurores
544 3743 661 3814 subito
689 3742 919 3813 interiturum
942 3754 1033 3813 esset
1082 3752 1221 3810 aeterne
1243 3739 1358 3823 Deus,
1390 3755 1491 3831 pater
1517 3739 1664 3812 Domini
1687 3744 1800 3814 nostri
1824 3740 1901 3813 lesu
1927 3739 2076 3824 Christi,

28 3841 243 3919 universum
276 3867 386 3934 genus
415 3840 632 3930 humanum,
661 3844 732 3914 nisi
752 3841 851 3914 Deus
873 3868 956 3915 suae
979 3844 1032 3913 illi
1082 3840 1249 3911 conditor
1274 3841 1435 3911 omnium
1465 3867 1585 3915 rerum
1616 3858 1651 3916 et
1671 3841 1848 3914 Ecclesiae
1870 3858 1969 3927 tuae,
2001 3870 2076 3915 una

30 3938 245 4017 haereditati
262 3958 437 4036 parceret,
457 3970 564 4041 ‘tuam
582 3946 758 4037 excerpit,
782 3959 917 4040 etquae
930 3969 1033 4016 veros
1083 3967 1163 4013 cnm
1177 3942 1250 4011 filio
1267 3955 1330 4013 tuo
1352 3938 1511 4014 Domino
1530 3961 1652 4017 nostro
1671 3942 1750 4015 lesu
1766 3940 1910 4016 Christo
1934 3961 1968 4019 et
1991 3946 2075 4038 Spi-

23 4040 107 4133 ¹Dei
129 4042 283 4117 honores
305 4046 397 4117 tueri
417 4050 551 4119 studet.
595 4046 699 4137 Quid
721 4048 825 4118 multi
850 4048 937 4117 alii?
970 4048 1033 4144 qui
1083 4044 1155 4114 ritu
1178 4057 1298 4112 sancto
1322 4056 1404 4128 ltro,
1436 4046 1601 4115 miserere
1626 4047 1757 4132 nostri,
1782 4062 1927 4140 propter
1939 4049 2076 4118 media·
2181 4080 2185 4088 ¹

10 4142 116 4225 ·Deo
132 4161 355 4240 anteponunt
372 4149 562 4235 libidines,
598 4149 806 4243 tyrannides
814 4144 833 4230 ,’
865 4149 1033 4222 iniustam
1083 4160 1195 4217 torem
1214 4159 1375 4217 nostrum
1387 4145 1502 4216 lesum
1514 4142 1716 4232 Christum,
1743 4164 1777 4220 et
1791 4151 1942 4219 accende
1956 4165 2077 4243 pecto·

13 4249 255 4355 ‚vindictam
280 4251 447 4344 rapinas?
486 4249 554 4320 His
568 4251 759 4322 sceleribus
773 4264 948 4344 quantum
962 4251 1034 4321 ira·
1083 4272 1121 4317 ra
1139 4259 1259 4317 nostra
1269 4246 1406 4340 Spiritu
1424 4263 1635 4334 tuosancte,
1662 4273 1729 4319 nos
1743 4274 1840 4342 rege,
1865 4264 1900 4322 et
1914 4252 2015 4334 inva,
2036 4264 2076 4320 ut

10 4358 156 4425 'stetur
176 4349 294 4441 Deus,
327 4354 483 4444 conspici
503 4354 543 4422 in
563 4375 757 4442 poenarum
778 4353 947 4444 exemplis
966 4377 1033 4446 po·
1083 4349 1200 4419 studia
1231 4363 1351 4420 nostra
1382 4364 1416 4420 et
1440 4364 1552 4419 toturn
1580 4365 1743 4420 nostrum
1767 4353 1985 4423 curriculum
2010 4351 2078 4421 tihi

28 4466 124 4538 sest.
160 4477 242 4522 nam
256 4456 404 4541 ‚multae
427 4478 575 4544 magnae
602 4468 723 4544 gentes
747 4455 831 4524 inde
854 4478 967 4548 usque
986 4456 1033 4525 ab
1083 4466 1222 4541 gratum
1239 4451 1302 4534 sit,
1328 4464 1362 4519 et
1385 4451 1536 4523 celebret
1558 4453 1651 4523 veris
1666 4446 1883 4537 honoribus,
1906 4467 1940 4524 et
1955 4453 1999 4522 sit
2021 4475 2079 4522 sa-

14 4554 142 4641 ,initio
164 4556 302 4645 generis
325 4550 473 4626 humani
497 4568 641 4648 propter
670 4551 735 4626 has
755 4577 878 4626 causas
897 4557 1035 4626 deletae
1083 4554 1198 4624 lutare
1212 4551 1318 4622 nobis
1332 4564 1367 4622 et
1382 4552 1567 4624 universae
1579 4549 1776 4639 Ecclesiae,
1798 4550 1927 4626 Amen.
1958 4551 2056 4627 Dixi.

27 4671 133 4733 mut.
182 4655 258 4729 Has
282 4681 415 4750 poenas
442 4660 520 4730 vult
545 4658 650 4727 nohis
672 4654 770 4729 Deus
793 4658 1034 4728 commonefa-

27 4760 173 4835 etiones
185 4782 278 4844 esse,
306 4750 348 4830 ut
362 4762 407 4829 de
422 4760 669 4850 magnitudine
684 4759 758 4828 irae
775 4759 920 4829 divinae
936 4760 1034 4849 cogi-

27 4874 166 4937 semus
199 4858 326 4951 Legis,
349 4876 477 4932 matres
493 4863 530 4931 in
547 4861 797 4931 obsidionibus
811 4874 928 4932 coctos
942 4862 1035 4931 filios

26 4984 161 5037 nereus
183 4962 277 5034 intra
302 4976 462 5034 materna
486 4965 618 5034 viscera
648 4961 862 5034 condidisse.
918 4962 1033 5052 Legis,
1092 4920 1266 5053 Q
1895 4930 2068 5050 w

26 5065 182 5141 inucbe
200 5059 442 5137 Xanthiorum
459 5067 671 5157 pendentem
694 5066 738 5134 de
762 5076 854 5134 tecto
870 5078 1033 5149 matrem,
1317 5129 1327 5148 ,
1798 5125 1807 5144 ,
1876 5126 1886 5144 ,

25 5182 71 5241 et
92 5167 141 5237 de
174 5166 268 5238 collo
299 5166 425 5237 matris
449 5166 708 5256 strangulatum
731 5166 924 5236 infantem:
958 5166 1032 5237 imo
1165 5126 1245 5213 De
1273 5127 1420 5213 dmi
1456 5123 1666 5214 Auem
1697 5125 1883 5210 mmm
1911 5135 1993 5211 m·

26 5292 133 5345 nunc
149 5267 247 5339 rides
259 5268 409 5359 grassari
424 5268 463 5338 in
474 5267 659 5338 Pannonia
671 5265 829 5352 'succum
853 5266 1033 5339 tnrcidsre
1151 5287 1184 5344 t.
1204 5289 1298 5343 utcu.
1318 5286 1399 5346 beet.
1418 5290 1456 5344 r.
1471 5284 1522 5343 tn.
1540 5303 1568 5351 ρ.
1581 5283 1641 5338 ⁴⁷⁵.
1685 5282 1804 5339 servat.
1817 5282 1867 5340 ns.
1884 5303 1911 5357 μ
1926 5282 2007 5353 soe,
2030 5281 2085 5336 tti-
2120 5336 2136 5349 ‚

27 5372 423 5463 ‘rt-meur
437 5371 624 5463 ‘meu
637 5368 797 5440 avum
822 5369 954 5440 a...
967 5394 1031 5462 e-
1184 5357 1282 5482 an·
1298 5353 1579 5492 ts.
1596 5322 2085 5493 t;tt·..ess.cs·.¹n,.c

28 5487 154 5549 rentes
174 5472 212 5542 in
233 5472 461 5559 servitutem,
492 5486 608 5544 morte
630 5469 823 5545 tristiorem
844 5471 1031 5546 abducere.
1182 5492 1340 5560 <wass
1424 5492 1491 5561 tae)
1505 5506 1533 5560 p.
1548 5487 1630 5567 sss,
1655 5488 1705 5544 est
1726 5489 1755 5544 t·
1776 5488 1831 5544 εκ
1850 5490 1963 5545 sesses·
1983 5489 2087 5544 &ts-e

1084 4770 1394 4785 m*
1750 4772 1815 4784 ,-
1818 4773 1869 4784 -0—
1872 4773 1928 4784 ⁸--
1935 4772 2037 4784 --.-
2041 4769 2068 4784 -
