4664 6022
224 230 272 303 tt
652 180 655 186 ’
744 208 903 287 osce.
937 208 1013 286 na
1046 210 1306 291 anrrrus
1341 212 1754 292 errassemus.
1939 216 1941 223 ·
2226 160 2294 290 ιε’

225 404 296 485 ιίο,
321 417 412 491 quae
433 393 509 463 fere
529 387 643 482 capita
657 383 883 458 Geometriae
900 399 995 460 suut.
1046 385 1143 459 Hinc
1159 390 1224 459 ad-
1275 389 1427 483 parens,
1459 390 1524 462 fati
1552 390 1706 462 conscia.
1770 383 2028 474 Arithmetica,
2063 384 2274 459 Geometria

225 501 411 577 mirandae
435 491 623 566 hominum
645 487 766 581 generi
789 483 995 576 machinae,
1021 515 1061 561 ac
1084 506 1126 564 ut
1148 488 1224 564 Eu·
1274 489 1486 565 harmonica>
1505 494 1699 564 ancillariis
1719 492 1920 585 disciplinis
1941 489 2180 562 communiter
2197 490 2273 562 uti-

228 605 331 689 doxi,
357 594 554 692 Archytae,
580 588 818 677 Menaechmi,
843 588 1083 681 Archimedis,
1107 593 1222 667 Boetii
1276 609 1345 667 tur.
1401 596 1560 687 Longius
1589 592 1682 668 hanc
1712 596 1903 693 quadruvii
1928 595 2054 664 seriem
2082 593 2273 676 duxissem,

226 717 407 784 automata
433 715 671 793 praeteream,
704 708 880 788 quantum
906 698 1123 778 bombarda,
1157 723 1225 770 uo·
1276 702 1337 769 sed
1368 693 1457 770 hora
1488 701 1689 783 deficimus,
1732 700 1881 793 agitque
1903 722 1979 767 rem
2011 720 2087 766 eam
2119 695 2274 789 publicis

228 826 335 888 strate
356 808 563 886 inventum,
589 798 728 871 bellicis
744 799 922 871 contulit?
972 798 1224 874 AddoPlasti-
1276 798 1407 873 scholis
1440 803 1599 896 quotidie
1624 795 1817 872 Iohannes
1844 794 2000 903 St'offler
2021 794 2276 892 Philosophus,

159 934 168 939 '
228 941 311 1001 cen,
351 928 386 981 et
416 930 506 1003 quae
536 903 695 974 nascitur
722 925 741 972 e
772 902 1001 994 perspectivis
1029 903 1223 987 picturam,
1276 906 1486 989 autoritate,
1516 907 1606 988 lide,
1638 906 1821 999 literisque
1842 901 2103 975 Mathematum
2125 925 2276 973 venera-

227 1034 410 1108 utrunque
437 1008 619 1080 civitatum
645 1004 704 1073 vel
726 1000 1008 1096 pulcherrimum
1031 1031 1225 1078 ornamen-
1276 1009 1370 1083 bilis.
1423 1006 1474 1079 At
1502 1004 1570 1079 hae
1600 1022 1754 1103 quatuor
1783 1022 1894 1089 artes,
1928 1018 2083 1099 quatuor
2115 1004 2203 1075 item
2234 1006 2274 1075 in

227 1138 318 1196 tum.
367 1113 488 1186 Huius
501 1107 639 1201 generis
654 1121 737 1178 sunt
751 1108 901 1193 celandi,
926 1110 1108 1202 scalpendi
1123 1125 1225 1198 artes,
1276 1111 1370 1207 Lyra
1386 1109 1560 1181 Mercurii
1576 1107 1787 1195 chordulae,
1814 1133 1916 1179 suum
1932 1130 2093 1202 quaeque
2107 1107 2276 1194 stridens,

228 1239 264 1297 ει
288 1225 382 1292 inter
405 1205 781 1302 easCalcographica,
806 1236 997 1306 aereasque
1020 1210 1223 1284 Germano·
1277 1215 1392 1305 prima
1413 1236 1450 1283 se
1473 1210 1732 1307 Terpsichorae
1752 1213 1875 1296 debet,
1907 1210 2046 1282 ordinis
2067 1235 2108 1280 ac
2128 1211 2276 1282 numeri

228 1352 308 1400 rum
324 1318 503 1393 scribendi
517 1314 704 1385 formulae.
756 1310 827 1383 Hic
839 1316 969 1385 artium
985 1339 1113 1396 nexus,
1138 1311 1225 1387 haec
1277 1317 1421 1402 artifici,
1447 1312 1664 1389 habetenim
1680 1341 1700 1386 a
1716 1311 1980 1386 chorisnomen
1996 1311 2083 1387 Dea.
2135 1312 2278 1386 Secun-

228 1429 339 1519 origo'
372 1416 605 1492 mechanicon
647 1416 788 1485 duabus
829 1417 1054 1511 principibus
1087 1420 1224 1490 artibus
1278 1421 1324 1489 da
1347 1417 1515 1501 Thaliae,
1550 1421 1721 1514 quoniam
1755 1418 1880 1487 floreat
1902 1411 2037 1488 exculta
2061 1422 2279 1516 γεομετρῶν

228 1525 466 1605 Arithmetica
490 1535 524 1593 et
539 1517 765 1604 Geometria,
790 1513 849 1590 hic
869 1544 954 1591 usus
969 1534 1023 1592 εει
1039 1521 1225 1617 utriusque
1276 1523 1473 1593 commodis
1486 1523 1568 1593 vita.
1619 1522 1794 1593 Musicam
1809 1515 1919 1591 Erato
1938 1519 2095 1591 iucunda
2110 1520 2203 1609 regit
2220 1521 2277 1591 af-

227 1658 293 1729 per
314 1645 369 1703 tot
391 1622 591 1697 manuarias
616 1643 751 1712 operas.
811 1620 920 1711 Quod
943 1624 974 1693 si
996 1625 1042 1693 ad
1064 1625 1223 1695 animum
1276 1625 1393 1695 tectio.
1446 1621 1590 1696 Eminet
1612 1627 1706 1696 inter
1728 1623 1840 1693 socias
1861 1622 2055 1693 clarissima
2077 1622 2115 1690 in
2137 1619 2279 1693 Home·

227 1735 439 1816 trausferas,
463 1726 525 1800 Dii
547 1723 655 1808 boni,
677 1748 767 1818 quae
791 1727 963 1807 suavitas,
990 1729 1085 1820 quod
1104 1741 1225 1798 nectar
1277 1729 1370 1798 ricae
1386 1725 1523 1798 Dianae
1537 1730 1684 1798 modum
1703 1725 1857 1810 Urania,
1881 1725 2081 1819 principem
2097 1739 2276 1797 astrorum

230 1838 440 1912 effundetur
467 1827 745 1920 contemplanti,
778 1826 853 1898 imo
883 1853 975 1922 quae
999 1830 1060 1899 lux
1085 1853 1160 1900 sese
1183 1855 1225 1900 er
1278 1831 1461 1900 scientiam
1488 1834 1616 1902 decora
1637 1831 1803 1902 referens.
1862 1827 2004 1920 Septem
2028 1821 2181 1898 chordas
2204 1853 2276 1899 nu-

229 1943 293 2013 illo
316 1960 436 2009 rerum
459 1929 547 2003 chao
571 1929 719 2023 aperiet:
746 1925 880 2001 isthaec
905 1945 1060 2002 mentem
1083 1932 1226 2002 sensili·
1276 1933 1408 2003 merari
1429 1934 1670 2005 adulescentes
1693 1931 1863 2017 audistis,
1898 1956 1964 2002 nec
1985 1931 2159 2002 discretae
2178 1929 2272 2026 Lyra

227 2047 297 2117 bus
318 2038 540 2114 haerentem,
576 2033 697 2103 avellit
719 2033 924 2128 seducitque
946 2036 992 2103 ad
1015 2033 1227 2126 intelligibi-
1278 2059 1382 2105 voces
1404 2037 1622 2122 redduntur,
1658 2036 1779 2128 plures
1801 2046 1974 2126 quatuor,
2007 2046 2077 2102 tres
2100 2032 2270 2103 orationis

228 2150 299 2218 lem
329 2156 577 2231 aeternamque
606 2150 783 2208 naturam.
835 2136 895 2208 Sic
916 2134 1018 2208 Plato
1047 2134 1226 2233 ἀριθμεῖν
1277 2138 1428 2208 funiculi
1461 2161 1667 2209 communes
1697 2135 1912 2230 quadruvio.
1986 2132 2155 2223 Quatuor
2183 2136 2273 2205 aliae

228 2238 496 2343 philosophari,
521 2252 556 2309 ει
577 2232 673 2309 θεὸν
696 2232 753 2308 ἀεὶ
770 2241 983 2338 γεομετρεῖν
998 2243 1225 2313 commodum
1278 2235 1430 2310 chordae
1452 2243 1560 2311 rebus
1583 2241 1656 2311 suis
1679 2241 1891 2328 discrepant.
1941 2235 2025 2307 Non
2048 2238 2215 2328 confingo
2230 2238 2279 2307 li·

230 2352 344 2425 allicta
371 2343 555 2415 notatione
581 2341 690 2424 dirit,
723 2339 761 2409 id
784 2355 855 2425 est,
885 2366 1025 2434 semper
1047 2357 1225 2423 aeternam
1278 2358 1399 2414 center
1413 2336 1500 2414 haec
1518 2344 1717 2428 auditores,
1741 2353 1784 2412 ut
1800 2336 1857 2409 illi
1872 2337 2075 2412 Atticorum
2089 2333 2278 2436 κοροπλᾶ·

228 2453 306 2524 veri
328 2464 493 2519 naturam
514 2442 749 2531 intelligendo
770 2467 919 2513 versare.
972 2442 1026 2513 De
1042 2441 1225 2516 Arithme-
1278 2445 1359 2518 doe:
1391 2444 1587 2518 Platonicis
1617 2452 1758 2541 quoque
1787 2444 1966 2513 veteribus
1996 2443 2089 2514 ratio
2113 2443 2278 2534 sapiendi

229 2559 298 2630 tica
313 2547 591 2640 Geometriaque
605 2544 736 2614 obiter:
763 2547 802 2615 in
816 2543 1015 2639 colophone
1031 2574 1069 2619 ac
1085 2548 1224 2639 fastigio
1278 2549 1359 2620 talis
1375 2549 1463 2635 fuit,
1489 2562 1612 2620 autore
1629 2540 1832 2619 Plutarcho.
1883 2542 1933 2617 Et
1948 2548 1992 2616 de
2009 2557 2183 2639 quaterno
2201 2545 2277 2640 Ly-

230 2658 380 2738 artium,
414 2650 552 2721 Musica
582 2660 618 2717 et
647 2649 876 2719 Astronomia
910 2651 1085 2722 locantur.
1151 2648 1227 2741 Age
1278 2675 1339 2721 rae
1368 2666 1554 2746 systemate
1582 2675 1673 2746 quae
1702 2650 1900 2742 disputavi,
1946 2647 2150 2740 Terpandri
2181 2665 2279 2734 sunt,

230 2762 318 2858 quid
340 2753 481 2827 Musica
511 2749 713 2821 laudatius?
751 2752 920 2842 elegantis
950 2777 988 2822 ea
1019 2751 1227 2825 harmoniae
1279 2755 1330 2825 ait
1344 2754 1424 2824 ille:

230 2864 345 2946 ratio,
371 2859 445 2928 sive
458 2852 681 2945 organicam,
706 2853 781 2924 sive
798 2856 997 2927 naturalem
1012 2857 1112 2926 velis.
1165 2853 1227 2926 lu·
1381 2864 1470 2949 ἡμεῖς
1489 2891 1537 2933 τοι
1558 2863 1751 2957 τετράγηρηε
1773 2864 2030 2952 ἀποστρέψαντες
2049 2861 2160 2951 ἀοιδήν

230 2965 342 3057 signis
372 2974 522 3052 utraque
551 2951 689 3027 honore
718 2963 940 3049 poematum,
971 2959 1010 3026 id
1038 2961 1136 3053 quod
1158 2960 1227 3028 alia
1379 2950 1540 3041 ἓπτατόνῳ
1562 2954 1709 3042 φόρμιγγι
1729 2954 1819 3030 νέους
1837 2948 2049 3036 praestasse
2069 2948 2195 3033 ὕμνους.

231 3093 310 3142 sum
335 3080 478 3135 acturus
500 3059 671 3129 oratione.
724 3057 908 3154 Plerisque
932 3061 1066 3149 gratior
1088 3060 1226 3131 Musica
1381 3047 1586 3133 8θΡῑθηειίἃιιι
1600 3054 1680 3115 {⁸⁰1oe
1694 3053 1785 3135 ⁰h0¹t¹
1799 3071 1879 3115 ΠΜ
1894 3054 2150 3126 ⁰⁸¹¹¹²1¹¹⁸V⁸¹⁰¹¹¹2

232 3173 320 3244 orbe
339 3167 468 3238 artium
485 3162 654 3245 aliarum,
680 3164 776 3254 quod
793 3158 879 3232 haec
892 3165 937 3231 ad
955 3163 1228 3255 contemplatio·
1382 3151 1524 3235 Quattuor
1540 3169 1570 3218 et
1585 3157 1724 3220 distincta
1739 3156 1839 3217 modis
1854 3159 1995 3237 punxisse
2009 3154 2135 3216 iuvabit.

232 3297 317 3345 nem
340 3268 475 3364 pariter
497 3285 686 3357 moresque
709 3265 919 3359 conferunt,
963 3261 1117 3356 Erigunt
1138 3267 1228 3335 aliae
1281 3265 1356 3338 lam
1385 3293 1452 3355 ue,
1485 3292 1576 3362 quae
1603 3267 1779 3340 Mercurii
1808 3266 1855 3337 sit
1880 3263 1975 3360 Lyra
2006 3264 2153 3348 tenetis,
2186 3276 2274 3356 quot

232 3378 278 3449 ad
300 3368 466 3445 coelestia
483 3379 620 3436 mentes
637 3380 793 3451 nostras,
819 3362 905 3436 baec
922 3390 994 3438 una
1007 3369 1105 3440 coelo
1122 3392 1227 3459 supe·
1280 3365 1451 3457 chordae,
1476 3385 1566 3465 quot
1580 3372 1698 3443 artes?
1747 3367 1796 3441 Et
1810 3367 1935 3440 Musas
1951 3368 2081 3438 artium
2097 3367 2276 3461 praesides

233 3502 292 3551 ros
320 3477 364 3545 ad
394 3469 549 3544 humana
573 3468 733 3539 deducit:
767 3493 838 3563 quo
860 3484 1068 3560 argumento
1093 3485 1228 3543 veteres
1279 3475 1456 3565 appellare
1476 3499 1554 3545 sum
1577 3477 1713 3547 solitus.
1765 3471 1853 3542 Illae
1870 3470 2084 3564 veroquid?
2135 3464 2276 3558 Conge-

233 3579 390 3652 arbitror
404 3572 541 3643 musica
556 3571 655 3660 signa
672 3571 802 3661 passim
819 3569 935 3643 Deum
951 3575 1076 3645 statuis
1093 3598 1227 3667 appen-
1280 3577 1377 3647 nitus
1407 3572 1596 3648 bominum
1624 3575 1754 3647 animis
1782 3576 1890 3645 ardor
1913 3585 1947 3643 et
1970 3584 2114 3641 strenua
2138 3569 2276 3639 sciendi

233 3684 345 3766 disse,
370 3675 472 3772 quasi
494 3673 567 3743 illis
590 3671 650 3742 Dii
674 3674 853 3744 conciliati
876 3675 1064 3745 nobiscum
1086 3700 1228 3746 versen-
1281 3679 1421 3770 cnpido.
1474 3677 1591 3749 Testis
1605 3678 1872 3773 antiquissimus
1888 3687 1985 3744 vates
1995 3667 2188 3766 Orpheus,
2215 3672 2279 3766 qui

233 3800 304 3859 tur.
353 3777 502 3851 Confert
518 3776 692 3860 moribus,
717 3778 815 3868 quod
830 3777 931 3846 nulla
947 3800 1003 3847 res
1017 3778 1229 3849 familiarior
1280 3779 1405 3850 Musas
1421 3775 1556 3874 hymno
1571 3805 1719 3865 canens,
1745 3779 1879 3874 inquit:

234 3879 510 3978 tranquillandis
538 3877 775 3948 animantium
805 3878 1002 3950 affectibus.
1053 3880 1160 3952 Scitis
1184 3883 1229 3951 de
1382 3890 1497 3976 flam
1518 3895 1657 3977 παρείης
1678 3893 1794 3980 ἀρετὴν
1815 3895 1965 3977 ymno„
1987 3888 2152 3970 ἄμεμπτον

234 3983 377 4082 Orphei
391 3984 485 4078 Lyra
498 3980 609 4077 quid?
633 3994 667 4051 et
679 3975 1025 4076 quaePythagoreae
1039 3983 1153 4073 gentis
1168 3983 1229 4053 in·
1383 3978 1566 4066 θρέοτειραι
1586 3979 1708 4064 ψυχῆς,
1739 3977 1879 4054 διανοίας
1901 3973 2132 4063 ὀρθοδότειραι.

234 4094 355 4164 stitota
379 4085 533 4169 suerint,
560 4075 677 4180 ᾠδαῖς
697 4082 866 4178 χρῆσθαι
886 4079 979 4181 πρὸς
992 4089 1123 4181 taam.
1172 4082 1229 4156 Ea
1280 4085 1360 4158 Hoc
1386 4099 1454 4172 est,
1483 4086 1513 4156 si
1534 4087 1775 4157 venerandam
1794 4077 1937 4176 Orphei
1958 4081 2175 4154 maiestatem
2199 4105 2277 4151 car-

235 4220 275 4266 ea
297 4190 452 4262 factione
464 4184 584 4258 Clinia
605 4186 752 4256 celebris
775 4187 848 4273 vir,
873 4188 1131 4258 modestissime
1144 4202 1229 4259 usus
1281 4190 1379 4259 mine
1393 4188 1476 4260 licet
1491 4204 1614 4260 nostro
1629 4189 1829 4260 imitemur:

235 4293 425 4386 disciplina
438 4288 608 4378 magistri,
633 4288 772 4382 quoties
788 4289 908 4360 animo
921 4292 1132 4362 turbabatur
1141 4315 1230 4385 qua·
1382 4296 1510 4362 Munera
1524 4313 1620 4362 vestra
1634 4296 1718 4362 Deae
1733 4303 1831 4363 virtus
1844 4311 1874 4361 et
1888 4301 1984 4380 gloria
1997 4313 2100 4370 verrx,

236 4421 377 4492 cunque
400 4415 524 4476 causa,
548 4392 666 4462 statim
690 4393 734 4460 ad
761 4389 890 4486 Lyram
913 4396 1142 4485 properabat:
1169 4417 1230 4463 ro·
1386 4398 1532 4488 Quasque
1547 4417 1622 4466 artes
1636 4407 1699 4486 agit
1713 4403 1862 4464 humanae
1876 4398 2051 4464 visfervlda
2067 4397 2187 4471 mentis,

235 4516 337 4594 gatus
358 4494 568 4590 aliquoties,
593 4493 680 4587 quid
697 4488 789 4564 hoc?
821 4490 915 4564 nibil
932 4496 1115 4588 respondit
1128 4520 1230 4588 prae·
1383 4502 1451 4569 Vos
1466 4510 1561 4568 animi
1575 4508 1677 4570 drusa,
1693 4511 1784 4569 etiem
1798 4526 1973 4568 veneramur
1986 4505 2121 4563 atomum

235 4620 290 4677 ter
302 4598 396 4672 hanc
411 4597 573 4669 voculam
590 4587 816 4690 πραύνομαι.
866 4595 987 4693 Atque
998 4593 1037 4668 hi
1051 4613 1135 4670 sunt
1146 4624 1230 4692 pro-
1385 4604 1556 4672 Aeternum
1569 4616 1643 4673 recti
1658 4613 1767 4695 quibus
1782 4613 1932 4673 insevisti:
1947 4624 2090 4667 amomm.

235 4706 313 4800 prie
332 4701 519 4772 Musarum
542 4698 642 4772 soni.
668 4699 732 4791 qui
753 4701 798 4768 ad
822 4694 1006 4803 honestam
1030 4702 1122 4773 vitae
1144 4725 1232 4771 cou-
1283 4699 1417 4774 Censae
1440 4707 1573 4778 artium
1594 4731 1743 4777 numero
1768 4705 1895 4777 Musae
1918 4715 2070 4795 septem,
2103 4697 2194 4766 duae
2216 4714 2278 4763 su·

237 4805 478 4888 stitutionem,
511 4801 574 4895 qui
603 4801 648 4870 ad
679 4799 846 4870 virtutem
868 4803 1068 4893 pertinent:
1089 4802 1231 4882 ¹Succe-
1285 4821 1451 4898 pessunt,
1486 4809 1585 4882 Cleio
1616 4823 1652 4881 et
1676 4806 1858 4900 Calliope,
1890 4807 2023 4902 quibus
2054 4819 2208 4892 aequum
2238 4796 2279 4864 in

237 4913 328 4983 dunt
343 4904 504 4976 Musicae
525 4902 725 4975 saltatoriae
742 4917 852 4987 artes,
878 4902 1059 4978 Arcadum
1077 4906 1232 4991 inventa,
1285 4933 1409 4981 omnes
1441 4912 1561 4983 literas
1594 4912 1665 4982 ius:
1718 4906 1888 4981 historiae
1921 4905 2043 4986 Cleio,
2093 4898 2281 4989 Calliopen

237 5014 299 5084 sed
316 5010 458 5100 longior
479 5021 532 5078 est
546 5030 614 5090 res,
640 5029 747 5098 quam
764 5029 784 5076 a
801 5006 905 5077 nobis
921 5008 976 5099 agi
992 5010 1100 5079 modo
1111 5008 1232 5102 possit.
1286 5014 1441 5103 poemati
1456 5016 1689 5106 praeficimus.
1739 5009 1871 5083 Omnis
1884 5009 2024 5102 generis
2035 5007 2163 5095 scripta
2174 5025 2281 5071 usur·

236 5111 392 5206 Reliqua
421 5109 664 5203 cyclopcdstae
686 5103 917 5179 Astronomia
944 5125 1013 5197 est,
1052 5135 1232 5192 numeros,
1286 5131 1371 5206 paut
1384 5112 1532 5187 historia
1547 5132 1582 5187 et
1595 5122 1731 5208 poema,
1755 5139 1821 5184 nec
1831 5115 1890 5185 alii
1904 5111 2035 5182 maiori
2044 5111 2282 5198 frugeopera-

239 5213 522 5306 magnitudines,
553 5223 688 5292 molus,
720 5205 965 5311 harmoniam,
1000 5214 1110 5286 idest
1134 5214 1233 5284 com·
1286 5239 1329 5285 ve
1351 5219 1520 5309 leguntur
1541 5214 1725 5303 authores,
1751 5242 1857 5312 quam
1879 5212 2053 5287 Historici
2076 5235 2117 5286 ac
2136 5206 2280 5279 Poetae.

239 5342 363 5412 pagem
384 5315 503 5407 superi
525 5328 629 5408 atque
654 5313 759 5383 inseri
781 5315 897 5398 orbis,
923 5316 1102 5399 dimensa,
1128 5318 1233 5410 syde-
1285 5317 1542 5393 Adulescentes
1555 5322 1693 5392 animos
1706 5345 1725 5390 e
1740 5320 1941 5411 vulgarium
1958 5315 2160 5388 studiorum
2177 5312 2283 5380 sorde

238 5446 320 5493 rum
341 5419 544 5491 effectione:
562 5441 601 5487 ac
616 5416 791 5487 inllurum
807 5418 1004 5511 complexa,
1031 5418 1234 5490 Medicinae
1285 5425 1454 5512 evellunt,
1480 5426 1631 5520 locoque
1642 5425 1800 5495 referunt
1816 5423 1965 5507 excelso,
1991 5420 2062 5490 iam
2077 5413 2284 5504 virisdigna
