4664 6022
137 309 221 386 oss
390 281 392 287 ’
723 306 886 385 nucu.
916 302 995 383 un
1025 304 1363 385 ntomrauu
1393 306 1612 388 aucun.
2119 313 2197 391 ose

135 497 304 582 pugnent
320 484 523 573 ardentius,
542 487 587 556 de
605 509 771 557 veramm
792 485 910 576 legum
927 485 1145 573 defensione,
1197 502 1275 559 tum
1297 508 1426 580 corpus
1451 479 1686 570 cohorrescit,
1720 507 1801 555 cum
1824 500 1951 579 reputo
1977 501 2111 583 quauta
2134 487 2194 560 iu·

135 591 226 687 quia
246 589 370 660 vident
387 589 425 658 in
442 602 539 667 tanta
557 584 965 677 infirmitate-humana,
990 588 1029 656 in
1046 602 1145 658 tanta
1197 592 1384 662 commoda
1412 601 1604 683 sequutura
1634 587 1726 674 sint,
1760 590 1790 659 si
1822 587 2015 662 Germania
2047 607 2195 685 propter

135 693 365 778 confusione,
391 715 513 764 earum
527 693 753 764 autoritatem
769 716 884 784 saepe,
909 706 995 791 turn
1001 691 1145 782 negligi,
1196 695 1290 767 bella
1305 695 1483 765 amitteret
1505 686 1598 762 hanc
1614 691 1790 764 eruditam
1808 694 2008 766 doctrinam
2024 695 2134 780 iuris,
2158 709 2195 767 et

123 809 220 870 ¹tum
235 796 407 890 opprimi.
460 792 545 866 ldeo
567 797 716 869 tradidit
730 795 827 867 Deus
849 791 1007 864 humano
1023 795 1144 886 generi
1196 796 1265 871 boc
1298 799 1417 869 curiae
1451 809 1716 870 ornamentum.
1773 792 1941 868 Crescent
1974 798 2194 893 tyrannides,
2281 851 2285 856 .

135 914 256 973 artem
287 899 493 992 politicam,
529 912 565 969 et
590 894 822 991 hancipsam
849 899 1068 983 doctrinam,
1102 911 1144 968 ut
1196 915 1300 974 erunt
1317 924 1440 973 omnes
1453 900 1575 970 literae
1589 900 1627 967 in
1643 899 1777 969 maiore
1791 898 2194 993 contemptum,Eccle-

137 1015 318 1101 quantum
348 1015 482 1094 potest,
515 1003 691 1073 sanabiles
717 997 880 1072 homines
903 1005 948 1072 ad
971 1001 1142 1073 iustitiam
1196 1009 1267 1077 siae
1283 1006 1395 1096 magis
1412 1003 1654 1093 negligantur,
1681 1002 1836 1096 denique
1854 1004 2039 1096 multiplex
2062 1005 2194 1075 barba·

136 1108 272 1193 flectat,
298 1117 333 1176 et
346 1106 499 1176 iniustos
514 1105 666 1198 impetus
682 1104 861 1197 reprimat.
892 1099 994 1175 Nihil
1011 1104 1142 1177 mirum
1194 1109 1264 1181 ries
1279 1123 1458 1203 sequetur.
1511 1105 1632 1194 Quare
1651 1105 1808 1196 primum
1833 1131 1975 1177 oremus
1990 1105 2127 1189 Deum,
2154 1122 2196 1178 ut

138 1224 195 1285 est
216 1232 298 1295 eos,
324 1209 386 1303 qui
411 1208 578 1298 ignorant
601 1232 723 1279 causas
748 1204 875 1279 harum
890 1209 1142 1279 confusionum
1194 1238 1315 1307 pacem
1332 1212 1437 1306 nobis
1451 1211 1631 1294 concedat,
1657 1209 1785 1278 deinde
1801 1225 1841 1281 ut
1856 1205 1940 1280 haec
1957 1210 2073 1282 studia
2093 1226 2193 1282 tuea-

137 1314 179 1386 in
204 1311 386 1404 imperiis,
419 1335 485 1380 nec
507 1311 711 1383 didicerunt
739 1336 779 1381 ex
804 1312 946 1383 coelesti
969 1313 1143 1397 doctrina,
1194 1333 1270 1402 rur,
1297 1316 1393 1410 quod
1416 1314 1561 1409 quidem
1578 1336 1621 1381 co
1642 1312 1752 1402 magis
1776 1313 2064 1405 impetrabimus,
2085 1316 2114 1384 si
2128 1337 2194 1383 nos

138 1416 326 1514 quomodo
359 1414 597 1484 confirmandi
628 1429 712 1487 sunt
744 1415 876 1501 animi,
914 1411 1144 1485 vehementer
1194 1421 1264 1513 ipsi
1286 1417 1434 1490 consilia
1458 1428 1579 1487 nostra
1601 1416 1754 1487 fideliter
1777 1417 1821 1485 ad
1845 1417 1995 1506 gloriam
2016 1415 2084 1487 Dei
2106 1417 2194 1487 illu·

137 1519 259 1595 odisse
275 1516 449 1610 imperia,
478 1516 667 1609 inquibus
687 1542 768 1589 raro
785 1519 873 1589 boni
895 1533 1082 1610 praesunt,
1109 1534 1142 1589 et
1194 1524 1389 1608 strandum,
1416 1536 1449 1592 ct
1463 1521 1613 1590 salutern
1628 1543 1852 1589 communem
1871 1520 2075 1594 referemus.
2110 1518 2194 1590 Non

137 1635 182 1698 ut
196 1634 283 1693 sunt
302 1620 517 1704 mediocres,
543 1620 616 1690 imo
636 1622 721 1691 boni
746 1637 781 1694 et
805 1622 999 1715 sapientes,
1022 1636 1139 1693 tamen
1194 1629 1304 1720 igitur
1319 1628 1561 1695 deterreamur
1584 1622 1772 1714 periculis,
1794 1646 1869 1691 non
1885 1623 2193 1714 ,frangamurani

137 1725 339 1799 multitudo
363 1735 416 1793 est
438 1723 589 1794 varietas
611 1724 855 1814 negotiorum,
881 1749 956 1794 non
981 1726 1142 1796 concedit
1193 1731 1280 1816 mis,
1307 1728 1444 1800 etiamsi
1470 1727 1671 1806 interdum,
1698 1725 1754 1795 vel
1779 1725 1966 1818 iniquitate
1993 1721 2194 1810 hominum,

138 1831 211 1916 eis,
236 1825 718 1901 utinomniasiutintenti.
756 1826 905 1920 Pompei
919 1829 1088 1900 iustitiam
1107 1842 1142 1899 et
1194 1836 1251 1903 vel
1282 1831 1549 1925 perturbatione
1580 1829 1762 1899 communi
1792 1852 1911 1898 rerum
1943 1824 2194 1912 humanarum,

137 1930 382 2024 integritatem
412 1930 554 2001 amabat
583 1930 803 2024 provinciae,
838 1945 878 2001 ut
909 1956 989 2001 cum
1022 1955 1141 2001 secum
1194 1939 1272 2028 pia,
1313 1937 1513 2019 moderata,
1555 1933 1721 2002 salutaria
1755 1933 1904 2001 consilia
1937 1932 2194 2023 impediuntur,

137 2039 288 2111 doceret
309 2033 442 2104 multos
462 2057 606 2125 rapaces
627 2035 791 2115 comites,
818 2049 938 2105 tamen
957 2029 1020 2104 has
1044 2034 1142 2104 iuiu-
1194 2064 1259 2110 nec
1291 2039 1545 2129 possessionem
1577 2034 1687 2104 studii
1721 2034 1835 2104 nostri
1862 2036 2083 2120 deseramus,
2123 2033 2193 2125 ipsi

136 2140 212 2215 rias
234 2150 382 2231 propter
405 2137 691 2208 benevolentiam
716 2160 796 2228 erga
811 2135 1021 2231 Pompeium
1037 2138 1142 2206 dissi·
1194 2143 1416 2235 praesertim,
1450 2163 1531 2208 cum
1556 2137 1660 2207 labor
1689 2138 1885 2208 multomm
1911 2138 2025 2208 nostri
2053 2136 2193 2208 ordinis

139 2242 332 2314 mularent.
390 2236 445 2308 De
468 2236 607 2309 Davide
637 2241 741 2310 etiam
767 2241 931 2333 querelae
957 2254 1039 2310 sunt
1065 2242 1141 2314 filii.
1193 2248 1232 2316 in
1252 2243 1412 2317 consiliis
1439 2241 1592 2334 publicis
1619 2240 1725 2310 etiam
1750 2235 1930 2310 Ecclesiae
1953 2241 2025 2310 Dei
2050 2241 2192 2323 serviat,

138 2345 311 2438 Denique
326 2341 482 2412 amentia
500 2354 552 2411 est
567 2342 605 2411 in
622 2339 689 2412 hac
706 2358 854 2414 naturae
872 2339 1051 2414 humanae
1073 2345 1142 2412 im·
1194 2373 1300 2444 quarn
1318 2372 1398 2418 cum
1413 2348 1510 2420 Deus
1531 2357 1733 2414 servaturus
1753 2344 1815 2426 sit,
1842 2344 1998 2414 servabit
2013 2357 2048 2414 et
2069 2343 2193 2434 politi-

136 2447 353 2530 becitttcacc,
378 2439 413 2515 et
435 2445 473 2512 in
497 2458 594 2515 tanta
616 2446 752 2516 diaboli
775 2447 939 2531 saevitia,
973 2471 1141 2541 quaerere
1194 2477 1250 2523 cas
1267 2452 1374 2523 arteis
1388 2446 1567 2519 Ecclesiae
1589 2446 1808 2516 servienteis.
1860 2443 1943 2514 Non
1970 2447 2051 2516 ideo
2073 2441 2192 2516 archi-

136 2551 267 2625 auimo
288 2549 449 2642 politiam
474 2549 551 2617 sine
576 2549 673 2618 vitiis
692 2562 727 2620 et
750 2548 828 2619 sine
849 2551 1042 2623 erroribus.
1095 2549 1143 2622 Ut
1194 2554 1367 2626 tectonica
1382 2552 1572 2622 deserenda
1589 2563 1657 2636 est,
1682 2549 1821 2621 etiamsi
1837 2549 1969 2619 multae
1992 2574 2109 2635 arces,
2136 2547 2193 2616 vel

135 2654 258 2745 igitur
272 2650 416 2744 imperia
434 2653 588 2721 oderunt
603 2647 652 2738 bi,
676 2654 739 2746 qui
755 2675 876 2723 causas
892 2654 1141 2724 confusionum
1195 2661 1372 2729 bellorum
1405 2655 1585 2733 cladibus,
1629 2653 1686 2722 vel
1715 2653 1795 2722 aliis
1827 2653 1944 2721 modis
1971 2665 2192 2724 evertuntur.

139 2755 329 2841 nesciunt,
362 2754 466 2826 itaet
491 2754 584 2844 leges
611 2757 887 2846 adspernantur:
916 2781 997 2827 eum
1019 2758 1143 2827 vident
1194 2760 1368 2831 Tirendae
1391 2773 1425 2829 et
1449 2757 1618 2827 colendae
1638 2769 1721 2828 sunt
1740 2756 1855 2825 bonae
1876 2771 1988 2838 artes,
2015 2769 2050 2826 et
2069 2769 2192 2847 peten-

136 2882 202 2933 eas
225 2856 348 2928 multis
370 2857 576 2948 ingentibus
598 2859 703 2928 malis
727 2882 802 2929 non
819 2860 972 2946 mederi,
995 2875 1029 2931 et
1052 2855 1143 2930 hanc
1194 2866 1279 2935 dum
1295 2890 1313 2933 a
1329 2860 1425 2947 Deo,
1450 2874 1490 2932 ut
1506 2860 1580 2950 ipse
1605 2861 1778 2951 gubernet
1793 2858 1931 2945 studia,
1954 2873 1990 2929 et
2003 2860 2116 2929 exitus
2132 2859 2193 2926 det

136 2972 255 3035 totam
279 2960 479 3031 doctrinam
493 2961 587 3031 vitae
610 2962 775 3033 inutilem
797 2986 872 3032 esse
891 2976 1059 3048 censent,
1082 2963 1144 3032 sed
1193 2969 1300 3040 utiles
1315 2964 1495 3036 Ecclesiae
1511 2986 1604 3034 suae.
1657 2961 1755 3052 Quid
1773 2960 1922 3048 Daniel,
1945 2958 2095 3046 Esdras‚
2119 2959 2193 3029 Ne-

136 3087 210 3136 nos
226 3076 347 3134 monet
363 3063 523 3134 coelestis
543 3065 725 3145 doctrina,
752 3065 840 3135 oriri
864 3067 993 3136 multas
1018 3067 1143 3156 ingen·
1194 3067 1329 3140 hemias
1347 3070 1465 3138 exules
1482 3065 1666 3137 fecerunt?
1693 3066 1856 3135 viderant
1875 3066 2067 3157 templum,
2095 3063 2192 3156 quod

136 3178 195 3241 tes
211 3166 439 3238 confusiones
457 3166 568 3252 vitae,
593 3193 673 3238 cum
690 3193 710 3237 a
727 3167 889 3251 diabolo,
912 3181 990 3238 tum
1006 3170 1052 3239 ab
1075 3163 1143 3236 hu·
1194 3173 1289 3243 Deus
1305 3172 1412 3240 condi
1429 3171 1596 3252 iusserat,
1622 3168 1785 3237 funditus
1801 3167 1957 3238 deletum
1975 3191 2067 3253 esse,
2092 3166 2192 3234 vide-

137 3282 250 3341 mana
267 3270 323 3340 vel
345 3268 579 3359 negligentia,
608 3271 665 3340 vel
690 3270 898 3363 petulantia.
950 3270 1023 3341 Nec
1042 3294 1143 3364 posse
1194 3289 1276 3344 rant
1291 3274 1418 3342 urbem
1438 3273 1597 3361 reginam
1619 3271 1781 3340 omnium
1805 3269 1882 3338 solo
1905 3283 2107 3364 aequatam,
2133 3267 2192 3337 cui

141 3374 426 3465 gubernatorum
436 3374 594 3445 consiliis
611 3398 651 3445 ac
665 3374 802 3464 legibus
818 3373 966 3467 reprimi
980 3375 1142 3444 omnium
1194 3377 1404 3470 promiserat
1418 3372 1517 3445 Deus
1542 3396 1707 3464 regnum,
1733 3395 1849 3465 neque
1870 3384 1988 3441 tamen
2012 3371 2114 3441 fracti
2130 3371 2193 3438 de-

144 3474 302 3562 tumen,
328 3476 544 3566 autcorrigi.
596 3473 646 3548 Et
660 3489 777 3547 tamen
798 3477 893 3547 inter
908 3471 973 3546 bas
989 3477 1143 3546 difficul-
1194 3480 1414 3573 speratione,
1439 3501 1501 3547 sua
1520 3477 1636 3548 studia
1652 3475 1873 3546 abiecerunt:
1908 3474 1980 3542 imo
1997 3498 2042 3543 ne
2063 3474 2102 3541 in
2117 3471 2191 3541 exi·

142 3588 235 3649 tates
247 3602 322 3649 non
338 3600 411 3648 esse
431 3579 731 3669 gubernatoribus
748 3605 869 3651 curam
884 3582 1144 3675 deponendam.
1194 3585 1264 3670 lio,
1290 3597 1323 3653 et
1337 3583 1376 3652 in
1394 3606 1433 3651 ea
1452 3581 1566 3671 gentis
1586 3578 1836 3671 dissipatione,
1862 3576 2025 3647 doctrina
2048 3574 2191 3667 propria

139 3702 212 3751 nec
243 3679 408 3753 inutilem
437 3703 512 3752 esse
535 3706 658 3756 eorum
680 3685 920 3775 diligentiam:
953 3685 1014 3754 sed
1035 3708 1145 3778 quae·
1194 3682 1372 3758 Ecclesiae
1405 3683 1650 3768 interciderat,
1682 3682 1815 3751 maiore
1844 3704 1922 3750 eam
1948 3680 2133 3772 diligentia
2158 3692 2193 3747 et

140 3783 228 3855 dam
253 3785 362 3870 mala,
394 3784 451 3854 vel
480 3787 692 3879 reprimere,
724 3788 780 3857 vel
807 3787 981 3877 mitigare.
1041 3788 1145 3858 lubet
1194 3791 1377 3860 discebant
1402 3803 1436 3859 et
1454 3788 1526 3869 suis
1544 3787 1749 3869 tradebant,
1774 3796 1907 3854 norant
1922 3782 2018 3852 enim
2042 3806 2116 3852 non
2134 3781 2192 3849 in-

138 3884 233 3959 item
249 3880 366 3958 Deum
391 3887 570 3972 invocari,
594 3905 637 3961 ut
649 3891 741 3963 adsit
760 3886 846 3961 huic
862 3890 1075 3961 difficillimo
1091 3891 1144 3959 la·
1193 3893 1377 3965 terituram
1392 3915 1465 3961 esse
1481 3887 1674 3961 Ecclesiam
1691 3887 1771 3963 Dei.
1823 3885 1877 3958 lta
1892 3900 1926 3957 et
1941 3907 2009 3955 uos
2025 3898 2107 3955 vota
2123 3908 2191 3953 no·

137 3988 247 4073 bori,
273 4000 308 4058 et
329 3989 473 4084 quidem
492 4005 616 4063 monet
637 3994 714 4062 sine
737 3994 868 4064 araxilio
887 3990 973 4080 Dei,
997 3994 1144 4086 sapien·
1195 4012 1266 4069 stra
1290 4009 1324 4067 et
1355 4018 1434 4088 spes
1468 4008 1607 4064 nostras
1639 3993 1684 4062 ad
1705 3988 1901 4061 Ecclesiam
1922 3986 1992 4059 Dei
2014 3987 2191 4077 adiunga-

139 4090 354 4165 demittam
376 4092 558 4184 politicam
581 4118 682 4186 saepe
707 4091 939 4183 hallucinari,
965 4111 999 4169 et
1016 4096 1144 4168 exitio·
1194 4123 1292 4181 mus,
1323 4093 1416 4168 hanc
1439 4096 1661 4179 intueamur,
1694 4107 1727 4163 et
1752 4087 1818 4162 hac
1843 4115 1905 4183 spe
1925 4103 2045 4161 nostra
2071 4090 2190 4161 studia

141 4214 222 4267 sam
243 4217 318 4265 esse
335 4195 550 4270 civitatibus.
604 4197 722 4287 Quam
745 4200 851 4270 multi
873 4201 1020 4271 summis
1044 4200 1145 4290 inge·
1194 4204 1368 4274 colamus:
1394 4196 1481 4270 haec
1503 4199 1605 4268 navis
1630 4211 1665 4268 et
1685 4211 1844 4266 nostram
1859 4195 2057 4266 doctrinam
2073 4188 2191 4274 vehat,

139 4296 219 4369 niis
247 4298 416 4386 praediti,
448 4323 530 4369 cum
552 4302 696 4396 quidem
726 4303 860 4394 patriae
884 4303 975 4373 bene
1001 4305 1145 4388 vellent,
1195 4320 1230 4377 et
1253 4299 1357 4375 vehet
1379 4298 1474 4374 haud
1501 4301 1629 4388 dubie,
1655 4300 1685 4368 si
1708 4322 1775 4369 nos
1800 4294 1893 4369 banc
1915 4298 2036 4369 navim
2062 4318 2191 4367 ornare

140 4412 265 4473 tamen
289 4400 361 4471 suis
384 4401 545 4472 consiliis
567 4418 770 4478 everterunt
785 4403 946 4499 Respub.
962 4407 1047 4501 quia
1063 4407 1143 4478 freti
1194 4407 1426 4480 studebimus.
1468 4403 1624 4475 Possunt
1639 4415 1756 4474 autem
1772 4403 1905 4495 optime
1919 4401 2047 4470 mereri
2062 4402 2105 4469 de
2120 4394 2191 4467 Ec-

141 4522 211 4575 sua
236 4503 426 4595 sapientia,
458 4528 515 4576 res
537 4523 728 4580 moverunt
749 4533 824 4578 non
845 4511 1077 4593 necessarias,
1105 4524 1146 4580 ut
1195 4512 1300 4583 clesia
1323 4509 1437 4579 nostri
1461 4508 1599 4578 ordinis
1615 4506 1702 4576 viri:
1730 4530 1811 4576 cum
1827 4516 1963 4575 mentes
1988 4502 2191 4592 principum

140 4600 312 4687 Pericles,
337 4604 607 4695 Demosthenes,
633 4608 838 4703 Pompeius,
864 4610 1000 4683 Cicero.
1053 4612 1145 4684 Tota
1195 4614 1369 4710 aquibus
1392 4611 1647 4695 consuluntur,
1678 4611 1723 4678 ad
1747 4632 1868 4679 curam
1894 4603 2109 4674 defendendi
2131 4601 2191 4691 pia

142 4706 205 4778 via
220 4732 396 4796 erramus,
421 4712 452 4780 si
472 4712 551 4782 sine
564 4710 640 4784 Deo
662 4715 823 4785 foelicem
838 4738 912 4785 esse
934 4716 1145 4808 sapientiam
1194 4718 1331 4802 studia,
1357 4729 1391 4786 et
1409 4729 1501 4787 artes
1516 4715 1686 4784 salutares
1707 4707 1864 4782 humano
1888 4706 2010 4799 generi
2033 4705 2190 4777 flectunt.

142 4810 375 4883 arbitramur.
402 4811 506 4884 ·Hac
529 4814 640 4906 igitur
662 4817 905 4889 consolatione
930 4843 996 4890 nos
1015 4820 1145 4889 confir·
1194 4819 1278 4893 Dixi
1300 4842 1411 4911 pauca
1430 4820 1475 4888 de
1495 4814 1763 4909 professoribus.
1818 4813 1888 4884 Sed
1910 4809 2113 4902 priusquam
2130 4807 2193 4874 de-

141 4936 303 4993 mamus,
331 4917 536 5005 praesertim
554 4919 592 4987 in
615 4914 672 4990 his
686 4922 786 4991 orbis
807 4934 981 4992 terrarum
1004 4922 1145 5014 pericu·
1194 4924 1294 5003 sino,
1320 4921 1426 4991 ctiam
1450 4916 1509 4989 hic
1531 4932 1650 4990 coetus
1674 4913 1903 4987 scholasticus
1926 4914 1971 4981 de
1992 4935 2056 4981 suo
2074 4908 2191 4979 oflicio

142 5014 211 5103 lis,
236 5031 271 5087 et
287 5016 431 5089 labante
444 5032 517 5090 tota
533 5023 660 5092 mundi
676 5019 853 5108 machina,
874 5026 1026 5097 sciamus
1042 5048 1145 5094 ruere
1195 5023 1566 5096 commonefaciendus
1588 5035 1656 5105 cst,
1688 5043 1791 5111 saepe
1813 5019 1850 5086 in
1880 5014 2114 5085 concionibus
2136 5034 2192 5082 sa·

139 5140 201 5191 res
216 5113 409 5207 humanas,
434 5133 602 5194 ettamen
619 5126 738 5197 fulciri
758 5122 851 5197 bane
862 5128 1004 5198 ruinam
1019 5152 1038 5199 a
1055 5124 1145 5212 Deo,
1195 5130 1283 5210 cris,
1306 5151 1408 5219 saepe
1426 5126 1465 5195 in
1483 5125 1696 5197 lectionibus
1712 5128 1964 5213 proponuntur
1979 5117 2082 5188 vobis
2097 5114 2192 5184 divi-

139 5236 179 5295 et
195 5222 313 5293 bonos
327 5223 423 5293 viros
438 5225 566 5296 debere
584 5251 649 5299 suo
666 5253 833 5324 quenque
848 5230 928 5300 loco
944 5230 1079 5310 anniti,
1105 5244 1146 5300 ut
1194 5255 1261 5302 nae
1283 5231 1500 5314 sententiae,
1526 5230 1570 5298 de
1589 5224 1797 5316 disciplina,
1824 5223 1867 5291 de
1889 5220 1995 5291 bonis
2020 5219 2191 5296 moribus,

139 5323 285 5422 prosint
312 5327 495 5397 communi
520 5331 637 5406 saluti.
683 5329 833 5403 Haecin
849 5333 1144 5425 praesentiaduxi
1195 5336 1239 5404 de
1253 5334 1378 5425 poenis
1393 5356 1483 5428 quae
1503 5330 1734 5401 violationem
1750 5324 1958 5416 disciplinae
1981 5334 2192 5417 sequuntur.

138 5431 455 5501 commemoranda
472 5454 556 5506 esse.
607 5432 699 5505 Nam
717 5431 809 5505 mihi
829 5435 1013 5527 aspicienti
1028 5437 1145 5522 legum
1195 5431 1244 5507 Et
1258 5459 1393 5528 poenae
1410 5448 1494 5506 sunt
1510 5435 1548 5503 in
1565 5443 1772 5523 conspectu:
1800 5425 1912 5498 Turci
1933 5426 2078 5515 impune
2094 5444 2193 5514 gras-

138 5532 278 5617 libros,
303 5544 338 5603 et
360 5534 500 5625 cognita
523 5534 681 5627 pericula
702 5535 936 5627 Germaniae,
962 5562 1066 5633 saepe
1089 5551 1146 5610 to·
1194 5551 1321 5612 santur
1340 5539 1380 5610 iu
1401 5536 1552 5619 vicinia,
1585 5535 1772 5605 distractae
1795 5542 1879 5602 sunt
1899 5527 2102 5621 principum
2126 5548 2195 5595 vo··
