4664 6022
139 284 216 364 sta
713 278 875 359 Dllcb
927 280 1003 359 DE
1033 275 1315 360 ENCOMIO
1348 273 1619 361 SUEVlAE.
1779 319 1781 323 >
2122 284 2197 368 did

144 463 266 534 cedere
287 455 437 540 debent,
464 456 528 552 qui
546 480 632 527 suae
656 455 800 528 virtutis
822 457 969 549 vestigia
994 459 1145 552 impres-
1196 452 1451 548 scientiamque
1467 453 1520 525 rei
1536 453 1703 528 militaris
1717 457 1945 552 praecipuam
1961 458 2085 535 luisse.
2131 456 2196 535 Et.

143 577 267 636 sernnt
288 561 327 631 in
348 562 501 631 mediam
519 556 695 641 Galliam,
722 574 757 629 et
772 562 937 631 maximis
958 565 1066 652 gestis
1088 588 1145 634 re-
1198 557 1295 627 enim
1316 569 1357 628 ul
1378 558 1679 648 praetermillam
1710 577 1842 654 quanta
1868 565 1986 654 gentis
2012 564 2197 656 frugalitas

146 671 233 752 bus,
258 664 454 757 etquidem
470 661 989 755 exutilitatepublicanomen
1005 664 1146 739 Galliae
1197 660 1328 746 fuerit,
1367 660 1452 755 quia
1475 661 1602 732 vinum
1629 664 1818 755 importari
1840 681 1965 739 contra
1994 668 2089 759 leges
2117 682 2200 757 erat,

148 794 283 842 novum
301 767 521 839 indiderunt.
574 764 714 837 Nostris
730 792 814 838 vero
837 771 1061 860 temporibus
1082 773 1149 841 do-
1199 788 1290 860 quae
1322 763 1591 837 exercitationes
1624 766 1822 839 iuventutis
1855 771 1990 844 suerint
2016 770 2058 841 in
2083 771 2201 858 arrnis,

150 872 327 946 ctissimos
348 895 388 941 ea
407 870 505 961 regio
527 863 693 940 homines
716 871 858 962 genuit,
884 871 1072 967 inquibus
1090 872 1149 943 vel
1200 881 1335 961 quanto
1350 865 1473 937 labore
1488 870 1616 939 durata
1632 895 1796 963 corpora,
1819 885 1854 943 et
1869 874 1984 944 animi
1997 874 2046 945 ad
2061 874 2200 967 patien-

152 977 340 1049 obscuram
355 972 491 1067 alioqui
505 995 599 1044 unus
615 971 767 1045 loannes
782 973 926 1068 aRegio
940 975 1066 1048 Monte
1082 1001 1151 1046 no·
1200 970 1288 1042 tiam
1308 970 1521 1058 adsuefacti,
1553 984 1630 1041 tum
1657 969 1749 1044 mihi
1774 999 1920 1066 prorsus
1939 977 2063 1047 ridere
2086 1000 2200 1071 quan-

154 1080 297 1151 bilitare
319 1089 453 1170 posset,
473 1076 530 1146 vir
553 1072 690 1146 Graece
706 1075 903 1173 Latineque
926 1103 1001 1149 non
1024 1080 1152 1150 leviter
1202 1076 1285 1143 dam
1300 1071 1461 1169 Platonis
1476 1073 1654 1146 civitatem
1669 1077 1804 1164 videor,
1825 1105 1906 1149 cum
1920 1081 1999 1172 lego
2016 1074 2114 1151 nihil
2128 1080 2200 1154 illis

157 1185 297 1267 doctus,
323 1195 358 1251 et
378 1180 565 1250 universae
581 1172 836 1271 Philosophiae
858 1183 907 1251 ita
931 1182 1087 1275 peritus,
1112 1195 1152 1255 ut
1203 1175 1334 1268 privati
1348 1175 1422 1267 agri
1436 1176 1557 1263 fuisse,
1583 1180 1644 1248 sed
1659 1179 1737 1250 sine
1755 1183 1950 1275 cupiditate
1965 1183 2200 1257 communiter

157 1308 252 1357 unus
277 1282 472 1355 restituerit
503 1280 731 1374 disciplinas,
772 1308 862 1377 quae
889 1283 939 1355 sic
969 1301 1154 1370 vocantur,
1204 1278 1373 1365 coluisse,
1396 1303 1487 1372 quae
1503 1281 1636 1381 quique
1652 1283 1729 1353 loca
1745 1299 1995 1377 occupassent,
2020 1308 2093 1380 qua
2110 1286 2149 1356 in
2164 1311 2199 1361 ro

158 1389 342 1480 collapsas,
355 1400 390 1458 et
403 1384 449 1457 ab
465 1384 614 1456 interitu
629 1384 829 1471 yindicarit.
855 1381 1022 1459 Austriae
1036 1413 1154 1483 quan·
1205 1384 1373 1475 adparet,
1399 1381 1538 1454 animos
1557 1385 1673 1473 gentis
1686 1411 1815 1458 vacuos
1834 1390 1988 1460 avaricia
2015 1402 2052 1461 ct
2074 1389 2196 1461 simili·

117 1502 123 1511 ‘
158 1504 235 1563 tum
257 1490 447 1571 debemus,
479 1512 571 1582 quae
594 1512 675 1558 eum
697 1488 785 1559 alios
809 1487 994 1584 Principes
1016 1513 1155 1563 summa
1206 1485 1274 1554 bus
1298 1484 1477 1577 pestibus,
1513 1490 1610 1557 unde
1635 1488 1674 1558 in
1703 1489 1909 1563 civitatibus
1938 1514 2066 1583 graves
2089 1505 2194 1565 motos

158 1595 311 1678 virtute,
336 1607 413 1664 tum
435 1590 724 1663 Maximilianum
745 1592 875 1678 edidit,
907 1595 1044 1665 nemini
1060 1584 1156 1686 opti·
1207 1587 1354 1658 existere
1370 1588 1506 1676 solent,
1528 1613 1666 1661 summa
1691 1594 1864 1683 religione
1884 1595 2067 1667 iusticiam
2083 1620 2125 1667 sc
2143 1620 2195 1687 ps-

161 1721 305 1769 morum
334 1693 592 1786 lmperatorum
619 1698 928 1786 postponendum,
967 1696 1030 1793 qui
1058 1698 1156 1767 iuxta
1207 1715 1283 1760 cem
1299 1691 1461 1761 coluisse.
1511 1691 1613 1764 Plato
1639 1696 1709 1782 ait,
1736 1696 1783 1766 ita
1800 1697 2195 1771 foelicissimumcirita·

162 1800 263 1872 dorni
279 1823 320 1869 ac
337 1798 427 1869 foris
449 1796 669 1869 continentia
699 1798 870 1888 singulari
900 1800 989 1887 fuit,
1018 1799 1158 1873 iusticia
1208 1794 1254 1866 tis
1275 1807 1405 1864 statum
1427 1793 1521 1880 fore,
1546 1796 1576 1865 si
1601 1800 1892 1891 quamproxime
1916 1814 2069 1873 conetur
2090 1800 2191 1893 expri-

162 1901 385 1987 incredibili,
410 1900 657 1991 magnitudine
674 1901 784 1969 animi
802 1902 934 1980 divina.
963 1903 1060 1994 Quid
1077 1901 1160 1975 Fri·
1209 1920 1304 1967 mere
1321 1891 1413 1967 hanc
1429 1895 1553 1986 legem,
1579 1924 1669 1993 quae
1686 1903 1730 1971 de
1747 1902 1871 1979 amicis
1888 1917 1992 1987 extat,
2017 1898 2068 1977 τὰ
2086 1900 2195 2002 φίλων

163 2006 233 2086 sia,
255 2004 339 2100 quia
355 2003 558 2095 Agricolam
579 2003 719 2094 genuit,
743 2019 917 2098 quantum
942 2007 1060 2078 laudis
1082 2030 1159 2075 me-
1208 1991 1330 2072 κοινά.
1389 1997 1508 2088 Quam
1540 2016 1658 2074 autem
1691 2000 1783 2074 mihi
1809 2003 1984 2077 Graecam
2018 2007 2195 2092 civitatem,

164 2107 288 2182 retur?
337 2104 492 2177 Batavos
513 2129 596 2175 suos
616 2101 788 2177 Erasmus
809 2132 916 2202 quam
931 2110 1046 2181 claros
1066 2109 1160 2180 lecit.
1210 2124 1298 2196 quas
1317 2096 1498 2189 Athenas,
1522 2129 1628 2198 quam
1648 2104 1833 2200 Spartam,
1858 2123 1920 2180 aut
1934 2108 2071 2183 Locros
2092 2110 2195 2183 nomi·

164 2210 236 2285 Sed
261 2210 348 2305 qnid
373 2233 437 2300 ego
456 2208 608 2280 aliarum
625 2209 813 2281 nationum
833 2212 958 2284 laudes
982 2236 1161 2299 recenseo,
1210 2205 1311 2278 nabit
1326 2205 1475 2298 aliquis,
1501 2204 1540 2275 in
1558 2232 1628 2301 qua
1645 2210 1794 2300 perinde
1809 2212 1886 2301 agri
1901 2235 2115 2285 communes
2129 2235 2195 2308 pos·

164 2338 247 2386 cum
271 2315 315 2384 de
333 2310 460 2385 Suevis
476 2311 592 2383 oratio
615 2310 778 2385 instituta
797 2313 868 2386 sit?
919 2314 1054 2388 Verum
1072 2311 1160 2386 haec
1210 2308 1454 2400 sessionesque
1477 2309 1629 2394 fuerint,
1661 2325 1702 2382 ut
1726 2316 1821 2404 apud
1845 2313 2007 2386 Suevos?
2045 2316 2113 2412 qui
2139 2312 2195 2387 nisi

166 2418 247 2490 ideo
264 2417 443 2510 praefatus
458 2438 558 2499 sum,
578 2427 619 2486 ut
635 2415 881 2507 intelligeretis
898 2444 973 2504 me,
998 2443 1079 2490 curn
1102 2418 1162 2487 ni·
1212 2410 1417 2481 admirabili
1431 2410 1569 2482 iusticia
1585 2414 1750 2504 praediti,
1771 2430 1806 2487 et
1819 2440 1946 2508 magna
1965 2418 2064 2489 inter
2078 2442 2119 2491 se
2130 2414 2195 2489 cha·

166 2516 220 2592 hil
245 2519 283 2590 in
306 2514 373 2589 hac
393 2541 497 2589 causa
521 2517 566 2586 de
586 2517 814 2610 amplissimis
834 2522 1053 2594 ornamentis
1072 2522 1163 2592 alis·
1213 2514 1318 2586 ritate
1340 2512 1499 2587 devincti
1523 2516 1692 2602 fuissent,
1718 2519 1820 2590 nullo
1844 2521 1952 2591 modo
1970 2522 2075 2593 illam
2095 2542 2199 2595 rem

166 2648 248 2695 rum
271 2622 459 2694 nationum
475 2613 678 2706 detraham,
703 2621 796 2692 veris
811 2623 978 2695 laudibus
993 2623 1162 2697 Sueviam
1212 2616 1502 2688 communionem
1518 2620 1766 2694 exercuissent.
1820 2619 2008 2712 Quaedam
2032 2622 2202 2717 gentessb

166 2738 378 2799 ornaturum
399 2746 484 2795 esse·
533 2719 673 2812 Quaeso
693 2735 811 2796 autem
835 2751 917 2814 vos,
940 2741 982 2799 ut
1003 2752 1069 2820 pro
1091 2722 1163 2797 hu·
1213 2719 1293 2791 Diis
1308 2742 1344 2790 se
1359 2732 1455 2791 ortas
1468 2743 1542 2790 esse
1559 2725 1777 2814 praedicant,
1802 2721 1895 2795 mihi
1908 2750 1984 2798 non
2000 2728 2201 2801 minorissa

165 2829 334 2901 monitate
350 2842 464 2899 vestra
479 2848 537 2894 me
550 2826 707 2916 benigne
722 2828 893 2916 audiatis;
921 2854 1004 2900 narn
1026 2831 1163 2900 candor
1214 2822 1357 2894 videtur
1377 2823 1423 2892 ad
1448 2822 1534 2893 1³¹&
1560 2825 1673 2911 Vim,
1695 2830 1817 2923 qual&
1836 2828 1945 2899 fuisse
1965 2845 2110 2905 velem
2125 2830 2201 2905 Su·-

77 2946 80 2951 '
167 2944 220 3003 est
243 2944 446 3001 exterorum
469 2927 663 3000 virtutibus
689 2941 724 3000 et
753 2953 876 3002 earum
905 2955 1164 3005 commemora-
1213 2949 1278 2995 vos
1294 2924 1512 3016 intelligitis,
1538 2951 1620 2998 vere
1638 2954 1740 3021 posse
1759 2931 1935 3022 originem
1958 2935 2119 3023 referre,
2142 2954 2199 3029 qos
2236 2924 2238 2983 ἶ

166 3033 258 3106 ῑίοηί
271 3034 401 3119 savere,
426 3052 515 3125 quas
530 3031 676 3125 quidem
690 3056 769 3120 nos,
794 3033 877 3129 quia
895 3034 990 3106 inter
1005 3035 1164 3107 eruditos
1213 3029 1260 3099 ad
1276 3025 1469 3099 Herculem
1482 3043 1546 3101 sut
1564 3028 1731 3108 Martem.
1782 3032 1865 3105 Non
1881 3049 1934 3107 est
1954 3033 2194 3121 instituti-si

167 3136 338 3220 dicimus,
364 3135 472 3227 paulo
494 3133 636 3225 longius
651 3134 756 3205 etiam
778 3135 864 3208 inde
878 3161 992 3232 usque
1007 3139 1054 3210 ab
1069 3138 1164 3210 anti·
1215 3131 1339 3204 laudes
1359 3130 1511 3200 aliarum
1533 3131 1569 3201 in
1585 3131 1781 3207 Germania
1803 3129 1994 3209 nationum
2013 3153 2200 3221 extem

166 3239 302 3335 quitata
315 3251 527 3331 repetemus.
581 3234 797 3332 Quanquam
813 3253 930 3312 autem
947 3241 1021 3312 sola
1039 3227 1165 3327 virtus,
1215 3247 1336 3306 tamen
1353 3231 1421 3304 hoc
1435 3234 1475 3310 in
1491 3236 1652 3309 confesso
1667 3252 1737 3323 est,
1762 3240 1901 3311 nullius
1915 3242 2078 3315 maiores
2088 3264 2203 3337 mona

165 3366 287 3412 veram
302 3353 337 3412 et
351 3340 503 3411 solidam
521 3340 662 3411 laudem
681 3340 793 3432 parit,
819 3355 940 3415 tamen
955 3358 989 3415 et
1005 3345 1165 3439 antiqui·
1215 3337 1346 3408 mentis
1372 3336 1576 3426 literarum,
1614 3342 1765 3433 perinde
1788 3355 1831 3414 ut
1851 3340 1990 3415 Suevos
2019 3346 2205 3419 celebrates

166 3458 219 3518 tas
234 3443 393 3536 generis,
421 3443 504 3538 quia
523 3439 694 3513 nonnihil
709 3446 883 3517 momenti
900 3447 1015 3519 adfert
1028 3451 1072 3518 ad
1088 3449 1165 3519 vir·
1215 3464 1302 3527 esse,
1326 3441 1422 3534 quod
1439 3441 1584 3535 quidem
1598 3460 1845 3535 argumentum
1861 3470 1936 3517 esse
1951 3443 2047 3519 mihi
2063 3450 2205 3531 videtu,

168 3548 255 3620 tutis
268 3547 449 3628 studium,
473 3569 574 3617 suam
592 3546 733 3617 laudem
750 3562 917 3623 meretur.
1216 3546 1349 3614 virtute
1370 3544 1478 3615 etiarn
1500 3568 1560 3616 eos
1589 3547 1738 3642 reliquis
1760 3549 1928 3622 omnibus
1950 3549 1993 3621 in
2017 3546 2204 3625 Germanis

1216 3645 1426 3719 nationibus
1440 3648 1667 3739 praestitisse.
1718 3649 1914 3747 Pleraeque
1935 3648 2204 3727 nominaverat

1216 3749 1366 3835 amisso,
1397 3751 1613 3844 nequidem
1637 3754 1877 3826 coniecturam
1899 3779 2026 3847 capere
2059 3766 2206 3851 possunt,

1218 3852 1406 3946 exquibus
1427 3853 1498 3926 orti
1518 3854 1591 3927 sint
1613 3857 1820 3933 maioribus.
1870 3850 1921 3929 Et
1935 3852 2033 3931 haud
2050 3862 2148 3948 scio,
2166 3880 2206 3945 ,Ι

1218 3957 1287 4028 soli
1304 3954 1415 4029 Socvi
1436 3980 1569 4027 nomen
1592 3972 1693 4033 vetus
1717 3960 1950 4046 retinuerint,
1975 3963 2041 4033 sed
2063 3986 2146 4036 cnm
2165 3960 2206 4035 ta

1219 4070 1358 4133 mutent
1371 4073 1492 4150 gentes
1505 4061 1670 4148 nomina,
1693 4062 1723 4132 si
1738 4064 1795 4134 vel
1809 4063 1924 4156 patria
1935 4063 2054 4156 polsi,
2078 4064 2206 4137 velim·

171 4163 294 4256 Quare
305 4187 388 4235 com
400 4174 559 4233 veterum
568 4160 769 4235 Sacrorum
785 4187 923 4237 summa
931 4165 1045 4239 virtus
1059 4167 1168 4239 fuisse
1219 4163 1319 4258 perio
1341 4162 1489 4244 deiecti,
1518 4164 1645 4235 amissa
1664 4165 1849 4248 libertate,
1875 4167 1915 4237 in
1935 4166 2097 4241 aliorum
2118 4178 2207 4263 pots·

172 4263 422 4360 perhibeatur,
451 4265 623 4337 credibile
645 4280 699 4338 est
719 4269 764 4336 ad
788 4282 948 4360 posteros
975 4285 1168 4363 propagata
1220 4281 1346 4338 statem
1366 4266 1531 4352 veniant,
1564 4269 1757 4339 verisimile
1778 4283 1830 4341 est
1851 4267 2009 4358 Suevos,
2043 4272 2133 4368 quie
2150 4292 2208 4343 no·

174 4394 248 4442 esse
266 4370 403 4441 semina
425 4371 598 4463 quaedam
621 4368 782 4457 virtutis;
816 4386 850 4443 et
866 4375 1168 4466 quemadmodum
1220 4394 1304 4441 men
1326 4369 1572 4456 retinuerunt,
1612 4371 1813 4443 libertatem
1840 4395 1941 4443 suam
1964 4396 2114 4449 summa
2136 4394 2208 4447 cu

170 4475 307 4546 formae
334 4496 526 4566 corporum
554 4471 594 4543 in
619 4473 711 4544 natis
738 4473 928 4546 imitantur
951 4489 1089 4567 patres,
1120 4478 1169 4549 ita
1219 4473 1352 4547 virtute
1365 4473 1567 4559 defensam,
1591 4497 1778 4569 nunquam
1792 4474 1964 4550 amisisse.
2012 4450 2238 4575 Νιιιιιιιιοδε

173 4590 396 4670 posterorum
422 4575 566 4668 ingenia
595 4600 671 4646 non
693 4599 796 4669 saepe
822 4589 971 4649 naturae
992 4580 1168 4652 maiorum
1220 4579 1320 4648 sedes
1333 4589 1537 4661 mutarunt,
1562 4591 1597 4648 et
1613 4602 1634 4647 a
1650 4573 1806 4650 Balthici
1825 4578 1933 4649 maris
1951 4577 2096 4669 littore,
2123 4572 2209 4677 quoi

173 4680 359 4751 dissimilia
391 4692 486 4750 suut.
544 4676 702 4750 Proinde
726 4703 802 4751 non
832 4679 993 4772 exiguam
1027 4684 1168 4754 laudem
1221 4680 1309 4752 olim
1326 4693 1536 4764 tenuerunt,
1562 4680 1710 4772 propius
1727 4676 1896 4754 Rhenum
1913 4694 2158 4771 accesserunt,
2177 4676 2217 4751 id

176 4781 346 4855 Suevicae
362 4781 520 4853 nationis
537 4776 629 4853 hauc
646 4805 720 4852 esse
734 4783 846 4870 duco,
871 4787 969 4878 quod
987 4810 1006 4856 a
1022 4785 1170 4857 maiori-
1221 4784 1368 4868 accidit,
1404 4782 1489 4876 quia
1520 4783 1674 4854 lacessiti
1696 4781 1872 4855 Romanis
1904 4784 2040 4868 armis,
2077 4786 2120 4859 in
2143 4784 2211 4877 sip·

177 4885 245 4955 bus
266 4885 471 4956 incredibili
485 4885 636 4971 virtute,
660 4886 800 4980 fideque
824 4888 1013 4978 praeditis,
1036 4889 1171 4984 quiqne
1220 4882 1344 4962 Rheni
1361 4887 1469 4956 domo
1491 4886 1600 4958 accita
1624 4886 1798 4977 praesidia
1812 4888 1970 4980 primum
1986 4888 2213 4969 collocanti.

177 4986 342 5059 maximis
356 4989 461 5077 gestis
475 4989 583 5058 rebus
594 5012 678 5060 suae
692 4990 888 5081 posteritati
902 4992 1171 5082 praeluxerunt,
1220 5004 1341 5084 postea
1359 4989 1453 5082 capti
1470 4991 1562 5060 ae'ris
1580 4989 1741 5084 coelique
1758 4989 1966 5074 clementia,
1987 4984 2052 5074 bt·
2072 4990 2117 5063 in
2135 4986 2213 5063 loc'!

177 5087 249 5159 orti
271 5103 366 5160 aunt.
415 5088 561 5163 Habent
583 5106 701 5164 autem
725 5105 860 5164 veteres
873 5092 982 5166 Suevi
1004 5096 1172 5186 gravissi-
1220 5094 1479 5176 consederunt,¹
1502 5105 1537 5163 et
1559 5104 1779 5183 occuparunt
1801 5117 1880 5163 eam
1896 5088 2123 5167 Germaniae
2140 5114 2212 5187 par·

176 5215 277 5262 mum
301 5204 422 5263 testem
446 5217 589 5264 suarum
615 5196 783 5282 laudum,
810 5192 852 5269 C.
871 5193 1076 5285 Caesarem,
1107 5200 1169 5293 qui
1221 5211 1309 5284 tem,
1333 5196 1440 5285 longe
1455 5195 1630 5289 promotis
1645 5195 1796 5281 linibus,
1820 5218 1911 5289 quae
1925 5192 2212 5279 intentationum,

175 5296 226 5367 sic
241 5295 411 5367 describit
427 5320 496 5381 eos,
516 5311 556 5368 ut
571 5300 748 5389 adpareat,
770 5312 806 5368 et
819 5299 918 5369 domi
932 5300 1067 5392 optime
1083 5326 1172 5373 con-
1220 5296 1349 5391 Alpes,
1379 5297 1517 5395 Lycum
1543 5312 1578 5371 et
1599 5295 1774 5369 Moenum
1796 5311 1866 5382 est,
1896 5292 1934 5367 hi
1969 5312 2058 5371 sunt
2080 5299 2210 5374 Suevo-

176 5398 315 5470 stitutas
335 5397 494 5491 Respub.
522 5402 823 5496 domesticamque
852 5403 1079 5496 disciplinam
1106 5400 1170 5477 ba-
1220 5427 1301 5474 rum
1314 5404 1402 5473 lines
1417 5402 1486 5473 hoc
1501 5416 1673 5494 tempore.
1707 5399 1832 5494 Neque
1847 5423 1930 5471 vero
1945 5402 2213 5491 degenerarunt,

176 5501 317 5590 buisss,
331 5517 371 5576 -ct
386 5500 476 5574 loris
492 5502 743 5579 incredibilem
761 5529 886 5579 eorum
909 5506 1172 5596 fortitudinem,
1192 5558 1197 5587 .
1220 5520 1356 5579 mutato
1378 5505 1478 5577 coelo
1500 5529 1521 5578 a
1542 5503 1694 5598 pristina
1716 5504 1872 5586 virtute,
1895 5504 1959 5575 sed
1980 5497 2042 5577 bis
2064 5506 2210 5601 primun

220 3705 325 3768 Fortes
338 3698 477 3793 (inquit
490 3693 685 3792 Horatius)
701 3719 839 3768 creantur
850 3708 980 3773 lortibus
993 3726 1023 3774 et
1038 3713 1136 3777 bonis.

218 3806 274 3872 Est
286 3812 319 3871 in
333 3811 485 3886 iuvencis,
512 3820 556 3869 est
568 3809 601 3868 in
617 3811 703 3892 equis
718 3820 838 3891 patrum

219 3910 348 3991 Virtus,
374 3934 430 3973 neo
448 3912 601 3973 imbellem
615 3911 731 3974 feroces

219 4015 424 4099 Progenerant
438 4018 561 4100 aliquae
575 4016 758 4078 columbam.
816 4022 822 4031 '
