4664 6022
254 295 343 381 ns
425 286 430 305 ’
543 236 545 241 ’
725 292 888 374 nucu.
938 292 1014 373 uu
1045 293 1386 373 uranicam
1417 295 1799 385 annonarum
2207 300 2284 378 12⁰

252 477 369 551 artes?
418 475 618 548 Hesiodum
637 485 737 546 tauta
752 470 1063 564 luisseprudentia
1085 485 1244 565 apparet,
1293 494 1390 542 nunc
1420 470 1550 566 aliquis
1581 485 1617 543 et
1644 473 1823 564 praedicet
1852 471 1909 543 vel
1935 472 2110 546 Mercurii
2133 472 2284 566 virgam,

254 596 296 654 ut
322 604 466 653 carmen
494 582 571 650 eins
600 575 762 649 divinum
796 574 913 646 videri
945 574 1146 661 voluerint,
1180 575 1244 669 qui
1294 598 1364 669 qua
1383 573 1662 646 tinxit‘vetustas
1677 576 1814 646 animas
1831 600 1915 646 orco
1930 589 2092 647 evocatas
2109 600 2201 664 esse,
2227 579 2283 648 vel

254 700 442 756 senscrunt
458 707 540 754 eum
557 680 701 752 calamis
715 677 860 757 aMusis
876 677 1026 770 acceptis
1040 692 1155 749 vatem
1170 700 1244 748 csse
1295 672 1436 769 Orphei
1452 671 1651 772 cytharam,
1677 703 1747 771 qua
1765 680 1881 774 sylvas
1899 692 1935 751 et
1956 702 2039 749 saxa
2060 681 2209 751 traxisse
2230 680 2284 751 fc-

255 787 398 859 iactum.
450 784 484 857 ls
499 808 584 855 vero
604 808 683 855 cum
696 780 1003 874 persuasissimum
1018 781 1091 851 suis
1107 782 1245 851 civibus
1294 793 1399 865 runt,
1434 775 1524 849 mihi
1547 779 1691 874 quidem
1716 805 1791 852 non
1815 781 1936 852 minus
1964 781 2177 853 admiranda
2209 804 2282 855 esse

257 913 332 962 esse
352 891 476 975 vellet,
508 882 602 957 nihil
629 885 790 971 foedius,
824 879 917 954 nihil
949 883 1141 953 immanius
1170 907 1244 953 esse
1294 883 1428 953 musica
1451 882 1609 970 videtur,
1649 908 1720 977 qna
1743 884 1938 955 concitatae
1959 884 2205 957 multitudinis
2231 887 2282 958 vis

257 993 428 1063 violentia
450 1015 512 1062 seu
533 989 684 1074 iniuria,
710 1012 785 1058 rem
807 987 920 1079 ipsam
941 986 1038 1057 velut
1062 987 1099 1055 iu
1123 987 1244 1056 tabula
1296 986 1457 1070 sedatur,
1489 999 1595 1080 atque
1616 1009 1654 1056 ea
1679 1009 1770 1079 quae
1792 987 1922 1059 bestias
1944 1000 1978 1057 et
2000 1011 2081 1059 saxa
2102 989 2283 1078 demulsit,

258 1095 438 1189 depinxit,
463 1091 660 1185 composito
677 1092 721 1160 de
736 1090 901 1180 accipitre
926 1102 960 1159 et
985 1089 1135 1160 luscinia
1158 1113 1245 1182 apo·
1295 1100 1329 1158 et
1344 1083 1440 1158 haud
1456 1087 1550 1173 scio,
1576 1113 1622 1158 an
1640 1090 1703 1182 qni
1724 1089 1786 1159 illa
1803 1090 1847 1159 de
1863 1090 2045 1162 Mercurio
2062 1087 2283 1186 Orpheoque

257 1199 367 1290 logo.¹
404 1196 563 1267 Docebat
587 1189 647 1264 hic
669 1217 812 1287 quoque
834 1214 993 1281 graecam
1013 1191 1246 1277 iuventutem,
1295 1190 1493 1276 finxerunt,
1516 1191 1713 1281 significare
1736 1193 1917 1264 voluerint
1938 1192 2108 1285 peculiari
2128 1196 2282 1289 quodam

258 1316 294 1373 et
309 1324 385 1373 non
405 1312 488 1372 sunt
509 1296 763 1368 contemnendi
783 1296 990 1387 scriptores,
1015 1295 1078 1387 qui
1095 1291 1245 1387 Aesopi·
1297 1294 1439 1363 dicendi
1456 1316 1583 1384 genere
1592 1296 1699 1364 rudes
1713 1297 1881 1366 mortales
1894 1310 1929 1366 et
1944 1295 2038 1365 leros
2049 1290 2167 1368 adhuc
2182 1321 2282 1369 man·

257 1426 316 1475 cas
330 1403 469 1474 fabulas
486 1400 623 1492 abipso
641 1398 806 1470 confictas
818 1397 1057 1491 prodiderunt
1296 1397 1470 1467 suclactos
1485 1419 1569 1472 esse.
1602 1394 1710 1485 Quod
1725 1398 1755 1467 si
1769 1422 1895 1468 verum
1911 1412 1981 1484 est,
2006 1413 2281 1471 consentaneum

345 1504 431 1575 Dixi
446 1528 517 1598 quo
534 1502 685 1574 consilio
702 1513 822 1594 putem
838 1514 994 1592 repertas
1010 1523 1084 1569 esse
1098 1498 1247 1582 fabulas,
1297 1513 1348 1570 est
1372 1498 1410 1568 id
1433 1500 1583 1591 apologo
1609 1499 1771 1570 effectum
1798 1524 1890 1587 esse,
1932 1525 2003 1595 quo
2023 1502 2200 1573 orationis
2224 1526 2283 1596 ge-

258 1621 444 1703 potestque
467 1630 509 1675 ex
529 1600 599 1675 hoc
622 1604 722 1674 velut
751 1604 850 1674 sonte
873 1602 1032 1696 precium
1054 1625 1179 1672 earum
1214 1613 1248 1669 et
1297 1624 1383 1670 nere
1421 1600 1591 1673 facillime
1631 1602 1820 1694 capiuntur
1851 1603 2100 1696 imperitorum
2134 1620 2281 1683 mentes.

257 1712 393 1784 utilitas
409 1708 599 1780 aestimari.
632 1706 756 1800 Neque
771 1706 867 1775 enim
884 1719 955 1776 tarn
972 1705 1164 1795 prudentes
1177 1702 1247 1771 viri
1297 1701 1401 1774 Certe
1423 1705 1486 1798 qui
1501 1704 1648 1797 populis
1662 1705 1736 1775 suis
1759 1706 1871 1796 legem
1886 1707 2146 1796 condiderunt,
2172 1708 2283 1783 multa

258 1814 461 1884 fabularum
477 1804 682 1882 autoreshis
694 1808 799 1897 nugis
813 1832 971 1902 unquam
980 1807 1142 1877 delectati
1157 1805 1249 1874 fuis·
1298 1807 1456 1898 apologis
1495 1807 1677 1877 simillima
1710 1809 1860 1899 posteris
1892 1809 2127 1903 reliquerunt.
2186 1808 2283 1901 Quid

259 1930 357 2001 sent,
381 1914 450 1984 nisi
470 1915 515 1982 ad
538 1912 751 1982 erudiendas
773 1911 927 2002 pueriles
950 1924 1102 1994 mentes,
1129 1906 1248 2000 pluri·
1299 1909 1394 1977 enim
1416 1908 1476 1978 illa
1501 1907 1657 2003 Lycurgi
1681 1911 1811 1980 scena?
1849 1935 1971 1980 nonne
2003 1913 2196 2006 apologum
2226 1938 2282 1989 te·

259 2042 360 2089 mum
390 2018 587 2088 conducere
622 2014 823 2085 sensissent·
887 2011 1009 2102 Quid,
1043 2011 1140 2106 quod
1173 2034 1248 2080 nou
1299 2012 1563 2102 praesentabat,
1601 2036 1681 2082 cum
1712 2013 1872 2105 exemplo
1901 2016 2055 2086 duorum
2083 2017 2283 2090 catulorum

194 2160 200 2167 -
258 2121 368 2192 modo
390 2119 532 2212 pueris,
564 2118 625 2188 sed
650 2115 890 2187 celeberrimis
913 2115 1019 2185 etiam
1044 2113 1247 2184 civitatibus
1297 2115 1471 2199 doceret,·
1491 2127 1654 2185 naturam
1683 2128 1717 2185 et
1742 2115 1937 2207 ingenitam
1963 2119 2036 2187 vim
2058 2120 2282 2193 institutione

258 2223 400 2293 fabulae
425 2220 596 2329 salptores
624 2220 784 2289 luerunt.
842 2216 933 2311 Cum
958 2216 1059 2307 plebs
1081 2213 1248 2288 Romana
1298 2239 1337 2285 ac
1361 2217 1580 2286 assuetudini
1602 2216 1725 2286 vinci?
1775 2216 1858 2288 Non
1886 2220 1974 2290 libet
1995 2216 2055 2292 hic
2080 2224 2282 2316 peregrinas

258 2349 339 2396 cum
362 2323 523 2417 patribus
548 2321 751 2406 dissideret,
778 2342 1021 2412 secessumque
1052 2331 1104 2387 est
1128 2318 1168 2385 in
1191 2340 1247 2386 sa-
1297 2319 1407 2406 leges,
1433 2320 1617 2410 peregrina
1640 2319 1801 2391 instituta
1827 2344 2027 2410 recensere,
2053 2349 2135 2395 cum
2161 2327 2204 2397 in
2228 2351 2283 2399 sa·

257 2450 359 2499 crum
375 2440 546 2511 montem,
562 2448 628 2494 nec
644 2423 844 2495 saeveriore
859 2422 932 2491 ulla
949 2419 1115 2490 oratione
1127 2420 1247 2497 flecte-
1297 2421 1366 2489 cris
1382 2416 1495 2491 literis
1510 2435 1581 2492 tam
1596 2423 1751 2492 multum
1768 2435 1859 2494 extet
1873 2426 2124 2517 apologorum,
2147 2442 2191 2501 ut
2204 2432 2281 2503 satis

256 2545 378 2620 retur,
403 2529 532 2597 missus
548 2541 599 2597 est
616 2519 794 2615 Agrippa,
820 2524 884 2618 qui
899 2524 1103 2593 universam
1124 2520 1248 2592 multi·
1296 2538 1483 2615 appareat,
1500 2524 1618 2616 ipsum
1634 2525 1783 2596 coeleste
1800 2550 1934 2597 numen
1950 2528 1998 2599 ita
2014 2530 2192 2605 iudicasse
2208 2532 2283 2607 ett-

257 2633 421 2703 tudinem
443 2629 563 2720 lepido
594 2629 767 2720 apologo,
805 2628 850 2696 de
877 2637 1000 2695 ventre
1034 2638 1069 2695 et
1100 2623 1248 2718 reliquis
1297 2624 1518 2696 cecissimum
1547 2621 1619 2696 hoc
1648 2627 1822 2697 orationis
1853 2651 1982 2718 genus,
2013 2634 2059 2703 ad
2092 2634 2284 2711 flectendos

255 2729 414 2804 hominis
436 2731 606 2802 membris
632 2731 681 2800 ita
704 2729 816 2820 cepit,
850 2741 890 2799 ut
914 2727 1031 2798 statim
1057 2726 1186 2797 liberet
1207 2728 1248 2796 in
1296 2722 1485 2798 hominum
1506 2729 1644 2798 animos
1667 2753 1750 2802 esse.
1804 2730 1945 2820 Quaeso
1970 2747 2024 2817 te,
2056 2734 2150 2832 quae
2172 2754 2284 2832 potest

212 2853 216 2856 ’
258 2837 408 2928 gratiam
427 2832 686 2926 compatribus
710 2831 837 2902 redire.
890 2823 1147 2900 Demosthenes
1167 2852 1247 2918 gra·
1296 2830 1540 2922 lausamplior
1555 2832 1760 2923 contingere
1784 2835 1959 2925 apologis,
1985 2862 2093 2932 quam
2107 2844 2207 2938 quod
2229 2868 2284 2917 eor

257 2939 312 3008 vis
320 2934 475 3022 Orator,
500 2960 582 3007 cum
598 2932 749 3004 Macedo
767 2957 808 3003 ea
822 2932 1028 3004 conditione
1045 2954 1124 3001 cum
1135 2925 1247 3001 Athe·
1287 2934 1446 3003 ‘coeleste
1460 2957 1594 3004 numen
1609 2935 1715 3005 etiam
1731 2937 1929 3028 approbat?
1956 2936 2193 3030 Iamdudum,
2207 2949 2285 3043 opi·

256 3040 444 3112 nieusibus
467 3039 592 3108 loedus
611 3037 769 3107 facturus
792 3048 901 3120 esset,
930 3048 972 3104 nt
993 3034 1048 3102 illi
1073 3029 1246 3104 Oratores
1296 3059 1383 3116 nor,
1416 3036 1610 3127 puerilium
1634 3062 1697 3107 vos
1725 3061 1902 3129 nugarum
1931 3046 2139 3133 pertaedet:,
2165 3062 2202 3120 et
2223 3073 2281 3144 ego

259 3144 329 3215 sibi
353 3143 545 3225 dederent,
566 3139 629 3234 qui
649 3138 829 3231 perpetuis
853 3137 1087 3208 concionibus
1108 3137 1247 3206 animos
1296 3151 1411 3230 partes
1425 3161 1521 3208 meas
1535 3161 1609 3209 esse
1624 3140 1759 3221 sentio,
1786 3143 1975 3215 nediutius
1990 3170 2054 3217 vos
2070 3150 2281 3241 obtu'ndaut,

255 3245 389 3317 civium
418 3246 586 3314 adversus
616 3265 654 3311 se
684 3243 950 3325 exacerbarent,
984 3239 1245 3332 iniquissimam
1295 3263 1501 3335 quanquam
1527 3235 1619 3312 mihi
1650 3243 1799 3335 quidem
1824 3246 1911 3315 adeo
1935 3248 2069 3321 arridet
2093 3276 2283 3345 argumen-

255 3348 499 3420 couditioucm
512 3343 667 3435 Reipub.
687 3344 814 3414 festivo
832 3345 987 3437 quodam
1008 3341 1157 3433 apologo
1172 3342 1247 3410 dis-
1296 3355 1391 3428 tum,
1415 3343 1567 3413 utnulla
1580 3369 1742 3439 uuquam
1755 3347 1916 3419 oratione
1933 3351 2086 3424 arbitrer
2107 3358 2193 3429 satis
2208 3360 2284 3432 lau·

255 3450 383 3535 suasit,
417 3471 621 3543 quanquam
648 3446 694 3517 ab
714 3470 755 3515 ea
777 3446 924 3517 nonita
959 3443 1111 3515 multum
1146 3444 1246 3535 plebs
1296 3446 1373 3513 dari
1392 3469 1504 3536 posse.
1551 3444 1659 3536 Quod
1675 3450 1838 3520 estenim
1853 3452 2139 3546 dicendigenus,
2159 3460 2283 3558 inquo

257 3553 399 3623 diutino
421 3551 515 3621 bello
536 3562 659 3619 vexata
681 3544 902 3620 abhorreret.
960 3546 1051 3617 Nam
1077 3570 1159 3615 cum
1180 3548 1247 3616 do·
1296 3546 1443 3637 perinde
1467 3572 1547 3617 cum
1571 3572 1709 3620 summa
1729 3552 1883 3624 utilitate
1907 3577 2042 3627 summa
2067 3561 2181 3649 gratia
2200 3588 2284 3636 con.

256 3678 335 3724 cere
351 3653 459 3722 vellet
480 3652 520 3718 in
534 3645 603 3720 hoc
617 3650 791 3742 postulari
808 3645 999 3732 Oratores,
1024 3662 1065 3718 ut
1082 3649 1168 3716 urbs
1185 3651 1247 3717 de·
1295 3647 1416 3719 iuncta
1434 3650 1509 3718 est?
1547 3648 1639 3720 Vere
1653 3651 1823 3724 nimirum
1840 3655 1932 3728 dixit
1949 3653 2137 3734 Horatius:
2164 3659 2283 3739 Omne

257 3756 380 3829 stituta
395 3748 593 3823 Oratorum
616 3751 812 3843 praesidio,
837 3751 953 3841 regiae
976 3750 1160 3843 tyrannidi
1185 3774 1247 3840 pa·
1296 3751 1417 3820 tulisse
1445 3774 1525 3820 eum
1559 3767 1749 3844 punctum,
1784 3757 1846 3850 qui
1881 3759 2024 3832 miscuit
2055 3764 2145 3837 utile
2177 3769 2282 3844 dulci.

255 3871 363 3943 teret,
389 3854 479 3925 mira
498 3854 576 3924 luce
592 3867 627 3923 et
644 3852 911 3944 perspicuitate,
936 3851 1144 3921 Macedonis
1160 3875 1246 3920 con·
1296 3850 1397 3942 Quae
1416 3853 1512 3924 enim
1526 3853 1659 3938 oratio,
1684 3881 1819 3944 mores,
1846 3861 1981 3947 studia,
2008 3863 2151 3955 ingenia
2163 3869 2282 3946 homi·

256 3960 378 4030 silium
399 3970 482 4028 ante
505 3956 629 4026 oculos
642 3954 895 4025 multitudinis
917 3956 1035 4045 posuit
1057 3950 1123 4024 hoc
1149 3978 1246 4024 com·
1295 3979 1382 4025 num
1400 3957 1546 4047 propius
1562 3959 1729 4049 expressit
1747 3965 2031 4056 quamapologi?
2057 3969 2167 4064 idque
2185 3987 2280 4047 tanta

256 4075 394 4132 mento:
447 4060 551 4151 lupos
581 4058 762 4152 quondam
791 4081 872 4127 cum
901 4057 1103 4149 pastoribus
1127 4070 1247 4147 pactos
1295 4082 1375 4127 cum
1398 4058 1529 4148 gratia,
1554 4075 1594 4130 nt
1617 4062 1727 4130 nullis
1749 4064 1872 4153 epodis
1892 4064 2069 4142 incantari
2094 4071 2201 4146 citius
2218 4073 2283 4151 ho·

256 4187 352 4247 esse,
377 4155 471 4231 nihil
494 4183 530 4229 se
552 4153 697 4252 posthac
713 4155 843 4230 hostile
858 4160 969 4230 caulis
983 4160 1146 4229 illaturos
1163 4182 1247 4245 esse,
1295 4159 1435 4229 minum
1465 4176 1601 4232 mentes
1624 4164 1782 4257 possint,
1812 4191 1919 4261 quam
1952 4172 2098 4264 cupiant
2129 4180 2278 4272 apologi

256 4266 288 4336 si
302 4263 373 4335 sibi
389 4286 493 4334 canes
514 4264 738 4331 dederentur.
790 4259 933 4333 Placuit
954 4262 1073 4333 stultis
1094 4263 1246 4353 pastori·
1295 4261 1451 4331 Proinde
1467 4266 1630 4358 aequales
1653 4290 1750 4337 meos
1764 4264 1955 4357 adhortor,
1980 4274 2010 4342 si
2028 4300 2097 4369 qua
2112 4280 2281 4357 orationis

255 4370 324 4439 bus
339 4365 517 4445 conditio,
543 4388 716 4458 canesque
731 4363 843 4435 dediti
859 4379 953 4439 sunt.
1005 4364 1161 4435 Proinde
1182 4363 1247 4435 ubi
1295 4387 1392 4433 meae
1414 4378 1465 4434 est
1487 4368 1677 4454 autoritas,
1706 4383 1747 4441 ut
1769 4373 1816 4441 ad
1837 4372 2024 4447 discendos
2044 4379 2216 4474 apologos
2247 4410 2280 4459 se

255 4471 333 4564 lupi
350 4468 519 4538 viderunt
532 4467 696 4537 excubias
714 4466 894 4538 caularum
912 4468 1068 4537 sublatas
1083 4490 1174 4552 esse,
1198 4467 1246 4535 li·
1294 4479 1369 4536 toto
1393 4480 1536 4559 pectore
1557 4473 1752 4547 conferant.
1810 4472 1905 4546 Sunt
1926 4478 1989 4569 qui
2012 4483 2131 4554 nescio
2152 4488 2279 4581 quibus

255 4574 341 4644 here
369 4569 521 4663 grassari
545 4569 584 4637 in
606 4592 745 4659 gregem
778 4594 937 4662 coepere.
997 4566 1094 4640 Haec
1125 4569 1257 4639 fabula*
1295 4569 1455 4640 obscuris
1473 4572 1657 4644 autoribus
1672 4577 1866 4647 tractandis
1888 4577 2031 4669 ingenia
2046 4597 2226 4678 atterunt,
2249 4604 2280 4663 et

255 4700 337 4747 cum
363 4672 541 4744 docuisset
572 4672 697 4764 quanti
733 4671 879 4742 referret
899 4667 1071 4742 Oratores
1103 4671 1246 4757 servari,
1293 4694 1422 4760 magno
1443 4672 1565 4744 labore
1583 4677 1741 4768 desipere
1763 4678 1916 4751 discunt.
1969 4679 2017 4755 At
2037 4688 2182 4781 apologi
2209 4694 2279 4766 foe-

167 4807 172 4818 ·
252 4776 432 4868 Rempub.
457 4775 630 4866 tantisper
653 4774 824 4855 servavit,
851 4776 937 4843 dum
962 4769 1029 4843 hoc
1054 4774 1243 4845 consilium
1294 4773 1461 4845 licissime
1480 4778 1650 4859 excitant,
1690 4775 1888 4853 exhilarant
1914 4797 1949 4854 et
1971 4787 2142 4863 erudiunt
2162 4799 2279 4886 pueri·

252 4880 378 4950 valuit.
427 4874 562 4948 Micam
578 4877 757 4970 quandam
777 4876 919 4946 fabulae
939 4875 1012 4945 vim
1028 4877 1162 4961 inesse,
1189 4877 1245 4945 vel
1293 4874 1344 4945 les
1360 4890 1505 4948 mentes.
1557 4876 1616 4949 Aa
1633 4876 1718 4951 haec
1734 4908 1815 4952 cum
1832 4899 1951 4956 extent
1968 4886 2116 4979 latinae,
2148 4900 2280 4972 oratio-

252 4977 340 5052 haec
359 4980 518 5072 exempla
542 4992 734 5050 testantur:
766 5001 908 5048 necesse
930 4992 982 5049 est
1012 4981 1107 5048 enim
1128 4980 1245 5049 effica-
1293 5002 1375 5048 nem
1403 4980 1509 5050 etiam
1538 4982 1636 5054 velut
1661 4984 1826 5056 molliore
1849 4990 2005 5081 quodam
2034 5017 2139 5067 succo
2168 5000 2278 5075 alunt.

251 5084 429 5154 cissimam
462 5081 660 5152 orationem
694 5079 823 5162 luisse,
856 5106 948 5176 quae
972 5081 1245 5174 implacabiliter
1292 5076 1395 5151 Adeo
1419 5082 1494 5152 sivc
1517 5084 1677 5156 moribus
1705 5087 1901 5160 formandis
1925 5110 2112 5188 praecepta
2130 5106 2279 5195 quaeris,

251 5186 352 5257 iratis
375 5184 514 5254 civibus
535 5180 712 5255 Romanis
734 5207 831 5253 arma
857 5207 877 5253 e
900 5183 1067 5254 manibus
1087 5184 1244 5269 extorsit,
1291 5185 1366 5253 sive
1382 5196 1476 5255 recte
1491 5186 1664 5281 loquendi
1679 5173 1898 5283 exemplum,
1925 5194 2020 5266 nulli
2035 5206 2279 5279 commentarii

252 5313 342 5383 quae
365 5282 605 5359 Athenienses
636 5285 791 5377 graviter
817 5286 967 5357 afflictos
1001 5287 1165 5371 adduxit,
1202 5299 1243 5356 ut
1291 5288 1533 5375 praestiterint
1552 5304 1763 5386 utrumque,
1790 5319 1898 5389 quam
1920 5299 2083 5391 apologi,
2108 5306 2278 5385 foelicius,

251 5414 455 5485 quanquam
487 5413 559 5459 una
591 5412 676 5457 voce
707 5412 829 5481 pacem
862 5412 986 5458 omnes
1015 5389 1242 5477 flagitassent,
1291 5385 1390 5459 Dixi.

250 5494 384 5565 bellum
412 5506 532 5564 umen
556 5514 663 5586 quam
694 5514 816 5584 pacem
836 5491 995 5564 mallent.
1052 5487 1124 5564 Eat
1148 5486 1240 5561 mihi
