4664 6022
139 287 212 363 511
628 278 791 355 unce.
840 279 917 354 nn
952 276 1351 355 rnreaaronn
1384 217 1634 361 o'rroun
1666 285 1695 361 1.
2100 291 2162 369 so

141 460 299 534 censium
326 471 362 528 et
374 453 757 544 ¹Lunaebmgensiumt
783 449 841 524 hic
860 468 996 544 patrem
1011 449 1138 525 habuit
1186 476 1233 522 ne
1252 451 1473 525 incommodi
1492 457 1661 548 accipias,
1685 471 1792 552 atque
1808 459 1838 529 si
1855 461 2002 554 qnando
2019 454 2169 537 Ecclesia

141 564 335 653 Magnum,
374 557 690 629 Brunsvicensium
713 557 929 648 principem,
962 557 1024 651 qui
1049 580 1138 627 con·
1188 550 1256 625 lroc
1271 554 1340 625 sibi
1355 580 1375 626 a
1390 569 1425 626 te
1443 555 1482 625 in
1498 557 1576 629 loco
1593 560 1704 652 patris
1718 562 1771 631 tui
1789 563 2003 649 constituto,
2027 564 2194 641 volueris:

141 667 336 756 sanguineo
356 654 757 742 successitWilhelmo·‚
782 657 1137 749 Lunaebnrgensium
1187 657 1358 751 praestari
1371 658 1550 744 officium,

142 769 236 840 duci.
287 765 440 854 Magnus
457 778 590 852 patrem
607 757 735 830 habuit
750 756 938 830 Albertum
959 760 1139 846 Crassum,
1339 764 1486 848 Ignavum
1501 769 1588 830 ineos
1603 791 1695 851 pecus
1710 793 1727 832 a
1741 775 1933 856 praesepibus
1945 795 2025 840 eree.

141 873 255 941 filium
271 865 411 938 Alberti
429 863 575 953 Magni,
601 863 703 933 cuius
719 878 819 952 pater
829 858 918 934 Otto
936 864 1018 950 fuit,
1044 865 1138 932 filius
1289 859 1504 934 Hortabitur
1520 878 1556 935 te
1571 867 1616 934 ad
1633 890 1709 936 cam
1726 891 1801 937 rem
1818 871 1924 939 etiam
1939 869 2109 941 autoritas
2120 871 2203 941 ‹ti-

141 967 361 1048 Withelmi,
393 965 470 1037 nati
492 990 533 1035 ex
550 961 710 1033 Henrico
730 963 882 1050 Leione,
908 967 970 1058 qui
989 979 1138 1035 matrem
1188 961 1264 1029 vitri
1280 964 1451 1034 mandati:
1477 963 1527 1037 Et
1539 991 1635 1037 nunc
1650 993 1747 1060 reges
1761 971 1968 1062 intelligite,
1987 972 2193 1043 erudimini

142 1072 270 1145 habuit
301 1069 548 1152 Garamam,
578 1068 688 1134 filiam
721 1064 949 1158 lmperatoris
977 1062 1138 1138 Letharii
1188 1064 1251 1156 qui
1275 1064 1437 1134 iudicatis
1458 1080 1607 1152 terram,
1639 1074 1769 1142 servite
1791 1071 1949 1143 Domino
1981 1074 2022 1142 in
2044 1075 2184 1149 umore.

143 1175 313 1257 Saxonis,
339 1172 440 1242 cuius
456 1194 546 1240 uxor
558 1165 650 1239 Rixa
673 1180 709 1236 et
726 1182 823 1256 patre
837 1166 995 1240 Henrico
1011 1168 1137 1239 Crasso
1189 1163 1262 1233 Nec
1279 1166 1486 1237 dubitabitis
1502 1169 1625 1254 etiam,
1650 1174 1759 1265 quin,
1783 1177 1811 1243 si
1834 1171 1902 1245 hoc
1917 1188 2104 1267 praecepto
2123 1178 2176 1245 di·

143 1294 223 1347 nata
247 1275 333 1359 luit,
356 1274 430 1342 lilio
455 1268 620 1353 Ottonis,
654 1269 755 1337 ducis
778 1269 960 1363 Bavariae.
1020 1269 1139 1340 Huius
1188 1267 1420 1355 ligentissime
1437 1272 1642 1357 observato,
1670 1275 1844 1344 rationem
1863 1270 2202 1349 habueritisofficii'

33 1389 36 1396 '
144 1376 293 1450 Ottonis
323 1390 422 1467 patre
453 1373 592 1464 reperio
615 1369 812 1440 Henricum
839 1374 965 1458 fuisse,
994 1374 1138 1442 fratrem
1189 1369 1315 1448 vestri,
1342 1393 1566 1463 nequaquam
1583 1373 1620 1441 in
1638 1398 1718 1444 eum
1735 1378 1959 1448 deducamini
1977 1402 2119 1464 casum,
2138 1394 2165 1451 vt

143 1477 291 1551 Orionis
314 1477 440 1569 primi,
465 1474 686 1544 Bavarorum
716 1476 859 1556 ducem,
884 1475 998 1545 filiurn
1017 1475 1140 1543 claris·
1189 1471 1351 1563 quamvis
1373 1473 1555 1543 fortunam
1577 1477 1625 1545 ab
1650 1472 1812 1548 hostibus
1835 1482 1908 1572 pati
1932 1483 2128 1572 cogamini,
2145 1482 2165 1551 si

142 1582 224 1652 simi
243 1578 468 1671 imprecatorie
482 1575 631 1645 Heoriei
650 1574 773 1664 primi,
797 1576 859 1667 qui
882 1601 924 1646 ex
939 1576 1140 1648 saxonibus
1189 1574 1234 1641 ad
1252 1596 1349 1641 arma
1364 1589 1509 1645 ventum
1524 1577 1649 1658 suerit,
1667 1574 1831 1650 Christus
1844 1607 1981 1672 prosus
1999 1583 2165 1655 clementia

144 1685 280 1776 primus
318 1678 414 1750 lianc
449 1692 589 1748 tanturn
621 1677 763 1766 imperii
793 1671 966 1746 honorem
996 1692 1150 1769 propter
1189 1688 1329 1765 praeter
1350 1677 1512 1746 omnium
1538 1672 1692 1750 hosfium
1720 1683 1946 1772 ⁰P31150¹¹tm2
1976 1699 2014 1756 ῑθ
2037 1699 2167 1780 ἱΰθθφῖῑ

144 1786 318 1876 egregiam
336 1782 477 1851 virtutis
494 1779 720 1870 opinionem,
746 1794 796 1847 est
813 1793 1001 1850 assecutus.
1047 1777 1138 1850 Cum
1190 1791 1461 1848 conservaturus
1476 1794 1545 1864 cst,
1572 1776 1666 1850 nihil
1686 1785 1789 1853 vobis
1809 1788 1902 1856 inter
1918 1812 2021 1857 arma
2036 1788 2169 1858 eritin-

144 1889 264 1980 itaque
280 1911 320 1953 ex
338 1881 725 1973 hocpracstantissimo
750 1878 967 1971 lmperatore
981 1880 1138 1950 Henrico
1191 1879 1370 1969 peditum,
1395 1875 1558 1951 hostibus
1578 1879 1671 1951 nihil
1695 1898 1832 1968 tntum,
1865 1902 1906 1959 ut
1928 1890 1991 1983 qui
2007 1915 2029 1959 a
2045 1892 2171 1963 innunt

145 1991 282 2081 primo,
318 1987 464 2077 eiusque
502 1982 778 2053 bellicosissimis
811 1982 894 2051 liliis
925 1978 1141 2074 Imperatore
1190 1980 1292 2048 facile
1314 1993 1348 2051 et
1374 1981 1505 2053 virtute
1528 1986 1746 2058 deserentur.
1799 1984 1933 2060 Omnia
1952 2016 2171 2086 quaecunque

146 2086 285 2162 Ottone
300 2089 435 2180 primo,
460 2100 495 2156 et
510 2082 668 2155 Henrico
680 2081 902 2153 Bavarorum
925 2086 1013 2153 duce
1028 2085 1140 2154 excel·
1191 2081 1246 2149 illi
1260 2082 1490 2174 reliquerint,
1515 2086 1586 2156 tuis
1602 2091 1893 2172 reservabuntur,
1921 2106 2071 2164 tuorum
2085 2108 2172 2165 enrnt

148 2192 345 2262 lentissimo
373 2187 540 2280 Principe
570 2186 647 2255 sitis
680 2208 743 2254 vos
781 2186 975 2277 procreati,
1018 2187 1141 2277 legetis
1192 2184 1331 2275 praeda.
1382 2183 1531 2277 Semper
1546 2189 1640 2256 enim
1654 2192 1871 2281 praesidium
1885 2193 1924 2261 in
1942 2195 2171 2267 divionensi

148 2291 315 2364 historias
336 2290 512 2360 maiorum
534 2303 752 2371 vestrorum,
776 2289 838 2381 qui
855 2290 1045 2380 praestanti
1060 2312 1142 2356 eru·
1192 2286 1240 2353 lio
1266 2309 1374 2376 quam
1397 2288 1670 2376 amicissimum,
1696 2293 1830 2385 siquid
1851 2319 1940 2385 opus
1958 2298 2058 2367 lacto
2075 2298 2172 2380 suerit,

146 2397 284 2465 ditione
298 2393 482 2476 instructi,
504 2391 640 2458 nullam
658 2413 800 2478 operam
817 2390 911 2481 passi
927 2387 1142 2459 suntEcclc-
1192 2387 1273 2456 estis
1294 2381 1461 2459 habituri.
1522 2388 1626 2476 lllos,
1656 2417 1861 2488 quanquam
1884 2393 1981 2467 nihil
2010 2414 2171 2471 antenor

146 2499 218 2567 siae
232 2499 363 2566 deesse.
415 2484 620 2581 Quinetiam
639 2491 731 2558 inter
745 2516 841 2559 arma
861 2491 897 2559 ia
915 2492 1067 2559 maxime
1083 2517 1143 2559 co·
1193 2488 1431 2579 providerint,
1456 2494 1575 2562 omnia
1600 2495 1746 2564 delicere
1766 2499 2008 2586 videbuntur,
2037 2499 2173 2593 penius

147 2600 221 2668 nati
238 2612 318 2666 sunt
334 2596 490 2677 efficere,
515 2607 554 2662 ut
568 2593 807 2661 illustraretur
823 2593 982 2661 doctrina
997 2588 1143 2676 Christi,
1193 2591 1246 2658 cia
1261 2590 1419 2677 ipsorum
1438 2596 1617 2681 augebunt
1633 2598 1848 2686 periculum,
1873 2603 1991 2671 donec
2007 2605 2173 2696 desperate

147 2700 349 2771 constitutis
361 2698 400 2765 in
414 2694 611 2766 Germania
625 2694 842 2784 pastoribus,
868 2696 929 2786 qui
944 2707 1143 2784 praeessent
1192 2691 1304 2758 salute
1319 2693 1510 2783 impietatis
1526 2720 1609 2765 suae
1626 2722 1774 2787 poenam
1798 2703 2063 2792 persolverint,
2086 2729 2174 2800 quan

147 2799 332 2883 Ecclesiis‚
359 2813 463 2890 atque
481 2796 670 2883 religiones
684 2795 1013 2884 interpretarentur.
1064 2793 1143 2863 Hoc
1194 2792 1346 2880 effugere
1371 2818 1429 2863 eos
1449 2820 1523 2863 non
1546 2801 1723 2888 oportuit,
1757 2807 1851 2894 quod
1876 2806 2057 2896 scriptum
2079 2806 2174 2881 sitsi

149 2905 296 2995 inquam
313 2897 467 2971 Ottones
483 2899 714 2978 studuerunt,
740 2896 821 2965 fecit
834 2894 1030 2985 Imperator
1043 2894 1145 2964 ch-
1191 2888 1312 2962 Esaia:
1340 2892 1380 2963 si
1401 2896 1525 2965 audire
1543 2899 1745 2985 nolueritis,
1772 2918 1806 2972 et
1826 2929 1883 2973 me
1898 2909 1945 2979 ad
1967 2908 2174 2981 iracundian

148 3006 244 3073 ricus
274 2997 423 3072 Ottonis
457 2999 566 3091 primi
604 3020 749 3088 parens,
788 2998 960 3088 praestitit
994 2995 1144 3067 Carolus
1194 2997 1485 3084 provocaveritis,
1512 3000 1649 3088 gladius
1665 3003 1850 3075 devorabit
1867 3033 1942 3080 vos.
1987 3008 2175 3083 Remuosti

150 3103 323 3193 Magnus,
346 3103 409 3195 qui
428 3126 491 3170 vos
507 3116 664 3192 posteros
689 3113 726 3169 ct
754 3100 1035 3188 consanguineos
1062 3122 1144 3169 suos
1194 3110 1371 3185 praetcrea
1402 3101 1605 3171 testimonio
1630 3128 1723 3192 esse,
1753 3107 1849 3200 quod
1880 3133 1948 3198 pro
1983 3112 2170 3190 defensione

150 3210 195 3278 ad
212 3202 497 3275 honestissimum
517 3197 584 3271 hoc
599 3202 853 3291 praescriptum
870 3226 973 3270 sunm
991 3202 1145 3292 impera·
1194 3199 1349 3267 nominis
1363 3201 1417 3269 sui
1433 3204 1596 3291 gloriosis
1611 3228 1714 3292 saepe
1730 3211 1886 3279 victoriis
1899 3212 2174 3287 ornaveritDctu

150 3323 251 3380 turos
272 3330 344 3375 csse
366 3328 441 3373 non
464 3304 652 3373 dubitavit.
705 3303 851 3373 Decebit
871 3304 981 3392 igitur
1004 3319 1039 3372 te
1054 3328 1144 3396 quo·
1193 3300 1383 3386 Davidem,
1406 3302 1877 3393 821011¹⁰¹¹0m2E²3⁸⁶l¹iam2
1899 3310 2176 3400 &instantium

150 3435 237 3503 qne,
276 3407 468 3477 clarissime
490 3403 680 3494 Princeps,
706 3404 888 3475 maiorum
924 3419 1068 3475 tuorum
1089 3429 1145 3473 res
1194 3399 1365 3473 Ottonem
1393 3407 1565 3495 primum,
1600 3424 1633 3478 et
1658 3424 1776 3481 nostra
1807 3418 1984 3487 memoria
2007 3416 2177 3512 Principes

151 3526 263 3601 gestas
287 3531 516 3598 cognoscere,
542 3521 581 3576 ut
601 3507 752 3576 lectione
772 3521 805 3577 ta
913 3500 1144 3577 historiarum
1194 3505 1530 3593 periculosissimum
1563 3512 1698 3583 bellum
1732 3539 1813 3584 cnm
1849 3518 1993 3591 rusticis
2022 3536 2177 3611 gerentes

82 3663 85 3672 .
151 3612 267 3682 maior
295 3610 465 3701 paulatim
492 3609 699 3677 innascatur
725 3609 832 3678 alacri
850 3630 887 3678 as
917 3607 1003 3693 tibi,
1041 3621 1146 3700 atque
1194 3628 1300 3696 quam
1317 3604 1384 3675 Dei
1400 3611 1619 3683 voluntatem
1634 3637 1714 3703 erga
1731 3640 1794 3686 vos
1808 3641 1953 3711 quoque
1969 3617 2077 3699 baud
2089 3622 2179 3705 dubit

152 3713 310 3784 studium
327 3710 489 3782 imitandi
513 3711 602 3780 lacta
616 3710 988 3779 excellentissimorum
1005 3706 1146 3778 Princi-
1195 3710 1429 3793 cognoscetis,
1462 3713 1599 3803 quoties
1621 3717 1796 3806 praesidio
1824 3733 1859 3791 et
1884 3742 2106 3809 ornamento
2119 3722 2179 3809 ,Et-

154 3838 433 3907 pum,.quorum
452 3826 489 3881 ut
506 3815 600 3902 apud
618 3824 651 3879 te
666 3811 861 3902 plurimum
884 3810 998 3879 valeat
1011 3810 1147 3879 autori·
1195 3808 1320 3876 clesiae
1335 3832 1407 3877 esse
1424 3814 1640 3885 studueritis.

152 3933 224 4000 tas,
256 3915 296 3984 in
313 3937 429 3985 eausa
460 3914 526 3984 tibi
555 3912 625 3983 erit
653 3912 760 3984 etiam
793 3908 880 3996 hoc,
912 3935 993 3982 cum
1022 3912 1148 4002 legeris
1299 3909 1374 3979 lam
1389 3917 1485 4004 quod
1503 3915 1643 4007 inopiae
1660 3919 1710 3987 rei
1725 3919 1999 4007 frumentariae,
2026 3931 2181 4001 'aliamn-

152 4025 448 4110 poetae'carmen:
880 4044 884 4050 ·
1080 4060 1083 4065 »
1196 4036 1265 4103 que
1282 4034 1398 4080 rerum
1415 4016 1594 4098 omnium,
1621 4045 1690 4113 qua
1707 4024 1865 4116 plerique
1881 4043 2035 4120 propter
2051 4029 2182 4121 ingrad

174 4152 177 4157 ·
229 4123 348 4209 Ecquid
365 4130 398 4186 in
414 4127 569 4207 animuum
581 4127 723 4184 nautam
736 4125 912 4204 animosque
925 4124 1027 4183 viriles
1196 4114 1358 4182 tudinem
1380 4110 1488 4188 hodie
1512 4121 1720 4211 plectimur,
1750 4127 1890 4197 facilius
1922 4145 2046 4205 vestra
2070 4137 2182 4228 piena

142 4256 148 4267 .
192 4258 210 4285 ,.
231 4226 370 4310 Etpm,
383 4228 524 4299 Ama„
551 4239 580 4285 er
595 4226 760 4287 ovuuootus
777 4219 1036 4287 exuitetHeotor.'
1197 4216 1331 4284 mederi
1368 4242 1510 4311 quoque
1548 4225 1749 4314 potueritis,
1791 4232 1914 4299 eodem
1946 4234 2185 4309 existimabitis

154 4323 237 4394 Non
255 4323 376 4405 minus
403 4322 497 4389 idem
521 4315 588 4388 hoc
609 4319 798 4388 consilium
820 4319 1004 4389 adiuvabit
1030 4317 1148 4402 etiam,
1195 4317 1383 4408 pertinere.
1441 4319 1552 4408 Nam,
1586 4328 1680 4418 quod
1708 4330 1838 4414 multa,
1871 4333 2010 4425 quibus
2033 4362 2126 4431 opus
2145 4350 2186 4409 est

155 4429 251 4519 qrrod
283 4421 381 4492 Deus
418 4435 533 4491 tutum
562 4424 735 4490 mundum
772 4421 930 4514 imperiis
962 4419 1148 4509 magistra-
1196 4422 1240 4488 ad
1258 4421 1477 4491 tolerandam
1492 4426 1642 4512 famem,
1668 4423 1735 4499 hoc
1750 4454 1844 4501 antro
1856 4437 1989 4524 partim
2007 4454 2185 4535 tempnu-

155 4544 257 4596 tuum
285 4525 528 4611 obtemperare
552 4537 737 4613 propterea
758 4524 933 4608 voluerit,
958 4537 1000 4594 ut
1021 4524 1058 4591 in
1081 4518 1149 4593 hac
1196 4523 1291 4591 tibus
1313 4524 1545 4612 deperierint,
1581 4530 1709 4618 partim
1727 4516 2186 4635 propter'sicciratesaons

155 4625 335 4696 communi
358 4625 521 4693 societate
541 4639 796 4694 conserventur
816 4622 1039 4697 Christianae
1062 4624 1147 4693 reli·
1196 4624 1284 4693 stius
1309 4627 1557 4715 provenerint,
1580 4655 1804 4724 nequaqnam
1825 4638 2045 4715 dubitabitis
2061 4644 2187 4717 Prisci

156 4729 280 4817 giones
317 4737 352 4794 ct
379 4721 578 4811 Ecclesiae,
612 4728 709 4819 quod
737 4728 799 4821 qui
828 4729 868 4798 in
899 4722 956 4796 his
986 4726 1148 4795 maximis
1197 4727 1406 4816 pumculpa
1435 4728 1474 4797 id
1497 4732 1647 4801 niaxime
1678 4736 1855 4807 accidisse.
1914 4739 2083 4819 Maxima
2104 4746 2186 4825 enin

157 4847 190 4898 et
207 4825 355 4896 infinitis
368 4827 636 4898 difficultatibus
652 4852 787 4898 summa
804 4831 873 4900 lide
889 4853 963 4899 non
971 4841 1148 4921 praestant
1197 4849 1277 4917 pars
1293 4825 1519 4918 Principum,
1545 4847 1579 4905 ct
1602 4837 1851 4908 sceleratorum
1867 4835 2186 4940 Episcopommrl

159 4928 361 5020 Principes,
385 4924 479 4999 nihil
496 4929 789 5001 existimabuntur
802 4930 976 5002 institutis
991 4945 1024 5001 et
1043 4953 1148 4999 cona·
1196 4928 1331 4996 rabiem
1346 4954 1366 4999 a
1382 4927 1537 5003 Diabolo
1554 4939 1710 5023 redacta,
1736 4942 1936 5015 doctrinam
1952 4949 1999 5018 de
2017 4952 2187 5029 remissio·

158 5030 253 5099 tibus
276 5031 394 5122 impiis
415 5032 559 5101 differre
584 5057 605 5101 a
626 5030 860 5122 Gigantibus,
890 5055 1044 5125 quorum
1070 5045 1150 5100 tan·
1197 5052 1242 5097 ne
1266 5046 1488 5120 peccatorum
1513 5060 1587 5106 non
1612 5041 1704 5111 ridet
1728 5042 1864 5126 solum,
1887 5049 1949 5116 sed
1968 5051 2140 5141 damnat,
2158 5064 2186 5121 et

156 5146 227 5201 tarn
243 5132 282 5201 in
296 5133 426 5202 fabulis
441 5148 490 5203 est
506 5134 615 5203 fuisse
630 5135 841 5216 amentiam,
866 5148 908 5204 ut
928 5133 1025 5202 coelo
1042 5133 1148 5202 etiam
1197 5132 1387 5202 crudeliter
1419 5135 1456 5203 in
1492 5138 1638 5217 miseros
1664 5137 1906 5234 Christianos,
1945 5175 2033 5223 cum
2067 5168 2185 5248 potest,

157 5235 290 5303 bellum
313 5234 444 5306 infame
461 5231 555 5305 nibil
578 5236 684 5305 veriti
697 5236 782 5306 sint.
837 5232 983 5304 Talium
995 5250 1092 5305 certe
1109 5247 1149 5303 tu
1198 5234 1330 5304 statuit.
1381 5233 1478 5309 Hinc
1494 5242 1621 5311 accidit
1639 5239 1764 5332 hodie,
1791 5262 1831 5319 nt
1850 5250 2028 5345 quiccprid
2045 5260 2184 5330 aenou

158 5335 527 5428 clarissimePrinceps
540 5336 678 5407 aditum
689 5359 963 5429 sermonemque
981 5335 1148 5427 defugies,
1172 5370 1175 5395 ι
1197 5332 1329 5426 Reges,
1356 5338 1554 5428 plectantur
1564 5338 1712 5414 Achivi:
1738 5352 1835 5440 quod
1850 5364 1885 5420 et
1901 5348 2095 5449 Aegyptiis
2106 5355 2182 5431 accl-

158 5459 197 5511 ut
215 5436 368 5510 hostium
379 5437 558 5511 Ecclesiae
566 5434 724 5522 Christi,
748 5463 796 5511 ne
813 5438 899 5532 quid
914 5438 1147 5528 excontogio-
1198 5437 1252 5508 dit
1273 5452 1418 5533 propter
1437 5437 1637 5525 Pharaonis
1653 5450 1865 5524 caecitatem.
1921 5453 2084 5549 Verum,
2111 5458 2178 5556 qnia
