4672 6016
129 332 210 406 aot
637 320 802 400 DECL.
838 319 916 397 DE
941 316 1227 397 PRAEFAT.
1258 313 1318 389 ΙΝ
1349 308 1674 392 HOMERUM.
2108 309 2184 385 898

129 503 314 577 scribendi
329 503 530 574 facultatem
545 499 723 570 consumit
738 522 812 569 nan
827 498 866 568 in
883 496 1040 568 materiis
1052 493 1134 563 vul·
1183 484 1375 558 bominum
1389 486 1531 557 iudiciis
1544 511 1583 556 ea
1598 481 1823 556 vehementer
1837 508 1927 578 opus
1941 479 2059 557 habet.
2090 481 2182 555 Cum

127 608 298 701 guribus,
337 606 398 676 sed
430 597 707 697 philosophicis,
750 602 864 672 edidit
893 598 1132 670 eruditissima
1184 591 1282 661 enim
1297 585 1384 659 haec
1399 591 1611 660 admiranda
1624 592 1719 660 dona
1733 586 1801 658 Dei
1817 590 2000 659 literarum
2016 587 2182 665 videlicet

128 715 313 805 poiimata,
338 705 524 778 Aneoliam
541 720 575 777 et
590 700 855 775 phaenomena.
908 701 1051 792 Quanta
1066 724 1142 777 αιι-ι
1184 706 1222 765 et
1247 688 1480 763 humanitatis
1507 693 1623 761 studia
1651 692 1772 761 animo
1801 692 2009 769 considero,
2051 690 2183 784 quibus

128 827 203 887 tam
226 814 341 882 virtus
365 803 434 896 est,
459 811 557 904 quod
581 802 674 878 hanc
696 830 797 878 suam
818 806 1031 877 industriam
1046 826 1133 874 con·
1186 791 1655 888 postCltristiEvangclium
1673 789 1731 863 laic
1746 794 1843 864 orbis
1857 788 1950 863 nihil
1966 793 2182 886 praeclarius

128 918 202 988 fert
222 916 266 985 ad
290 913 470 1007 publicam
488 912 697 995 utilitatem,
722 923 758 980 et
772 912 816 979 ad
832 910 988 980 iuvanda
1000 904 1132 990 studia,
1186 894 1309 979 habet,
1341 921 1406 966 nec
1431 896 1608 981 divinius,
1642 910 1677 967 et
1699 911 1822 968 contra
1848 912 1981 991 quanta
2004 896 2180 981 caecitate,

129 1031 169 1091 et
183 1020 229 1088 ad
245 1019 445 1088 ornandam
460 1009 597 1085 Christi
611 1009 832 1083 Ecclesiam?
857 1010 910 1082 Ac
927 1011 1130 1104 nequidem
1185 1026 1253 1094 qua
1277 998 1506 1092 prodigiosis,
1535 1014 1568 1068 et
1592 999 1779 1093 plusquam
1801 996 2004 1069 Cimmeriis
2025 996 2180 1067 tenebris

132 1120 174 1192 in
197 1120 343 1192 caeteris
365 1120 471 1188 rebus
494 1120 594 1188 deest
610 1117 693 1185 eins
715 1115 870 1185 oflicium
887 1112 1132 1204 Reipublicae.
1185 1103 1366 1173 involutae
1390 1101 1463 1172 sint
1488 1096 1676 1171 hominum
1702 1114 1854 1182 mentes,
1882 1126 1971 1194 quae
1994 1097 2080 1170 baec
2096 1124 2180 1169 vera

129 1221 225 1299 Gom
243 1222 431 1314 prudentia
446 1234 479 1291 et
494 1219 680 1309 diligentia
695 1219 857 1301 excellat,
883 1217 994 1286 multa
1010 1214 1128 1284 civilia
1184 1220 1218 1277 et
1233 1207 1383 1275 maxima
1398 1205 1491 1273 bona
1507 1205 1785 1292 adspernantur,
1812 1219 1915 1299 atque
1933 1202 2071 1294 ingenti
2091 1226 2180 1272 cons

129 1325 281 1417 negocia
300 1324 461 1397 sustinet.
512 1322 621 1393 Hunc
646 1322 734 1391 etin
758 1320 977 1390 instituenda
994 1319 1131 1388 studio·
1184 1307 1343 1379 tentione
1357 1330 1432 1377 non
1445 1311 1553 1375 modo
1567 1306 1755 1390 deteriora,
1780 1307 1965 1377 sedetiam
1982 1305 2179 1397 perniciosa

129 1453 217 1502 rum
235 1426 392 1511 ratione,
413 1440 447 1496 et
463 1424 501 1492 in
516 1425 677 1494 moribus
696 1423 910 1494 imitandum
929 1421 1033 1491 nobis
1048 1443 1130 1511 pro·
1165 1424 1221 1481 'et
1236 1409 1392 1481 exitialia
1412 1409 1480 1479 sibi
1502 1409 1605 1500 ipsis,
1628 1409 1864 1500 'cupiditatum
1891 1433 2034 1481 suarum
2059 1419 2095 1479 et
2116 1432 2179 1477 vo·

129 1554 321 1627 ponamus.
372 1529 495 1622 Neque
516 1528 614 1597 enim
639 1527 759 1595 minus
787 1525 990 1595 ornamenti
1023 1523 1132 1593 literis
1184 1514 1361 1603 luptatum
1386 1511 1620 1581 instrumenta
1645 1525 1840 1582 sectantur:
1874 1511 1990 1595 llaec,
2021 1510 2179 1603 inquam,

129 1634 275 1707 addidit
292 1633 364 1725 ipse
382 1633 474 1702 vitae
490 1630 696 1714 sanctitate,
721 1653 829 1722 quam
844 1628 876 1697 ei
899 1625 1034 1719 peperit
1049 1649 1132 1695 eru·
1184 1639 1266 1685 cum
1282 1615 1377 1706 opud
1395 1613 1554 1683 animum
1579 1616 1757 1703 expendo,
1783 1610 2010 1683 vehementer
2031 1636 2180 1682 conmo-

130 1736 239 1810 ditio.
291 1735 405 1805 Porro
426 1733 534 1803 nimis
555 1732 690 1823 prolixa
706 1734 825 1802 futura
843 1744 932 1800 esset
947 1728 1080 1811 oratio,
1101 1726 1130 1796 si
1186 1740 1289 1797 veor,
1323 1717 1420 1787 venit
1441 1716 1536 1787 enirn
1560 1712 1651 1785 mihi
1672 1716 1709 1785 in
1730 1731 1906 1800 mentem,
1939 1738 2046 1809 quam
2070 1716 2180 1787 densa

129 1862 317 1913 recensere
339 1860 462 1907 ornnes
483 1859 641 1909 conarer.
694 1832 814 1923 Quare
838 1847 872 1904 et
894 1833 923 1900 si
950 1844 1130 1924 praetereo
1185 1819 1348 1907 caligine,
1373 1843 1413 1888 ac
1429 1819 1526 1889 velut
1539 1834 1614 1889 atra
1631 1834 1734 1889 nocte
1749 1820 1959 1889 circumfusa
1974 1812 2179 1887 sinthomi·

130 1954 304 2022 caeteros,
330 1955 449 2011 tamen
466 1937 587 2006 animo
603 1937 729 2007 tacitus
746 1959 897 2003 veneror
912 1957 1045 2017 omnes,
1071 1931 1130 2024 qni
1185 1946 1271 1991 num
1287 1922 1405 1991 corda.
1457 1918 1531 1990 Nec
1546 1920 1697 2012 amplius
1714 1923 1836 2007 miror,
1863 1922 1946 1990 siin
1964 1922 2069 1990 rebus
2085 1919 2180 1988 divi·

129 2044 255 2139 gliqua
273 2043 409 2132 egregia
426 2042 555 2109 virtute
570 2041 615 2108 de
638 2033 826 2108 hominum
843 2037 913 2105 vita
941 2050 975 2108 et
997 2038 1043 2104 de
1070 2058 1132 2125 pa.
1185 2024 1243 2093 nis
1266 2036 1300 2094 et
1322 2047 1427 2114 supra
1451 2037 1590 2114 captum
1615 2020 1810 2093 lnnnanum
1832 2024 1955 2115 positis
1978 2023 2180 2095 caecutiunt

130 2147 204 2219 tria
219 2144 443 2217 benemeriti
462 2157 556 2215 sunt.
1185 2121 1368 2210 homines,
1394 2149 1474 2193 cum
1498 2120 1583 2194 haec
1606 2148 1667 2195 sna
1689 2142 1722 2197 et
1740 2127 1882 2220 quidem
1906 2126 2049 2218 propria
2074 2127 2180 2210 bona,

153 2298 156 2305 .
237 2294 336 2369 Haec
359 2294 588 2369 depmndae
610 2292 916 2383 laudibuscossegi
961 2268 1054 2359 ffihss
1070 2289 1133 2357 de·
1185 2230 1228 2298 ad
1246 2227 1526 2347 quaealivinitns
1542 2229 1677 2346 conditi
1694 2242 1797 2348 sunt,
1823 2252 1914 2322 quae
1936 2250 2124 2345 agnoscere
2145 2241 2180 2298 et

467 2346 475 2365 ⁴
925 2348 935 2378 ’
1185 2332 1349 2420 amplecti
1374 2342 1555 2421 poterant,
1588 2346 1634 2401 na
1665 2334 1814 2421 pedibus
1840 2333 2045 2422 proculcare
2063 2332 2177 2399 vedeo.

131 2398 283 2526 ltohfssss
298 2402 341 2470 de
357 2400 507 2519 allisum
524 2398 681 2516 ἕθῃῖἷξῑῐῦ
697 2394 823 2515 dl⁰fi³3
841 2419 949 2489 ‘1⁰³¹‘
965 2409 1131 2510 ulmeam
1186 2432 1398 2502 Proiicimns
1414 2427 1497 2500 baec
1514 2433 1630 2500 studia
1650 2426 1898 2512 humanitatis,
1924 2455 2060 2524 proque
2075 2431 2179 2520 nugis

137 2521 334 2580 ontionem
352 2502 438 2573 b⁰¹¹¹
460 2500 672 2583 ⁶⁰n⁸¹¹l³¹¹⁸a
699 2523 761 2566 V⁰⁸
779 2513 883 2567 “uim
906 2511 1012 2591 alque
1028 2508 1131 2563 ‘¹¹³⁰'
1186 2560 1224 2604 ea
1242 2534 1414 2618 ducimus,
1441 2534 1572 2626 quibus
1589 2535 1648 2603 illa
1666 2560 1745 2625 pars
1763 2537 1888 2620 nostri,
1913 2559 2003 2628 quae
2020 2535 2093 2604 sola
2113 2529 2179 2603 ho-

136 2634 213 2684 oro.
264 2602 487 2676 Existimabo
511 2614 627 2673 autem
646 2625 797 2669 menon
822 2600 986 2690 exignum
1008 2619 1133 2687 operae

132 2710 296 2819 precium
323 2708 466 2792 fecisse,
510 2705 542 2775 si
569 2703 649 2799 quis
674 2697 760 2773 haec
788 2702 948 2772 encomia
975 2700 1133 2784 audiens,

131 2815 249 2906 magis
264 2812 395 2882 amabit
410 2808 597 2879 Frauciam
615 2805 669 2874 vel
686 2821 832 2900 propter
848 2819 1001 2875 caeteras
1020 2804 1132 2881 dotes,

130 2916 192 2989 'vel
220 2913 302 3009 quia
328 2928 383 2986 tot
412 2913 547 2982 lumina
575 2911 761 2979 doctorum
787 2908 965 2991 virorum,
999 2904 1060 3000 qni
1088 2905 1133 2973 de

131 3019 303 3092 omnibus
317 3016 483 3107 gentibus
497 3015 587 3080 benc
602 3012 718 3080 meriti
734 3025 831 3094 sunt,
853 3011 985 3101 gennit.
1021 3004 1130 3077 Cum-

130 3147 205 3219 que
223 3142 354 3189 nomen
366 3110 578 3183 Francicum
597 3110 701 3179 initio
718 3112 840 3180 multis
854 3114 1019 3200 gentibus
1035 3134 1132 3177 corn-

130 3246 246 3295 mune
269 3216 398 3299 inerit,
429 3205 498 3281 lrao
521 3209 643 3279 landes
664 3213 708 3278 ad
732 3211 819 3279 alias
841 3212 1004 3282 nationes
1026 3210 1130 3278 etiarn

130 3326 255 3418 aliqua
280 3344 321 3389 ex
344 3328 442 3408 parte
463 3313 654 3404 pertinent.
706 3309 829 3404 ltaque
846 3328 949 3405 opto,
976 3326 1015 3380 ut
1036 3310 1133 3378 alant

131 3439 299 3495 mutuam
316 3420 407 3490 inter
419 3416 582 3486 nationes
597 3414 893 3498 benevolentiam,
919 3438 993 3482 non
1009 3435 1131 3480 accen-

131 3526 228 3596 dant
253 3522 363 3607 odia,¹
377 3544 467 3613 quae
482 3520 613 3589 debent
635 3520 753 3586 abesse
774 3542 793 3586 a
812 3512 1019 3596 Germanis,
1044 3535 1133 3605 quos

1186 2637 1292 2707 ruinis
1316 2636 1591 2729 adpellationem
1614 2654 1787 2721 meretur,
1812 2661 1901 2730 quae
1922 2639 1966 2706 ad
1988 2636 2179 2725 imaginem

1184 2737 1253 2809 Dei
1267 2742 1310 2808 ad
1329 2738 1604 2810 immortalitatis
1619 2759 1652 2809 et
1670 2765 1772 2810 verae
1787 2755 2021 2834 aeternaeque
2043 2738 2180 2809 foelici-

1186 2842 1266 2913 tatis
1291 2841 1546 2933 possessionem
1569 2843 1711 2913 condita
1736 2857 1806 2927 est,
1832 2843 1944 2912 excoli
1958 2857 2063 2934 atque
2086 2841 2180 2911 exci-

1185 2945 1251 3014 tari
1276 2945 1446 3024 debebat,
1472 2967 1608 3036 proque
1629 2946 1690 3029 iis,
1723 2946 1842 3015 nescio
1867 2968 1954 3038 quas
1976 2943 2181 3037 praestigias

1184 3048 1339 3116 obiectas
1360 3072 1380 3114 a
1397 3044 1529 3116 Satanas
1550 3062 1585 3116 et
1604 3047 1727 3115 inanes
1748 3050 1893 3117 umbras
1912 3049 2039 3117 insano
2059 3071 2180 3117 caeco·

1185 3173 1253 3240 que
1270 3148 1403 3238 impetu
1420 3160 1672 3232 consectamur,
1697 3163 1732 3218 et
1747 3144 1842 3219 bunc
1860 3151 1970 3219 solem
1988 3144 2105 3220 adhuc
2121 3150 2180 3218 in-

1185 3250 1276 3318 tueri
1301 3274 1373 3316 non
1393 3273 1606 3320 reveremur.
1657 3248 1815 3321 Abducit
1841 3252 1901 3319 ille
1923 3253 2089 3344 perennis
2110 3246 2179 3320 hu-

1185 3351 1284 3419 mani
1304 3349 1441 3440 generis
1459 3345 1570 3419 hostis
1589 3349 1727 3419 artimus
1750 3365 1892 3422 nostros
1908 3354 2181 3445 quibuscunque

1186 3465 1299 3543 potest
1320 3452 1431 3534 dolis,
1460 3453 1506 3521 ab
1530 3452 1765 3522 admiratione
1788 3467 1824 3524 et
1846 3479 1966 3524 amore
1983 3455 2060 3523 veri
2083 3454 2180 3538 boni,

1184 3554 1368 3647 specieque
1382 3555 1468 3621 salsa
1484 3553 1709 3643 praestringit
1724 3556 1855 3641 oculos,
1876 3571 1979 3648 atque
1996 3558 2044 3626 ita
2057 3580 2179 3627 occae-

1184 3675 1257 3740 cat,
1284 3671 1323 3726 ut
1347 3655 1491 3749 quidvis
1513 3656 1631 3747 potius
1650 3658 1832 3728 videamus
1855 3673 1890 3729 et
1912 3661 2180 3748 amplectamur,

1184 3783 1289 3852 quam
1322 3785 1413 3853 qnae
1447 3759 1634 3850 praecipue
1669 3761 1788 3830 videre
1820 3777 1855 3833 et
1880 3763 2045 3854 amplecti
2072 3764 2180 3832 debe·

1184 3866 1320 3934 bamus.

1285 3962 1496 4058 Acciditqne
1518 3963 1633 4033 Musis
1655 3978 1688 4034 et
1712 3960 1768 4034 his
1788 3966 1915 4035 studiis
1936 3961 2003 4034 hoc
2020 3977 2179 4055 ternpore

1183 4065 1221 4135 in
1236 4069 1392 4149 mundo,
1429 4067 1523 4159 qnod
1542 4064 1671 4136 Strabo
1695 4069 1836 4137 cuidam
1851 4065 2067 4162 cytharoedo
2092 4066 2180 4136 olim

1183 4170 1278 4256 apud
1314 4166 1448 4237 lassum
1482 4169 1649 4238 accidisse
1682 4185 1864 4240 memorat.
1916 4169 1991 4260 Qui
2024 4194 2105 4240 curn
2140 4170 2178 4237 in

1183 4266 1321 4340 theatro
1338 4271 1415 4339 eius
1433 4270 1499 4339 loti
1516 4273 1653 4342 erudite
1669 4296 1708 4341 ac
1720 4274 1876 4344 suaviter
1893 4285 2052 4355 caneret,
2076 4270 2180 4341 andi·

1183 4386 1331 4466 rentque
1348 4396 1430 4440 eum
1448 4371 1543 4440 lassii
1554 4422 1564 4452 ,
1590 4375 1707 4443 statim
1728 4390 1767 4444 nt
1789 4376 1966 4468 increpuit
1980 4376 2180 4446 tintinabu-

132 3628 213 3721 ipsa
240 3623 429 3718 appellatio
460 3618 714 3692 Germanitatis
746 3642 826 3689 cum
860 3621 903 3688 ad
933 3618 1132 3695 candorem,

131 3742 213 3803 tum
231 3730 275 3798 ad
291 3729 487 3797 fraternum
503 3748 659 3793 amorem
678 3719 899 3797 adlaortatnr.
952 3717 1047 3791 Dixi.

129 3960 663 3980 -w--u-u—-m

853 4066 856 4071 ⁴
929 4120 1132 4207 (natasse)

952 4212 1121 4241 m

341 4318 556 4442 Praefot.
588 4322 638 4405 in
664 4320 926 4407 Homerum.

139 4124 318 4255 Q

205 4511 286 4581 xpeto
306 4506 381 4561 cns.
400 4504 472 4625 Mpt.
498 4500 676 4574 possum,
708 4496 907 4553 innectantur.
930 4498 1014 4556 nrt.
1040 4498 1132 4571 pst„
1183 4476 1278 4557 lum,
1310 4476 1405 4568 quod
1428 4475 1568 4564 signnm
1595 4476 1667 4545 illis
1690 4492 1764 4548 erat
1788 4504 1918 4549 vertum
1938 4477 2178 4568 expositorum

239 4581 357 4633 Serrcst.
374 4574 408 4631 T.
422 4573 432 4626 l
449 4610 458 4628 .
476 4589 505 4642 p.
517 4572 562 4627 st.
580 4579 608 4623 et
624 4570 753 4625 nicona.
771 4568 806 4621 T.
819 4567 841 4622 l.
860 4589 886 4641 p.
902 4569 960 4624 18⁵.

1183 4577 1346 4669 piscium,
1373 4577 1468 4646 illico
1486 4601 1609 4646 ornnes
1623 4577 1836 4672 cytlraroedo
1853 4582 1987 4666 relicto,
2007 4581 2051 4648 ad
2068 4579 2180 4669 pisces

336 4745 344 4761 ,
396 4744 404 4761 ,
731 4734 739 4752 .
778 4736 786 4751 .
873 4734 881 4751 .
1063 4734 1095 4752 ..
1183 4683 1350 4749 emendos
1374 4678 1500 4769 dilapsi
1525 4695 1627 4760 sunt,
1654 4697 1925 4772 praeternnum
1946 4683 2179 4764 surdastrnm,

157 4737 366 4838 mesum
391 4761 431 4811 ”⁸
451 4734 786 4833 'imminerit‘
818 4729 1106 4804 thtoltettttt.
1182 4781 1245 4875 qui
1263 4806 1342 4850 cnm
1358 4807 1485 4852 sonum
1504 4781 1711 4852 tintinabuli
1728 4786 1852 4855 auditu
1870 4808 1941 4853 nou
1959 4783 2180 4874 percepisset,

131 4882 236 4974 Cum
254 4884 583 4979 interpretationem
600 4877 783 4949 Homerici
808 4880 981 4971 poiimatis
1001 4905 1131 4972 paucos
1182 4884 1278 4954 solus
1292 4898 1517 4955 remanserat.
1553 4885 1611 4953 Ad
1625 4910 1706 4955 eum
1721 4888 1831 4977 igitur
1846 4911 2038 4957 conversus
2054 4880 2180 4980 cytho·
2295 4910 2298 4915 ·

131 4992 318 5097 post'die‘s
343 4988 589 5081 auspicaturus
620 5005 750 5066 essem,
786 4981 900 5051 visum
927 4996 980 5053 est
1002 4976 1069 5052 hoc
1093 4985 1129 5055 in
1183 4990 1326 5056 roedus:
1354 4981 1530 5065 OHomo,
1558 4986 1694 5081 inquit,
1719 4990 1847 5079 gratias
1862 4990 2099 5080 tibiingentes
2116 4982 2181 5056 ha·

130 5107 214 5178 loco
235 5122 312 5169 earu
340 5089 633 5184 praelectionem,
663 5100 769 5178 atque
790 5076 876 5154 baec
901 5083 977 5175 ipsa
1004 5087 1131 5170 studia,
1182 5089 1268 5173 beo,
1293 5113 1373 5157 cnm
1391 5102 1537 5179 propter
1558 5087 1717 5159 Musicae
1735 5092 1913 5177 studium,
1940 5107 2017 5163 tum
2035 5104 2181 5185 propter

130 5197 437 5283 adolesoentibus,
460 5205 501 5263 ut
517 5213 667 5281 possem,
691 5187 853 5257 oratione
868 5191 1130 5257 commendare:
1183 5185 1355 5259 honorem
1380 5214 1461 5280 erga
1484 5214 1560 5274 tue,
1586 5196 1680 5283 qnod
1704 5217 1778 5263 non
1800 5195 1892 5265 sicut
1913 5196 2041 5265 caeteri
2061 5193 2180 5263 statim

132 5310 245 5404 idque
266 5286 329 5391 ego
350 5313 421 5369 tarn
444 5295 631 5366 commode
648 5312 706 5358 me
720 5289 832 5363 taen
848 5312 950 5378 posse
963 5290 1131 5380 optarim,
1183 5295 1227 5362 ad
1262 5293 1435 5383 crepitum
1464 5292 1672 5364 tintinabuli
1706 5298 1801 5365 foras
1838 5298 2014 5386 proiecisti
2047 5311 2101 5379 te,
2139 5308 2180 5366 ut

132 5434 265 5508 φιοω,
289 5415 330 5473 nt
351 5422 408 5471 res
428 5393 737 5469 commendatione
759 5391 966 5483 dignissima
986 5405 1057 5477 est,
1082 5392 1130 5463 ita
1183 5395 1294 5487 pisces
1308 5419 1454 5469 emeres,
1505 5392 1649 5465 mitte:
1686 5396 1783 5487 Quid
1801 5399 1879 5469 ais?
1912 5425 1998 5467 num
2021 5399 2092 5469 iam
2106 5399 2180 5470 rin.

134 5511 205 5587 boc
225 5502 434 5604 praesertim
457 5518 634 5595 tempore,
662 5509 770 5592 atque
793 5495 833 5565 in
857 5506 930 5565 tam
952 5495 1130 5587 corruptis
1181 5497 1384 5570 tinabulum
1407 5496 1552 5569 torruit?
1603 5495 1679 5586 Qui
1701 5524 1782 5570 curn
1807 5503 2014 5573 affirmaret:
2041 5498 2092 5573 At
2114 5501 2181 5575 tibi
