4664 6022
140 293 218 370 627

732 283 894 366 DECL.
923 281 999 362 DE
1032 279 1230 359 PAULO
1267 282 1603 367 APOSTOLO.

144 494 239 553 cem,
264 489 355 561 quos
372 460 507 535 hostes:
533 464 631 532 unde
654 461 701 533 sit
723 455 811 532 haec
831 460 1020 532 infirmitas
1037 484 1143 551 gene·
1192 461 1293 547 tiam,
1314 486 1404 556 quae
1421 476 1557 534 mentes
1571 463 1619 534 ita
1635 475 1743 551 regat,
1760 487 1807 533 ne
1823 464 1863 533 in
1878 463 1968 534 tales
1984 484 2087 534 casus
2102 461 2197 533 caeci

144 574 198 645 ris
223 566 394 655 humani,
426 570 523 637 unde
553 562 738 637 horribilis
762 565 923 635 conlusio
946 564 1059 651 vitae,
1091 576 1145 635 tot

147 674 306 768 gentium
321 687 426 764 atque
442 671 635 762 impiorum
657 671 867 754 eversiones,
893 669 1004 761 etqui
1021 681 1146 758 portus

148 776 327 851 Ecclesiae
352 776 398 845 sit
426 777 519 844 inter
542 787 641 844 tanta
667 774 836 865 pericula.
893 769 1056 865 Cumque
1076 766 1144 841 hu·

149 906 256 952 mana
271 879 455 968 diligentia
475 877 610 948 servari
627 874 785 946 Ecclesia
808 900 883 945 non
905 876 1034 966 possit,
1067 899 1147 945 ore-

149 1009 231 1054 mus
246 982 363 1053 Deum
382 983 474 1050 veris
496 981 698 1050 animorum
724 980 898 1060 motibus,
933 992 974 1048 ut
994 1002 1057 1048 sua
1079 979 1147 1046 im-

153 1109 274 1158 mensa
291 1083 449 1157 bonitate
466 1096 612 1176 propter
632 1083 746 1152 lilium
767 1096 880 1153 servet
897 1076 1076 1152 Ecclesiae
1092 1104 1148 1149 re-

154 1190 301 1284 liquias,
329 1202 365 1259 et
385 1191 447 1258 det
469 1188 518 1257 eis
543 1185 737 1280 tranquilla
762 1180 938 1277 hospicia,
963 1185 1002 1253 in
1019 1183 1150 1278 aliqui-

153 1297 221 1364 bus
239 1292 409 1385 imperiis,
435 1292 601 1360 defendat
615 1302 650 1359 et
664 1290 762 1359 iuvet
776 1289 904 1373 studia,
931 1289 1059 1381 quibus
1077 1290 1151 1378 ipse

154 1420 237 1468 vere
256 1396 465 1475 celebratur,
483 1417 549 1462 nec
565 1393 659 1462 sinat
677 1392 835 1483 extingui
852 1392 1018 1462 noticiam
1028 1389 1150 1462 Evan-

156 1499 239 1592 gelii
253 1500 308 1569 sui
325 1499 419 1568 inter
433 1493 609 1580 homines,
636 1519 701 1565 nec
716 1497 810 1566 sinat
827 1510 941 1568 totum
957 1517 1068 1585 genus
1083 1489 1152 1563 hu-

154 1627 301 1672 manum
319 1624 421 1668 ruere
435 1600 474 1667 in
492 1613 675 1669 aeternnm
693 1599 853 1669 exitium.

260 1702 352 1791 Quis
371 1716 422 1771 est
437 1715 510 1771 tam
526 1703 641 1771 ferreo
667 1714 823 1792 pectore,
848 1715 910 1771 aut
927 1714 1025 1772 tanta
1048 1713 1154 1769 natu-

157 1832 217 1880 rae
248 1805 488 1889 immanitate,
521 1817 560 1872 nt
589 1805 763 1895 cogitans,
804 1819 936 1897 quanta
963 1800 1152 1873 hominum

156 1910 350 1980 multitudo
376 1909 563 1977 manifesto
584 1909 707 1977 surore
732 1922 935 1978 contemnat
957 1906 1094 1990 Deum,
1122 1918 1156 1974 et

158 2013 225 2082 sibi
243 2026 426 2082 aeternum
443 2010 591 2080 exitium
606 2025 776 2094 accersat,
802 2035 875 2079 non
897 2010 1059 2102 deploret
1084 2003 1153 2078 hn-

158 2139 298 2184 manarn
331 2113 535 2184 miseriam?
584 2111 681 2202 Ergo
712 2133 757 2183 ne
788 2126 861 2184 tota
890 2126 1014 2183 natura
1039 2107 1155 2182 homi-

111 2272 122 2293 .
157 2243 245 2288 num
260 2223 404 2309 prorsus
422 2230 558 2310 pereat,
586 2217 725 2308 excerpi
748 2216 938 2311 reliquias,
962 2240 1002 2285 ac
1022 2214 1155 2285 servari

157 2344 311 2392 oremus.

261 2422 401 2494 Deinde
424 2426 469 2493 de
487 2446 560 2494 sese
578 2424 729 2518 quisque
747 2423 897 2512 cogitet,
924 2422 1081 2513 exempla
1102 2419 1158 2488 vi-

160 2530 241 2599 deat
259 2527 422 2597 omnium
440 2540 593 2599 actatum
611 2541 647 2597 et
660 2528 879 2612 consideret,
907 2549 1059 2620 quorum
1076 2548 1157 2595 cnr-

160 2655 219 2701 sus
236 2631 400 2701 salutaris
421 2633 542 2720 generi
563 2626 720 2701 humano
743 2630 868 2715 fuerit,
895 2624 1079 2700 ethorum
1102 2652 1158 2697 se-

160 2748 291 2829 quatur
309 2734 465 2822 vestigia.
505 2731 662 2805 Econtra
679 2756 762 2803 vero
781 2746 919 2817 caveat,
950 2756 995 2801 ne
1013 2731 1158 2800 abiicia-

159 2851 219 2907 tur
235 2837 329 2907 inter
346 2850 459 2927 pestes
474 2837 612 2926 generis
627 2829 796 2918 humani,
823 2836 944 2927 quales
960 2834 1065 2904 multi
1080 2836 1158 2902 lue-

160 2952 265 3023 runt,
290 2956 331 3008 ut
350 2936 462 3022 Cain,
487 2935 648 3025 Pharao,
675 2936 799 3023 ludas,
825 2935 1010 3023 Marcion,
1036 2935 1159 3006 Mani-

162 3037 291 3113 chacus
306 3041 428 3114 etalii.

265 3144 373 3234 Quod
391 3147 429 3213 in
445 3168 548 3215 scena
564 3146 698 3215 dictum
714 3157 781 3215 est:
806 3141 924 3214 Vitam
941 3142 1030 3232 regit
1043 3142 1159 3212 loctu-

1194 566 1479 661 praecipitemur.
2020 622 2034 647 ,

1295 666 1449 739 Econtra
1475 669 1630 740 conserte
1647 668 1816 740 leremiae
1839 669 2022 762 politiam,
2047 669 2194 765 quaein

1196 773 1346 864 speciem
1368 773 1497 843 misera
1521 787 1590 860 est,
1610 797 1701 869 ‚cnm
1724 773 1770 842 sit
1792 773 1957 843 salutaris
1979 774 2136 866 populo,
2162 785 2195 844 et
2234 800 2236 807 ·

1197 900 1279 947 vere
1305 877 1475 967 gloriosa,
1507 900 1621 947 annos
1646 877 1799 970 amplius
1822 878 2078 970 quadraginta,
2112 898 2192 946 con-

1198 981 1362 1050 cionatur
1376 984 1420 1049 de
1433 979 1570 1049 excidio
1586 981 1751 1062 civitatis,
1778 981 2073 1072 dedissipatione
2084 979 2190 1071 gentis

1198 1099 1233 1155 et
1249 1083 1365 1153 reditu
1379 1083 1632 1175 reliquiarum,
1659 1086 1762 1155 toties
1776 1083 1943 1154 obiicitur
1958 1084 1998 1154 in
2012 1072 2191 1170 chremem

1199 1210 1302 1280 saepe
1336 1186 1475 1278 rapitur
1504 1189 1549 1256 ad
1580 1186 1773 1279 supplicia,
1806 1189 1950 1258 tandem
1976 1187 2188 1272 interficitur,

1201 1291 1256 1360 vel
1274 1316 1293 1359 a
1308 1290 1398 1374 suis,
1426 1289 1481 1357 vel
1504 1314 1522 1358 a
1539 1291 1791 1382 superbissimo
1817 1314 1898 1382 rege
1916 1285 2118 1381 Aphricae,
2140 1289 2187 1360 cui

1201 1395 1307 1464 etiam
1323 1393 1533 1463 vaticinatus
1556 1407 1630 1463 erat
1646 1394 1804 1467 exitium.
1856 1390 1906 1465 At
1921 1389 2187 1488 lticquanqna'n

1202 1510 1382 1567 exercetur
1411 1498 1549 1586 magnis
1582 1497 1858 1582 calamitatibus,
1893 1510 2016 1567 tamen
2043 1508 2187 1568 servator

1203 1613 1254 1671 est
1271 1622 1354 1668 suae
1368 1595 1474 1689 Reip.
1527 1595 1752 1687 Nam'huiug
1763 1600 1914 1670 consilio
1932 1600 2005 1670 flos
2021 1597 2188 1671 Ecclesiae

1207 1702 1364 1773 leconias
1384 1716 1418 1771 et
1440 1704 1577 1796 aliquot
1593 1703 1705 1772 millia
1722 1703 1852 1773 civium
1873 1703 2097 1773 deditionem
2111 1704 2188 1774 lece·

1204 1820 1301 1879 runt.
1328 1808 1331 1813 ’
1369 1802 1446 1874 Hae
1477 1807 1649 1899 reliqmae
1682 1808 1828 1877 luerunt
1862 1805 2078 1894 seminaria,
2114 1826 2191 1901 ques

1205 1911 1449 1981 instaurarunt
1474 1924 1591 2000 postea
1611 1908 1739 2000 Remp.
1791 1907 1896 1979 Nunc
1918 1909 2054 2000 cogites
2084 1908 2191 1980 anime

1205 2037 1357 2105 quornm
1381 2012 1578 2082 similitudo
1604 2013 1713 2101 magis
1732 2013 1887 2103 optanda
1908 2012 1976 2097 sit,
2009 2012 2190 2084 Samuelis·

1206 2140 1271 2201 ne,
1295 2112 1440 2198 Esaiae,
1466 2112 1654 2199 Ieremias,
1679 2114 1805 2199 Pauli,
1829 2139 1874 2184 an
1890 2139 1975 2185 vero
1994 2111 2193 2197 Alcibiadis,

1206 2214 1374 2312 Caiphae,
1392 2215 1512 2301 Iudae,
1530 2215 1736 2303 Marcionis,
1762 2216 1880 2289 Rullii
1896 2216 2191 2291 Monasteriensis

1308 2319 1406 2389 llaec
1420 2321 1451 2389 si
1464 2312 1566 2412 saepe
1581 2322 1847 2391 considerarent
1861 2323 2023 2403 iuvenes,
2051 2322 2190 2414 prolecto

1207 2438 1322 2495 essent
1351 2423 1599 2509 modestiores,
1629 2438 1663 2493 et
1686 2449 1765 2494 cum
1793 2426 1993 2494 doctrinam
2017 2427 2186 2497 salutarem

1207 2527 1346 2598 avidius
1368 2540 1588 2618 expeterent,
1609 2542 1685 2597 tum
1703 2551 1787 2597 vero
1813 2528 1917 2596 etiam
1941 2528 2062 2601 aDco
2083 2528 2192 2619 gubu-

1208 2633 1390 2702 nationem
1412 2630 1643 2721 postularent.
1697 2628 1746 2700 Ut
1767 2654 1848 2699 oras
1870 2634 2007 2701 servari
2031 2630 2193 2703 Ecclesiae

1208 2735 1396 2827 reliquias,
1429 2733 1478 2802 ita
1505 2733 1631 2825 petito,
1665 2747 1704 2802 nt
1727 2747 1761 2803 te
1786 2735 1917 2825 deligat
1945 2735 2048 2818 inter
2082 2755 2192 2825 organa

1208 2838 1310 2909 utilia
1325 2836 1443 2925 generi
1460 2832 1631 2921 humano,
1647 2848 1760 2905 necte
1776 2838 1918 2908 obiiciat
1936 2839 2038 2910 inter
2053 2834 2190 2911 dtdon

1208 2966 1286 3036 ρας,
1315 2953 1350 3008 et
1364 2952 1402 3010 ut
1419 2936 1550 3008 Paulus
1563 2954 1665 3009 vocat
1682 2940 1777 3009 inter
1790 2964 1871 3009 vasa
1888 2943 1973 3011 irae.
2012 2941 2103 3013 Non
2120 2940 2190 3014 enin

1210 3045 1287 3114 vult
1311 3044 1429 3112 deesse
1446 3039 1623 3113 Ecclesiae
1646 3066 1729 3112 suae
1748 3041 1856 3114 Deus.
1908 3043 1981 3115 Sed
2006 3044 2185 3138 petendu

1209 3148 1313 3216 toties
1329 3146 1522 3214 clarissime
1544 3146 1707 3216 adfirmat
1725 3171 1762 3215 se
1778 3146 2044 3238 opitulaturum
2065 3154 2193 3233 esse,et

163 3273 228 3332 na,
257 3273 331 3319 non
346 3249 537 3340 sapientia,
562 3248 773 3340 explodatur
788 3271 829 3315 ex
845 3245 1018 3316 Ecclesia.
1067 3244 1160 3336 Regi
1209 3249 1440 3318 iureiurando
1457 3249 1641 3318 confirmat
1654 3273 1733 3319 suas
1757 3250 2025 3340 promissiones.
2082 3244 2195 3324 Curti

162 3353 272 3423 vitam
295 3350 468 3443 sapientia
485 3376 558 3421 non
575 3346 753 3436 humana,
778 3351 838 3418 sed
854 3350 977 3418 divina
997 3348 1159 3430 sciamus,
1210 3378 1290 3421 eum
1316 3375 1390 3419 non
1409 3351 1645 3432 accurrimus,
1672 3353 1734 3443 qni
1757 3353 1863 3423 etiam
1885 3353 2130 3426 iureiurando
2145 3368 2197 3442 nost

163 3480 252 3548 quae
268 3457 357 3526 duas
378 3479 433 3524 res
449 3455 707 3547 complectitur.
760 3450 864 3522 lubet
878 3468 912 3524 te
927 3451 993 3522 Dei
1010 3453 1160 3520 manda·
1210 3455 1363 3524 invitat?
1399 3454 1470 3524 ·Sit
1485 3455 1673 3525 mediocris
1690 3455 1872 3543 diligentia
1892 3457 1932 3525 in
1948 3459 2199 3551 regendisnso·
2234 3466 2236 3547 ξ

163 3561 209 3628 tis
225 3583 365 3650 parere,
394 3572 428 3628 et
444 3559 489 3627 ab
513 3559 591 3649 ipso
612 3557 906 3646 gubernationem
930 3568 1059 3646 petere.
1111 3551 1161 3626 Ut
1210 3559 1310 3628 ribus
1336 3570 1371 3627 et
1393 3557 1432 3625 in
1457 3557 1605 3642 studiis,
1631 3572 1666 3627 et
1680 3560 1894 3628 accendatur
1916 3561 2068 3633 animus
2090 3563 2135 3632 ad
2154 3559 2200 3629 in-
2234 3554 2236 3623 ἶ

163 3658 326 3730 Psalmns
347 3660 480 3753 inquit:
512 3659 685 3730 Subditus
708 3672 780 3727 esto
804 3656 899 3743 Deo,
933 3672 967 3727 et
988 3681 1087 3748 spera
1114 3657 1160 3727 ab
1210 3662 1443 3731 vocationem.
1480 3656 1749 3752 llaecprolecto
1768 3678 1964 3734 nonerunt
1979 3662 2122 3739 inania.
2154 3658 2203 3733 Sit

164 3764 241 3854 ipso
258 3761 441 3835 auxilium.
482 3758 585 3831 Hanc
604 3761 824 3852 sapientiam,
849 3762 880 3829 si
895 3763 1019 3830 ducem
1036 3783 1161 3852 seque·
1211 3763 1307 3833 enim
1322 3762 1455 3832 Paulus
1476 3763 1658 3848 adfirmat,
1683 3762 1865 3846 Densest‚
1892 3766 1956 3860 qui
1980 3780 2017 3838 ct
2039 3762 2203 3840 utvelitis

164 3890 263 3951 mur,
290 3879 394 3935 erunt
411 3864 549 3934 loelicia
565 3858 827 3956 πολιτεύματα.
1212 3868 1334 3950 elficit,
1358 3881 1392 3936 ct
1409 3868 1468 3934 dat
1484 3890 1677 3936 successus.

267 3967 384 4057 Quam
410 3968 536 4058 longus
555 3981 606 4037 est
622 3968 801 4058 catalogus
823 3991 966 4051 eorum,
993 3965 1055 4060 qui
1078 3965 1160 4036 freti
1311 3967 1434 4047 Sciant
1449 3969 1500 4059 pii
1515 3992 1551 4036 se
1567 3966 1676 4038 aDeo
1691 3970 1859 4041 excitatos
1875 3994 1959 4057 esse,
1988 3987 2030 4044 ut
2045 3968 2204 4045 saluteris
2234 4038 2236 4061 ,

166 4095 228 4141 sua
243 4071 432 4162 sapientia,
455 4071 614 4160 neglecto
631 4067 727 4153 Deo,
755 4085 787 4141 et
810 4094 846 4139 se
868 4082 903 4138 et
926 4067 1161 4158 Respublicas
1212 4073 1368 4153 discant,
1401 4085 1441 4142 ut
1462 4074 1506 4140 ad
1532 4067 1711 4143 Ecclesiae
1738 4075 2040 4164 gubernationem
2068 4096 2206 4169 praepa·
2234 4070 2236 4161 l

168 4186 380 4243 everterunt.
432 4172 513 4244 Non
531 4175 647 4243 dicam
667 4175 711 4241 de
727 4173 917 4252 veteribus,
943 4174 987 4240 de
1001 4166 1161 4240 Pharao·
1212 4189 1346 4247 rentur.
1399 4173 1449 4243 Hi
1476 4188 1623 4245 conatus
1650 4181 1726 4245 non
1752 4192 1857 4248 erunt
1883 4177 1999 4260 irriti,
2039 4182 2151 4252 modo
2171 4168 2236 4249 ug!

166 4301 231 4360 ue,
258 4278 302 4346 de
319 4270 466 4356 Achab,
494 4278 537 4345 de
560 4271 749 4360 sedechia,
776 4277 820 4343 de
836 4271 1038 4358 Alcibiade,
1062 4289 1095 4343 et
1112 4275 1161 4342 si·
1213 4302 1354 4349 cursum
1371 4292 1473 4348 tuum
1491 4301 1629 4368 urgeas,
1656 4304 1720 4348 nec
1735 4281 1879 4350 abiicias
1895 4277 2073 4355 inchoata
2089 4282 2208 4355 stadis
2234 4284 2236 4325 ⁵

165 4380 323 4450 milibus.
358 4378 488 4450 Nostra
502 4394 662 4471 tempora
677 4380 809 4464 videte,
832 4377 1043 4446 meministis
1058 4402 1161 4447 exor-
1213 4377 1289 4450 Alii
1311 4381 1554 4471 voluptatibus
1577 4382 1815 4472 languebunt,
1840 4383 1903 4453 alii
1925 4385 2209 4475 desperationem

166 4483 225 4552 dia
249 4484 423 4554 tumultus
441 4481 751 4567 Monasteriensis,
777 4506 856 4552 cum
880 4475 1044 4550 homines
1060 4483 1161 4550 fana·
1212 4483 1465 4577 praemiorum,
1492 4483 1554 4550 alii
1569 4483 1650 4552 aliis
1665 4486 1832 4577 periculis
1847 4490 2094 4578 deterrentur,
2112 4503 2153 4562 ut
2165 4498 2212 4558 ot

166 4585 229 4655 tici
246 4587 413 4658 audacter
424 4586 529 4656 falsas
545 4587 733 4678 opiniones
749 4598 916 4668 sererent,
941 4599 975 4654 et
989 4585 1160 4673 paulatim
1212 4609 1338 4676 magna
1365 4581 1540 4656 humanae
1563 4601 1710 4657 naturae
1736 4589 1941 4671 infirmitas,
1977 4616 2027 4661 ne
2054 4591 2210 4666 doctrine

165 4688 267 4758 furor
281 4703 467 4774 cresceret,
490 4705 531 4761 ut
545 4691 698 4759 amentia
716 4700 957 4777 contemptum
975 4686 1046 4755 Dei
1062 4686 1160 4781 sequi
1212 4715 1249 4761 se
1270 4690 1468 4769 instruant,
1501 4708 1570 4783 qua
1592 4714 1683 4782 opus
1710 4705 1763 4762 est
1782 4688 1939 4783 Reipub.
1963 4717 2062 4766 neve
2084 4708 2211 4789 meten

167 4791 274 4874 solet,
299 4793 411 4863 exitus
431 4817 538 4886 quam
554 4793 677 4881 tragici
695 4805 729 4862 et
745 4786 917 4861 horrendi
931 4789 1100 4858 suerunt?
1213 4792 1348 4885 publici
1362 4792 1495 4861 laboris
1512 4807 1683 4883 expetant.
1732 4793 1869 4865 Multos
1886 4796 1996 4866 etiarn
2012 4811 2212 4891 temporum

270 4891 342 4962 Nec
361 4908 501 4964 tantum
526 4890 594 4963 hoc
615 4894 875 4985 deplorandum
900 4904 969 4974 est,
995 4894 1090 4984 quod
1109 4905 1162 4964 tot
1213 4896 1376 4965 miseriae
1392 4896 1462 4964 iam
1477 4898 1656 4985 frangunt,
1681 4922 1762 4968 cum
1778 4896 1930 4969 Turcica
1946 4914 2068 4987 castra
2083 4899 2213 4981 suntin

167 4989 331 5063 homines
355 4996 475 5064 miseri
491 4997 546 5064 vel
570 4998 679 5080 same,
705 4997 761 5064 vel
776 4997 890 5071 ferro,
917 4993 974 5060 vel
991 4996 1071 5063 aliis
1089 4996 1160 5065 cla·
1213 5011 1413 5088 conspectu.
1477 4996 1567 5086 Quis
1595 5000 1683 5081 erit,
1716 5001 1904 5094 inquiunt,
1937 5002 2134 5078 literarum
2159 5014 2213 5075 sul

102 5146 110 5157 ,
167 5096 274 5166 dibus
304 5095 497 5185 perierunt.
555 5097 625 5168 Sed
656 5099 769 5167 multo
792 5096 929 5166 tristius
957 5109 1027 5179 est,
1064 5100 1159 5189 quod
1212 5100 1397 5171 doctrinae
1418 5124 1521 5184 usus,
1547 5101 1576 5169 si
1599 5102 1686 5173 haec
1709 5104 1830 5173 omnia
1845 5103 2213 5180 vastabuntur-armis

166 5194 263 5268 Deus
284 5200 496 5267 contumelia
520 5199 675 5272 adlectus
693 5213 763 5282 est,
793 5200 890 5293 quod
914 5198 1044 5269 multos
1061 5223 1161 5269 error
1213 5202 1400 5274 Turcieis?
1433 5198 1653 5275 Cohorresco
1670 5207 1838 5288 audiens,
1864 5220 1927 5277 aut
1942 5211 2111 5301 cogitans
2133 5206 2212 5283 hsoe

167 5300 206 5368 in
223 5315 406 5371 aeternum
423 5301 567 5371 exitium
586 5302 846 5393 praecipitavit,
872 5302 968 5394 quod
995 5301 1161 5372 diabolus
1211 5300 1405 5402 δύσφημα.
1457 5306 1528 5378 Sed
1562 5308 1688 5399 optimi
1715 5309 1975 5397 adolescentes,
2010 5312 2210 5407 ingentibus

167 5399 389 5495 triumphum
405 5404 491 5494 egit,
517 5419 569 5476 tot
587 5405 760 5474 miserisa
778 5404 854 5474 Deo
869 5402 1012 5474 avulsis.
1063 5401 1161 5474 Haec
1212 5410 1340 5479 animis
1363 5433 1619 5500 repugnemus,
1652 5436 1733 5482 cum
1757 5413 1904 5484 caeteris
1931 5415 2207 5495 difficultatibus

166 5507 363 5580 spectacula
380 5507 581 5579 iutueamur
594 5508 734 5594 animis,
744 5519 782 5577 ut
799 5508 1161 5601 quaeramussapien·
1211 5525 1288 5582 tum
1305 5513 1409 5583 etiam
1425 5508 1482 5583 his
1499 5514 1708 5590 terroribus.
1757 5511 1812 5586 Eo
1828 5517 1944 5609 magis
1958 5520 2206 5596 colanturstu·
