4664 6022
48 329 127 404 sss
500 408 504 415 ,
649 325 811 401 osor.
862 327 938 437 nu
971 327 1118 403 vrra
1151 322 1508 401 avtcauuau.
2025 332 2102 405 sao

48 513 122 570 tate
154 499 335 570 vincebat:
382 497 426 567 ad
461 490 560 566 hune
592 491 778 565 Avicenua
816 519 852 565 se
887 496 1051 570 eontulit.
1099 495 1274 565 rationem
1289 493 1432 564 docenti
1449 491 1699 566 conciliabant.
1740 491 1811 566 Sed
1825 495 1932 566 redeo
1947 498 1991 568 ad
2008 486 2116 568 Avi·¹

47 599 142 673 Cum
169 602 265 671 euim
291 601 428 671 videret
444 592 716 690 Philosophiam
744 623 888 692 prorsus
917 601 1052 693 absque
1099 622 1232 668 cennae
1248 592 1446 670 historiam.

48 705 187 776 medica
210 717 284 775 arte
302 702 542 795 imperfectam
564 723 658 786 esse,
684 703 845 772 animum
869 705 913 773 ad
930 701 1051 773 Medi·
1204 698 1295 771 Cum
1332 697 1522 770 Cordubae
1555 700 1766 794 aliquandiu
1799 702 2030 789 substitisset,
2065 718 2099 776 et

47 832 173 879 eorum
190 807 391 878 doctrinam
406 804 553 885 adiecit,
580 818 619 875 ut
634 818 800 875 naturam
815 806 952 895 integre
966 830 1050 876 evo·
1099 801 1290 875 Averroim
1313 804 1502 872 docentem
1525 803 1739 888 audivisset,
1769 805 1846 898 ipso
1870 807 1993 877 relicto
2011 805 2099 877 Ale·

46 911 179 994 lutam,
214 923 388 1005 quantum
415 907 564 978 omnino
590 901 747 979 humana
774 908 951 979 industria
974 909 1051 978 lieri
1098 908 1284 977 xandriam
1319 908 1519 977 revertitur.
1581 904 1676 995 Quia
1710 907 1806 976 enim
1844 908 1996 999 pucritia
2028 908 2099 981 luit

45 1026 183 1108 potest,
208 1013 457 1105 compleretur.
512 1007 700 1080 Veteribus
718 1011 814 1080 enim
831 1011 1050 1103 temporibus
1099 1012 1210 1103 probe
1232 1009 1416 1079 institutus
1439 1022 1474 1079 et
1498 1011 1542 1078 ad
1563 1007 1806 1080 Geometriam
1827 1025 1862 1081 et
1875 1013 2099 1084 demonstra·

44 1140 124 1187 non
145 1115 215 1186 luit
235 1110 464 1185 inhonestum
496 1112 719 1204 principibus
743 1127 854 1184 artem
876 1113 1048 1185 medicam
1098 1114 1214 1184 tiones
1237 1113 1469 1198 assuefactus,
1499 1113 1604 1182 facile
1634 1113 1751 1204 potuit
1778 1113 1976 1185 diiudicare
2005 1116 2099 1187 inter

44 1222 203 1302 discere,
238 1220 328 1291 sieut
351 1215 466 1300 Pelei,
499 1208 670 1301 Achillis,
696 1212 892 1288 Alexandri
914 1215 1051 1306 Magni,
1099 1240 1179 1286 vera
1197 1229 1231 1286 et
1246 1215 1334 1285 falsa
1353 1218 1530 1285 docentes.
1572 1212 1812 1288 Alexandriae
1828 1217 1945 1310 coepit
1957 1215 2099 1311 Hippo·

42 1315 200 1417 Pyrrhi,
234 1336 268 1393 et
295 1320 489 1390 multorum
523 1318 682 1411 exempla
718 1333 909 1404 testantur,
942 1314 1050 1390 hodie
1099 1333 1228 1389 cratem
1245 1332 1281 1387 et
1295 1314 1472 1388 Galenum
1488 1317 1556 1387 sibi
1574 1315 1747 1388 Doctores
1762 1344 1979 1412 proponere,
2005 1345 2097 1414 quo-

43 1449 133 1495 vero
161 1426 266 1516 longe
293 1424 433 1493 diversa
455 1434 539 1492 sunt
571 1421 773 1513 principum
801 1437 838 1495 et
863 1436 1049 1514 potentum
1098 1448 1179 1493 rum
1193 1420 1393 1491 doctrinam
1407 1421 1559 1490 maxime
1576 1420 1714 1491 veritati
1735 1423 1937 1493 consentire
1959 1425 2097 1495 iudica-

43 1528 175 1601 studia.
243 1525 349 1596 Hunc
377 1522 504 1596 Rasim
539 1526 766 1614 grandiorem
797 1541 884 1598 natu
912 1525 1050 1596 audivit
1099 1527 1161 1597 vit.
1202 1521 1283 1594 Etsi
1298 1523 1394 1592 enim
1410 1525 1511 1613 pulsa
1526 1523 1648 1614 lingua
1666 1522 1821 1611 Graeca,
1847 1540 1981 1596 veteres
1996 1540 2097 1597 auto-

43 1631 252 1703 adolescens
273 1626 473 1699 Avicenua:
502 1651 708 1722 quanquam
735 1641 854 1699 autem
875 1630 987 1701 multa
1011 1629 1050 1696 in
1099 1652 1153 1698 res
1169 1628 1274 1698 etiam
1292 1627 1501 1711 exulabant,
1527 1640 1646 1696 tamen
1661 1627 1773 1720 aliqui
1789 1629 2020 1701 studiosiores
2039 1655 2094 1700 re·
2181 1627 2185 1639 '

43 1730 117 1806 hoe
142 1734 288 1804 doctore
312 1730 558 1816 desiderabat,
584 1743 702 1802 tamen
724 1731 847 1826 inopia
865 1730 1050 1803 meliorem
1099 1731 1289 1826 quirebant
1307 1729 1434 1799 sontes.
1486 1726 1607 1817 Quare
1622 1741 1655 1798 et
1673 1730 1712 1798 in
1728 1730 1887 1825 linguam
1905 1729 2096 1803 Arabicam

42 1834 144 1911 hunc
160 1850 310 1908 sectatus
327 1846 389 1906 est.
1098 1836 1266 1927 pleraque
1288 1828 1539 1922 Hippocratis,
1566 1829 1698 1902 Galeni
1722 1832 1965 1905 etPtolemaei
1989 1859 2096 1927 opera

149 1937 275 2010 Postea
298 1960 486 2008 varocum
514 1949 548 2007 et
572 1949 684 2007 aetate
709 1951 743 2008 et
767 1937 929 2007 doctrina
954 1935 1051 2006 iudi·
1098 1936 1338 2009 aSarracenis
1359 1935 1398 2003 in
1424 1934 1583 2024 linguam
1598 1931 1790 2004 Arabicam
1809 1951 1893 2006 sunt
1915 1962 2097 2024 conversa,

48 2042 142 2115 cium
170 2043 432 2125 confirmasset,
475 2038 728 2110 animadvertit
760 2038 799 2107 in
824 2036 912 2113 Rasi
940 2039 1052 2129 magis
1098 2065 1139 2110 ex
1158 2064 1227 2134 qua
1248 2040 1370 2126 lingua
1395 2061 1468 2107 non
1490 2039 1602 2109 multo
1622 2053 1918 2130 postnostrorum
1942 2041 2096 2132 impera-

46 2169 122 2217 esse
137 2146 355 2239 empiricam,
371 2167 478 2237 quam
495 2142 706 2213 rationalem
723 2142 932 2213 doctrinam.
957 2139 1049 2213 Cum
1098 2157 1216 2214 torum
1242 2139 1429 2223 beneficio,
1468 2136 1633 2211 Letharii
1658 2165 1697 2210 ac
1727 2138 1902 2212 Friderici
1928 2143 2097 2229 Secundi,
2223 2154 2229 2165 '

43 2249 142 2320 enim
161 2249 285 2318 divino
303 2247 425 2319 afflatu
443 2246 612 2317 incitatus
633 2248 677 2316 ad
696 2241 784 2316 haec
808 2246 924 2316 studia
947 2269 1051 2338 rape·
1097 2249 1135 2315 iu
1157 2247 1305 2316 latinam
1329 2244 1488 2333 linguam
1513 2245 1683 2313 translata
1705 2258 1804 2314 sunt:
1840 2271 1908 2339 qua
1932 2248 2096 2316 versione

45 2367 165 2434 retur,
190 2350 294 2421 facile
312 2342 550 2441 deprehendit
562 2345 728 2419 Doctoris
750 2349 807 2419 sui
824 2348 1049 2419 imbecillita·
1096 2372 1220 2418 omnes
1237 2342 1379 2417 scholae
1394 2341 1565 2416 hactenus
1581 2370 1692 2439 usque
1707 2348 1752 2415 ad
1767 2342 1851 2418 haec
1868 2361 1988 2418 nostra
2006 2365 2096 2419 tem-

43 2469 139 2534 tem,
166 2452 303 2545 etquid
328 2451 368 2519 in
384 2450 496 2540 ipsius
513 2450 675 2520 doctrina
690 2451 766 2521 veri
788 2464 849 2521 aut
864 2450 944 2520 falsi
964 2474 1050 2520 con·
1097 2477 1182 2544 pora
1202 2476 1285 2521 usae
1301 2465 1395 2523 suut.

43 2557 233 2628 tineretur.
285 2546 376 2621 Cum
392 2550 489 2619 enim
505 2550 612 2624 Rasis
634 2552 743 2623 nimis
756 2553 1050 2646 proculasonti-
1198 2553 1382 2623 Avicenua
1407 2553 1526 2646 itaque
1548 2554 1592 2621 ad
1615 2574 1717 2622 veros
1740 2552 1856 2623 fontes
1872 2577 1909 2624 se
1925 2554 2095 2625 eontulit:

43 2661 114 2728 bus
127 2652 357 2745 Hippocratis
380 2665 413 2723 et
438 2650 570 2723 Galeni
594 2655 790 2741 recederet,
816 2678 958 2726 necesse
975 2671 1049 2726 erat
1097 2673 1132 2728 et
1148 2658 1230 2752 quia
1248 2656 1470 2727 institutione
1483 2669 1518 2724 et
1533 2667 1660 2724 natura
1676 2655 1853 2741 excelluit,
1880 2657 1982 2727 lacile
1996 2656 2095 2726 evol-

45 2773 82 2829 et
107 2755 215 2849 ipsius
240 2755 493 2825 medicationes
510 2756 693 2827 erroribus
711 2782 786 2826 non
808 2781 937 2832 carere.
989 2757 1049 2829 Sic
1095 2785 1177 2830 vare
1192 2785 1231 2828 ae
1248 2759 1445 2847 intelligere
1459 2781 1497 2826 ea
1509 2758 1635 2848 potuit,
1654 2758 1832 2850 quaealiis
1847 2773 1948 2830 erant
1963 2761 2095 2850 ignota.
2123 2806 2126 2811 ·

45 2860 142 2930 enim
161 2858 290 2928 diserte
312 2856 431 2951 inquit
451 2853 636 2929 Avicenua
659 2858 724 2933 lib.
740 2858 776 2932 4.
798 2884 874 2953 cap.
895 2861 940 2929 de
965 2861 1049 2928 uni·
1094 2859 1256 2955 Cumque
1278 2861 1517 2931 Alexandriae
1541 2860 1740 2929 doctrinam
1765 2862 1938 2930 medicam
1964 2862 2095 2932 confir-

42 2961 173 3030 versali
209 2960 363 3031 febrium
397 2960 594 3035 curatione.
662 2958 825 3032 Proiecto
859 2963 1047 3054 profuisset
1096 2979 1245 3049 masset,
1270 2989 1311 3033 ac
1334 2978 1443 3033 totam
1461 2962 1662 3056 Aegyptum
1680 2962 1944 3054 perlustrasset,
1970 2965 2095 3058 inqua

40 3060 129 3136 huic
152 3062 249 3144 viro,
276 3062 340 3134 ubi
363 3059 488 3134 Rasim
511 3063 697 3155 intelligit,
729 3088 803 3132 non
827 3079 899 3133 tam
922 3063 1048 3156 procul
1094 3067 1249 3158 plurima
1273 3067 1531 3135 medicamenta
1556 3059 1809 3154 deprehendit,
1837 3066 1917 3136 aliis
1941 3065 2096 3137 Medicis

39 3192 63 3239 a
91 3164 223 3237 Galeni
256 3179 291 3236 et
317 3162 548 3255 Hippocratis
576 3165 717 3258 placitis
743 3166 936 3236 discedere.
995 3158 1047 3236 lt’a
1096 3170 1234 3258 ignota,
1260 3167 1299 3235 in
1316 3167 1465 3259 patriam
1481 3167 1683 3237 revertitur.
1738 3165 1792 3236 lbi
1807 3193 1886 3237 cum
1902 3170 2004 3239 sratri
2018 3194 2095 3240 ees-

42 3270 166 3340 minus
183 3268 507 3339 contradictionum
533 3292 573 3339 ac
590 3292 753 3340 errorum
772 3281 861 3339 esset
878 3267 916 3338 in
936 3267 1048 3361 ipsius
1095 3272 1196 3341 sisset
1213 3271 1526 3359 gubernationem,
1551 3269 1626 3359 ipse
1649 3291 1685 3336 se
1705 3270 1991 3340 adscribendum
2008 3297 2094 3340 eun-

46 3372 198 3464 tsriptis.
1095 3375 1189 3447 tulit.
1240 3371 1332 3443 Cum
1358 3373 1453 3441 enim
1476 3370 1613 3441 videret
1635 3385 1808 3463 quantum
1828 3397 1950 3442 recens
1973 3372 2094 3443 Medi·

148 3473 233 3545 Post
256 3471 533 3568 quadriennium
558 3467 778 3545 Alexandria
810 3472 980 3558 discedit,
1014 3487 1048 3543 et
1095 3477 1175 3546 eina
1198 3500 1218 3546 a
1242 3476 1351 3546 veteri
1373 3478 1636 3564 degenerasset,
1662 3473 1777 3544 voluit
1799 3500 1875 3543 eam
1900 3476 2029 3547 iterum
2048 3477 2093 3547 ad

44 3578 85 3648 in
118 3576 291 3669 oppidum
326 3572 522 3667 Hispaniae
558 3573 767 3649 Cordubam
803 3576 1048 3670 proficiscitur,
1094 3581 1209 3650 fontes
1232 3601 1417 3661 revocare,
1452 3591 1487 3647 et
1509 3599 1548 3645 ea
1571 3599 1661 3669 quae
1681 3589 1783 3646 erant
1814 3573 1952 3667 ig'navia
1976 3574 2094 3649 homi-

41 3680 109 3754 ubi
134 3681 283 3750 docebat
304 3679 496 3765 Averrois,
530 3680 632 3750 cuius
655 3680 749 3750 lama
780 3680 971 3764 excitatus,
1005 3702 1047 3749 eo
1095 3707 1182 3753 uum
1196 3682 1268 3752 situ
1285 3695 1321 3753 et
1335 3680 1502 3751 rubidine
1518 3681 1689 3761 obducta,
1715 3702 1856 3749 rursum
1874 3684 2066 3771 detergere.

41 3784 228 3856 concessit.
281 3779 454 3852 Averrois
471 3781 566 3851 enirn
585 3807 718 3853 nomen
733 3783 810 3854 istis
824 3781 1046 3874 temporibus
1195 3781 1244 3855 Et
1260 3785 1344 3879 quia
1362 3782 1527 3853 Galeniri
1546 3782 1648 3864 libri,
1671 3780 1856 3874 inquibus
1877 3808 1934 3853 ars
1956 3786 2093 3873 integre

39 3884 415 3959 luitceleberrimum.
469 3882 554 3957 Fuit
570 3899 688 3956 autem
706 3884 877 3957 Averrois
902 3884 1047 3976 ingenio
1094 3888 1266 3973 traditur,
1299 3903 1501 3978 temporum
1526 3886 1614 3955 vitio
1636 3907 1711 3953 non
1737 3900 1837 3957 erant
1864 3887 1903 3954 in
1926 3889 2092 3957 manibus

39 3989 136 4073 acri,
162 3987 333 4081 pugnaci,
357 3999 524 4068 ventoso,
548 4001 585 4059 et
599 3985 876 4081 reprehensione
892 3989 1045 4059 aliorum
1093 3992 1326 4072 discentium,
1351 4003 1386 4061 et
1406 4001 1586 4081 praeterea
1613 3984 1771 4057 Galenus
1798 4011 1872 4057 non
1898 4013 1972 4059 uno
1995 3990 2091 4062 libro

38 4090 175 4165 lamam
199 4091 268 4162 sibi
291 4090 497 4186 quaerebat:
531 4092 664 4184 quain
686 4117 725 4163 re
740 4115 842 4184 saepe
864 4090 1047 4163 contradi·
1093 4096 1268 4186 integram
1290 4107 1403 4163 artem
1427 4091 1631 4181 complexus
1656 4102 1726 4158 ests
1751 4090 1826 4180 ipse
1842 4092 2013 4180 scriptum
2034 4093 2092 4163 in·

10 4218 15 4265 t
40 4193 149 4267 cendi
172 4194 292 4264 studio
314 4217 334 4263 a
351 4192 499 4263 veritate
516 4195 710 4281 abductus,
734 4209 827 4267 artes
842 4209 936 4266 recte
958 4218 1045 4265 con·
1092 4198 1227 4280 stituit,
1247 4221 1320 4294 quo
1335 4192 1573 4265 eruditissima
1594 4204 1629 4262 et
1650 4191 1831 4283 aptissima
1847 4190 2015 4266 methodo
2034 4196 2092 4265 in-

10 4332 12 4345 ·
40 4298 206 4380 stitutas,
239 4291 442 4387 sophisticis
462 4295 662 4386 praestigiis
686 4298 928 4384 labefactavit,
954 4311 1044 4368 tem·
1094 4316 1226 4391 tegram
1254 4312 1366 4370 artem
1396 4296 1570 4366 medicam
1594 4294 1858 4385 complectitur,
1890 4298 1928 4366 in
1950 4322 2021 4391 quo
2050 4322 2089 4368 ea

40 4412 332 4497 perementorum
358 4397 529 4468 mixturas
553 4399 666 4486 tollit,
692 4395 861 4471 humores
881 4399 920 4470 in
943 4414 1045 4491 epate
1093 4428 1183 4499 quae
1204 4403 1298 4495 apud
1317 4398 1497 4470 Galenum
1522 4396 1690 4489 dissipata
1708 4396 1894 4487 leguntur,
1920 4400 1958 4467 in
1977 4423 2089 4471 unum

10 4515 149 4595 2negat
162 4501 272 4592 gigni,
298 4501 391 4572 circa
405 4500 641 4571 nutritionem
658 4526 787 4573 novam
804 4516 840 4573 et
852 4504 1043 4576 absurdam
1092 4529 1222 4599 corpus
1254 4503 1370 4593 coligit
1403 4503 1715 4595 σωματοποιήσας
1744 4497 1815 4594 τὴν
1855 4498 2007 4595 τέχνην,
2049 4514 2090 4572 ut

41 4605 255 4679 seutentiam
290 4603 584 4676 comminiscitur.
650 4604 723 4676 Sed
753 4605 841 4700 quid
872 4629 964 4698 opus
994 4620 1044 4677 est
1093 4606 1223 4679 Graeci
1237 4610 1447 4701 loquuntur,
1473 4617 1508 4674 et
1520 4604 1598 4675 sine
1612 4597 1825 4696 Sophistica,
1852 4618 1886 4674 et
1903 4629 1994 4698 quae
2010 4618 2091 4695 post

10 4768 13 4785 .
40 4730 320 4781 commemorare
333 4705 500 4797 singula?
527 4701 724 4779 hoesolum
741 4710 822 4800 egit,
848 4720 889 4780 ut
904 4709 1044 4780 sublata
1091 4712 1234 4803 longam
1260 4708 1549 4804 inquisitionem,
1577 4721 1612 4777 et
1635 4706 1673 4776 in
1699 4706 1776 4796 ipso
1800 4706 1886 4777 artis
1908 4706 2088 4792 exercitio,

10 4854 13 4899 Ι
40 4810 233 4885 autoritate
248 4822 407 4881 veterum
424 4823 610 4894 autorum,
635 4834 673 4880 se
695 4811 733 4881 in
749 4811 908 4905 ipsorum
925 4813 1042 4883 lorum
1086 4804 1126 4886 ¹et
1141 4815 1181 4883 iu
1195 4813 1500 4906 disputationibus
1516 4834 1595 4879 cum
1613 4808 1825 4878 doctissimis
1841 4809 1928 4879 viris
1944 4809 2088 4880 verissi-

10 4988 13 5007 ,
40 4913 244 4988 collocaret.
1093 4940 1149 4988 ma
1174 4941 1247 4987 esse
1271 4914 1460 4993 iudicavit,
1487 4911 1691 5004 complexus
1710 4924 1772 4980 est.
1827 4909 1946 4981 Tanto
1969 4926 2089 4984 autem

144 5012 227 5086 Huc
248 5012 430 5106 pertinent
451 5014 562 5107 ipsius
585 5017 791 5108 magnificae
813 5039 934 5098 voces,
961 5016 1043 5110 qui·
1091 5020 1263 5112 applausu
1281 5013 1349 5087 hoc
1366 5014 1571 5086 Avicennae
1589 5012 1760 5104 seriptum
1778 5027 1959 5105 exceptum
1977 5030 2029 5086 est
2045 5017 2090 5085 ab
2149 5086 2152 5091 ,

10 5120 110 5199 ibus
142 5117 363 5208 significabat
397 5138 433 5187 se
466 5133 739 5211 repurgatumm
775 5143 849 5189 esse
875 5114 1043 5190 Philoso-
1090 5123 1258 5192 omnibus
1280 5118 1447 5202 eruditis,
1474 5130 1515 5188 ut
1537 5118 1608 5186 iam
1635 5115 1714 5205 plus
1737 5115 1856 5185 minus
1880 5116 1983 5185 aunis
2000 5142 2088 5210 qua-

37 5218 183 5319 phiam,
223 5220 394 5313 illamque
427 5242 545 5290 veram
587 5234 621 5291 et
655 5222 850 5302 sinceram,
890 5221 1041 5292 detorsis
1090 5223 1289 5313 dringentis
1311 5223 1351 5292 in
1375 5221 1543 5291 omnibus
1565 5217 1718 5310 publicis
1742 5214 1943 5288 Academbs
1964 5243 1983 5288 a
2004 5242 2086 5311 pro-

36 5324 211 5399 omnibus
232 5323 373 5407 naevis,
413 5323 452 5391 in
480 5324 638 5394 medium
663 5325 793 5396 iterum
815 5325 1039 5416 prolaturum
1088 5327 1281 5397 sessoribus
1296 5326 1341 5395 sit
1357 5323 1571 5415 expositumt
1597 5334 1632 5390 et
1648 5314 1716 5389 hoc
1737 5343 1801 5389 suo
1823 5322 1975 5412 scripto,
2002 5322 2084 5415 quia

35 5450 131 5503 esse·
182 5422 261 5496 Hae
284 5447 387 5494 voees
406 5436 441 5494 et
461 5418 546 5495 haec
567 5428 751 5517 magnilica
767 5429 940 5521 promissa
962 5427 1041 5498 ani-
1090 5426 1280 5499 Galenicas
1302 5426 1561 5520 disputationes
1581 5424 1711 5493 iterum
1733 5424 1876 5493 reduxit
1899 5424 1938 5491 in
1962 5423 2088 5509 lucem,

33 5552 121 5607 mos
142 5529 347 5601 auditorum
370 5526 629 5620 percellebant,
652 5545 686 5604 et
709 5554 845 5602 nomen
869 5545 906 5603 et
923 5530 1039 5601 admi·
1087 5555 1231 5605 rursum
1263 5531 1464 5603 studiorum
1493 5526 1551 5598 sui
1578 5526 1687 5597 seculi
1719 5527 1971 5608 commutavit,
1997 5549 2087 5620 quae
