4664 6022
145 326 231 400 ‘733
754 318 918 396 DECL.
958 318 1033 395 DE
1067 316 1210 393 VITA
1244 317 1608 402 HIERONYMI,
2125 324 2203 399 754

147 495 270 567 cernit
289 497 383 569 mitti
399 497 445 566 ab
467 519 529 581 eo,
562 510 596 566 et
620 495 812 587 sapientiae
844 494 988 564 divinae
1014 508 1047 567 et
1068 517 1154 585 ope·
1203 505 1254 563 est
1272 493 1496 585 ingeniorum
1515 493 1727 585 petulantia,
1754 521 1844 591 quae
1866 499 2070 589 praesertim
2097 515 2195 592 post·

145 600 453 670 rumdivinorum
468 596 750 669 consideratione
764 621 835 667 una
851 621 931 666 curn
946 596 997 669 eis
1011 598 1153 671 fruitur.
1203 620 1308 689 quam
1332 591 1482 667 Lutheri
1506 620 1690 667 censuram
1716 601 1830 669 vereri
1852 601 2033 688 desinent,
2067 602 2196 673 maiori

259 700 490 771 Meminimus
510 713 641 793 quanta
662 724 741 770 cum
761 700 941 789 voluptate
955 693 1153 791 Propheta·
1200 699 1348 769 audacia
1365 699 1563 770 doctrinam
1582 713 1674 770 recte
1692 702 1856 773 traditam
1875 717 2113 795 corrumpent

144 826 234 873 rum
253 804 433 894 politiam,
458 803 624 887 consilia,
648 801 823 894 pericula,
844 802 1072 874 liberationes
1096 827 1152 870 re-
1302 798 1399 870 llaec
1419 801 1510 869 mala
1536 815 1576 872 ut
1593 798 1689 873 Deus
1709 816 1865 888 avertat,
1888 804 2130 894 diligentiores
2145 805 2195 875 si·

145 906 303 990 citabat,
330 919 364 975 et
380 929 485 997 quam
502 905 639 974 erudite
656 903 776 974 omnia
794 900 972 974 Ecclesiae
995 917 1151 995 tempora
1200 926 1279 973 mus
1296 903 1333 971 in
1349 903 1512 992 regendis
1528 903 1687 974 moribus
1701 919 1735 975 et
1751 904 1891 991 studiis,
1915 924 2121 1000 semperque
2135 907 2195 975 in·

145 1008 377 1092 conferebat,
405 1021 444 1077 ut
465 1007 613 1095 llagrare
638 1028 674 1074 se
695 1005 841 1076 illorum
860 1029 1079 1076 summorum
1097 1006 1151 1073 vi-

145 1131 275 1180 rorum
293 1108 468 1178 desiderio
486 1131 558 1176 non
575 1108 712 1197 vulgari
729 1108 951 1197 significaret.

258 1208 335 1281 Hos
358 1235 454 1279 nunc
479 1210 743 1302 complectitur,
770 1223 804 1278 et
827 1212 954 1301 gaudet
969 1209 1069 1281 vivas
1085 1232 1151 1279 au-

145 1314 250 1398 dire,
276 1325 309 1382 et
334 1313 480 1382 reddere
502 1334 615 1380 voces.
666 1309 716 1380 Hi
740 1304 836 1382 hunc
858 1335 960 1383 suum
987 1332 1151 1407 συμφοι-

145 1410 269 1510 τητὴν
299 1415 382 1484 laeti
411 1414 583 1496 salutant,
621 1428 656 1483 et
679 1436 750 1482 una
774 1414 902 1503 gratias
924 1414 1000 1485 Deo
1028 1426 1149 1504 agunt,

145 1517 335 1606 colligenti
353 1529 387 1586 et
404 1515 560 1585 servanti
576 1511 784 1590 Ecclesiam.

255 1616 375 1711 Ipsum
396 1618 503 1708 igitur
517 1613 715 1686 Luthcrnm
736 1618 878 1688 beatum
896 1641 969 1688 esse
992 1642 1067 1687 non
1080 1618 1150 1687 du-

145 1722 318 1795 bitemus.
370 1718 498 1789 Nostra
522 1741 606 1789 vero
624 1718 774 1789 orbitate
792 1743 979 1810 angamur:
1007 1735 1041 1790 et
1057 1744 1148 1813 qaro-

144 1825 250 1896 niam
264 1820 332 1893 Dei
345 1821 541 1905 voluntati,
568 1833 754 1914 postquam
771 1845 850 1891 eum
875 1817 960 1891 hinc
977 1823 1150 1905 evocavit,

146 1950 219 1997 nos
241 1949 383 2019 quoque
401 1924 645 2013 obtemperare
666 1946 804 1992 necesse
820 1937 889 2003 est,
913 1925 1065 1994 sciamus
1081 1919 1149 1991 boe

150 2051 293 2123 qnoque
309 2027 401 2096 velle
414 2027 542 2105 Deum,
569 2037 610 2095 ut
623 2025 831 2095 memoriam
847 2025 1020 2096 virtutum
1038 2025 1149 2116 ipsius

148 2143 188 2202 et
201 2130 452 2200 beneficiorum
470 2126 695 2196 retineamus.
733 2124 774 2196 ld
789 2128 858 2196 iam
875 2127 1030 2197 officinm
1046 2149 1149 2218 prae-

146 2246 294 2305 stemus.
338 2230 580 2320 Agnoscamus
596 2251 677 2299 eum
694 2229 802 2298 luisse
818 2250 991 2318 organum
1009 2227 1076 2299 Dei
1093 2253 1148 2298 sa-

147 2332 287 2413 lutare,
314 2348 348 2404 et
364 2334 438 2402 eius
454 2331 652 2400 doctrinam
668 2331 825 2402 studiose
837 2331 1025 2405 discamus.
1063 2330 1148 2399 Vir-

146 2448 245 2507 tutes
268 2435 370 2504 etiam
387 2434 489 2503 nobis
511 2433 722 2502 necessarias
737 2458 802 2525 pro
820 2445 939 2502 nostra
957 2433 1148 2503 mediocri-

146 2550 226 2608 tate
241 2535 436 2605 imitemur:
462 2535 627 2605 timorem
641 2533 723 2621 Dei,
749 2537 853 2605 fidem
871 2548 905 2605 et
928 2538 1091 2605 ardorem
1109 2535 1148 2604 in

147 2637 400 2716 invocatione,
432 2637 667 2727 integritatem
692 2637 729 2706 in
753 2636 972 2722 ministerio,
1007 2637 1148 2709 castita-

148 2752 247 2819 tem,
273 2736 489 2827 diligentiam
506 2740 642 2809 vitandi
664 2741 828 2811 seditiosa
853 2741 1018 2825 consilia,
1045 2740 1147 2835 cupi-

146 2839 297 2907 ditatem
312 2841 481 2914 discendi.
534 2841 653 2934 thue
668 2845 712 2912 de
728 2844 874 2914 caeteris
888 2844 956 2935 piis
970 2845 1147 2932 guberna-

143 2939 290 3011 toribus
305 2939 500 3025 Ecclesiae,
526 2967 678 3034 quorum
696 2959 815 3014 extant
831 2941 1017 3030 historiae,
1044 2970 1147 3036 saepe

141 3041 374 3132 multumque
389 3042 613 3128 cogitandum
627 3056 689 3125 cst,
715 3047 760 3112 de
777 3042 935 3126 leremia,
960 3047 1004 3113 dc
1020 3044 1147 3137 Bapti-

143 3154 220 3226 sta,
254 3145 298 3209 de
320 3141 450 3223 Paulo,
483 3141 531 3209 ita
553 3166 656 3233 saepe
681 3138 788 3211 huius
805 3145 872 3211 viri
890 3145 1088 3215 doctrinam
1112 3157 1147 3215 et

145 3267 294 3315 cursum
325 3243 603 3329 consideremus,
629 3255 664 3314 et
689 3245 880 3334 gratiarum
907 3247 1083 3316 actionem
1112 3259 1147 3316 et

144 3345 389 3437 precationem
412 3345 664 3435 adiungamus,
696 3348 793 3438 quod
822 3369 919 3416 nunc
940 3370 1083 3441 quoque
1106 3347 1145 3415 in

1200 1005 1303 1074 fixam
1321 999 1413 1074 hanc
1428 1005 1637 1076 sententiam
1654 1006 1781 1077 animis
1798 1021 1996 1094 teneamus,
2023 1008 2193 1100 tantisper

1200 1108 1314 1176 donec
1347 1130 1472 1198 puram
1502 1102 1689 1197 Evangelii
1720 1109 1919 1179 doctrinam
1951 1110 2196 1198 retinebimus,

1199 1208 1401 1294 audiemus,
1426 1207 1613 1295 discemus,
1638 1211 1849 1296 amabimus,
1873 1212 1949 1281 fore
1966 1235 2031 1281 nos
2043 1209 2111 1282 Dei
2126 1213 2194 1283 do·

1199 1309 1373 1382 micilium
1391 1323 1425 1380 et
1440 1306 1653 1396 Ecclesiam,
1678 1313 1767 1385 sicut
1788 1312 1907 1407 inquit
1925 1313 2020 1405 filius
2036 1312 2121 1384 Dei:
2152 1312 2194 1385 Si

1200 1412 1280 1506 quis
1297 1412 1414 1503 diligit
1427 1436 1505 1498 me,
1527 1435 1727 1484 sermonem
1743 1439 1858 1484 meum
1876 1415 2047 1500 servabit,
2073 1431 2107 1488 et
2124 1413 2194 1486 Pa·

1199 1531 1253 1586 ter
1266 1536 1367 1586 meus
1383 1513 1509 1604 diliget
1523 1538 1615 1599 eum,
1641 1529 1674 1586 et
1689 1518 1733 1588 ad
1748 1540 1830 1587 eum
1845 1517 2027 1587 veniemus
2043 1530 2077 1587 et
2090 1541 2194 1586 man-

1198 1617 1336 1686 sionem
1353 1618 1446 1708 apud
1464 1639 1547 1687 eum
1564 1615 1745 1689 iaciemus.
1797 1616 1874 1688 Hac
1889 1641 1956 1688 nos
1977 1618 2192 1710 amplissima

1197 1717 1432 1810 promissione
1466 1719 1511 1787 ad
1547 1718 1749 1789 discendam
1782 1719 1980 1790 doctrinam
2008 1721 2193 1792 coelestem

1198 1821 1449 1905 accendamus,
1470 1833 1505 1890 et
1520 1819 1669 1892 sciamus
1691 1835 1833 1912 propter
1845 1816 2040 1891 Ecclesiam
2060 1823 2193 1892 servari

1197 1944 1307 2011 genus
1322 1918 1519 1992 humanum
1535 1933 1570 1991 et
1585 1923 1746 2014 politias,
1771 1936 1806 1993 et
1830 1923 1928 1992 illam
1949 1924 2193 1995 aeternitatem

1196 2025 1351 2094 futuram
1376 2023 1556 2092 mentibus
1579 2024 1802 2109 intueamur,
1827 2025 1994 2119 adquam
2018 2025 2193 2096 nosDeus

1197 2124 1352 2196 vocavit:
1388 2122 1463 2213 Qui
1485 2123 1630 2219 quidem
1654 2151 1720 2197 nec
1741 2126 1872 2195 lrustra
1896 2139 2023 2196 setam
2043 2125 2193 2196 illustri·

1196 2226 1264 2298 bus
1290 2225 1499 2296 testimoniis
1520 2228 1702 2316 patefecit,
1729 2251 1794 2297 nec
1812 2226 1941 2297 frustra
1958 2227 2071 2298 filium
2087 2228 2193 2311 misit,

1196 2330 1258 2398 sed
1279 2351 1360 2398 vere
1381 2327 1500 2418 diligit
1522 2340 1558 2399 et
1586 2344 1684 2403 curat
1713 2325 1799 2400 baec
1821 2328 1990 2400 beneficia
2018 2330 2192 2422 magnita-

1196 2430 1338 2505 cientes.
1389 2425 1486 2501 Dixi.

1194 2831 1263 2903 No.
1287 2829 1350 2904 90.

1197 2928 1338 2959 νυν
1974 2928 2186 2968 Μ

1479 3032 1526 3114 V
1521 3035 1589 3117 ita
1614 3033 1906 3149 Hieronymi.

1265 3200 1296 3254 ln
1318 3199 1414 3258 select.
1436 3200 1587 3257 Declamat.
1605 3201 1640 3255 T.
1656 3201 1705 3259 ΙΙΙ.
1730 3223 1756 3273 p.
1767 3205 1800 3259 71
1813 3205 1945 3329 aqffiin
1964 3205 2083 3263 Serrest.
2096 3206 2129 3262 T.
2143 3205 2191 3261 ΙΙΙ.

1872 3312 1881 3344 2

1295 3272 1396 3392 pul„
1413 3269 1443 3324 io
1453 3268 1533 3326 Torn.
1547 3271 1596 3327 lll.
1611 3270 1780 3327 Erfordiano
1794 3273 1835 3328 tit.

1340 3339 1375 3394 m
1400 3357 1418 3412 p
1440 3337 1491 3393 m
1910 3286 1960 3332 ,et
1976 3275 2048 3347 apud
2062 3274 2190 3332 ttieaara.

148 3437 221 3516 hac
232 3447 430 3538 frequentia
445 3447 519 3516 lieri
536 3450 649 3518 decet.
685 3447 827 3518 Mecum
844 3447 953 3539 igitur
970 3472 1052 3519 vera
1068 3449 1146 3541 pie·
1167 3534 1170 3557 ἱ
1196 3501 1325 3571 omno
1341 3497 1389 3572 de
1404 3503 1485 3573 νῆα
1495 3503 1547 3572 Β.
1563 3505 1831 3597 Hieronymi
1843 3500 2191 3594 Stridonmm

147 3559 223 3619 tate
235 3549 435 3619 animorum
454 3549 571 3624 dicite.
1431 3607 1439 3623 ⁸
1877 3609 1885 3625 ⁸
1977 3610 1985 3626 .

207 3702 210 3709 -
250 3646 393 3722 Gratias
408 3651 545 3739 agimus
560 3652 983 3745 tibiomnipotensDeus,
1005 3667 1145 3724 aeterne
1166 3594 1171 3687 l
1358 3611 1527 3676 'mmm
1554 3626 1579 3675 α
1604 3609 1785 3677 mm
1811 3609 2026 3703 sullam·

137 3744 255 3824 'Pater
270 3747 414 3820 Domini
439 3753 551 3823 nostri
570 3753 648 3823 lesu
663 3750 816 3841 Christi,
840 3756 1007 3826 conditor
1020 3752 1144 3825 Eccle-
1166 3694 1171 3765 Ι
1195 3734 1295 3826 Cum
1312 3775 1376 3846 per
1390 3774 1465 3823 sese
1480 3747 1622 3825 honesti
1637 3765 1720 3825 sunt
1743 3748 1782 3823 hi
1803 3776 2030 3844 congressus,
2055 3753 2190 3826 doctri-

142 3852 223 3925 siae
237 3866 329 3937 tuae,
354 3877 426 3924 rana
441 3878 523 3924 cum
537 3855 610 3924 filio
626 3869 687 3927 tuo
703 3872 888 3928 coaeterno
902 3855 1061 3929 Domino
1077 3882 1143 3926 no·
1194 3880 1262 3926 nae
1283 3868 1318 3925 et
1341 3854 1552 3947 disciplinae
1578 3879 1681 3927 causa
1706 3856 1879 3944 instituti,
1911 3870 1987 3929 tum
2012 3880 2097 3926 vero
2121 3851 2189 3928 hoc

141 3968 224 4028 stro
239 3952 318 4024 lesu
327 3951 484 4041 Christo,
505 3969 540 4026 et
554 3954 692 4048 Spiritu
706 3972 840 4039 sancto,
863 3960 1013 4051 sapiens,
1039 3961 1144 4045 bone,
1195 3971 1352 4049 tempore
1393 3955 1608 4026 levationem
1647 3957 1803 4051 aliquam
1843 3950 2042 4029 moesticiae
2082 3959 2188 4030 bonis

141 4056 359 4138 misericors,
386 4058 493 4128 iudex
510 4081 628 4142 verax,
653 4060 755 4130 sortis
769 4074 802 4131 et
818 4060 1019 4147 liberrime,
1044 4064 1142 4155 quod
1192 4059 1374 4129 mentibus
1387 4059 1564 4137 adierunt,
1583 4060 1679 4152 quod
1694 4058 1814 4131 multis
1826 4060 1870 4130 de
1886 4060 2000 4130 causis
2014 4060 2060 4131 fit.
2093 4058 2187 4130 Nam

142 4157 287 4248 colligis
311 4159 385 4228 lilio
408 4172 473 4230 tuo
491 4155 744 4231 haereditatem
767 4187 808 4231 ex
827 4184 954 4251 genere
970 4158 1142 4248 humano,
1193 4173 1400 4253 conspectus
1415 4159 1490 4251 ipse
1504 4160 1850 4232 bonorumvirorum
1865 4175 2064 4250 gratuscst:
2083 4161 2188 4232 deiu-

140 4274 180 4333 et
205 4283 325 4329 servas
345 4256 531 4351 Evangelii
550 4261 806 4346 ministerium,
832 4277 864 4334 et
887 4289 983 4335 nunc
999 4274 1141 4358 quoque
1193 4264 1237 4333 dc
1259 4261 1433 4333 sermonis
1464 4262 1737 4332 communicatio
1763 4262 2021 4351 aegritudinem
2047 4264 2187 4334 animo-

140 4356 416 4454 perLutherum
433 4363 651 4434 instaurasti:
678 4388 718 4434 ac
732 4366 939 4436 ardentibus
953 4368 1044 4438 votis
1059 4391 1141 4457 pre-
1193 4389 1272 4434 rum
1291 4363 1396 4447 lenit,
1422 4375 1456 4432 et
1472 4363 1607 4433 mutuis
1627 4364 1794 4455 exemplis
1811 4367 2016 4438 accenditur
2039 4366 2185 4435 invoca·

140 4486 289 4548 camur,
317 4479 357 4534 ut
379 4465 546 4555 deinceps
567 4462 762 4536 Ecclesiam
784 4480 818 4537 et
842 4489 958 4537 serves
975 4481 1009 4538 et
1030 4490 1141 4557 regas,
1192 4463 1255 4539 tio.
1307 4463 1416 4555 Quod
1434 4463 1543 4554 igitur
1557 4478 1591 4535 et
1604 4466 1793 4558 praecipue
1807 4468 2042 4537 necessarium
2057 4480 2126 4551 est,
2151 4482 2186 4540 et

140 4576 181 4637 et
202 4565 367 4656 obsignes
388 4566 426 4634 in
453 4569 557 4636 nobis
580 4591 699 4637 veram
722 4569 942 4659 doctrinam,
972 4570 1062 4639 sicut
1085 4567 1140 4638 le-
1192 4567 1343 4638 maxime
1357 4565 1462 4656 erigit
1475 4567 1625 4651 animoa,
1649 4567 1804 4659 primum
1819 4568 1864 4638 sit
1880 4569 1918 4637 in
1936 4563 2003 4638 hoc
2019 4591 2184 4658 congres-

139 4664 235 4739 satas
252 4668 297 4737 de
312 4668 385 4737 suis
401 4669 583 4760 discipulis
600 4682 773 4760 precatur.
800 4684 836 4742 et
852 4685 990 4743 nostras
1003 4684 1140 4742 mentes
1191 4694 1246 4754 su,
1269 4668 1434 4739 videlicet
1447 4679 1489 4738 ut
1502 4668 1610 4739 simul
1625 4682 1706 4739 vota
1720 4669 1900 4755 iaciamus,
1925 4684 1965 4740 ut
1978 4666 2075 4739 Deus
2089 4683 2184 4761 regat

140 4766 287 4861 Spiritu
311 4784 430 4840 sancto
453 4782 515 4839 tuo
540 4773 724 4851 accendas,
757 4786 797 4844 ut
827 4786 859 4842 te
880 4787 975 4845 recte
994 4773 1139 4843 invoce-
1191 4795 1232 4842 ac
1245 4783 1360 4842 servet
1373 4765 1567 4840 Ecclesiam
1592 4783 1627 4840 et
1645 4766 1823 4857 scholam,
1848 4783 1882 4842 et
1899 4765 2095 4862 hospitium
2115 4768 2183 4845 hoc

140 4891 226 4941 mus
244 4884 278 4941 et
295 4893 409 4939 mores
425 4887 564 4942 nostros
583 4873 639 4963 pie
650 4897 827 4961 regamus.
1192 4887 1365 4956 nostrum,
1384 4885 1417 4941 et
1433 4866 1499 4941 hos
1514 4872 1664 4963 parietes
1677 4873 1739 4966 qui
1755 4874 2029 4947 adolescentiam
2043 4873 2183 4945 discen·

247 4969 387 5042 Deinde
401 4974 484 5065 quia
498 4999 707 5062 magnorum
723 4977 1001 5064 gubernatorum
1012 4975 1139 5045 interi·
1191 4991 1261 5047 tem
1276 4975 1396 5045 literas
1410 4987 1444 5043 et
1458 4973 1657 5044 doctrinam
1673 4975 1871 5056 coelestem,
1895 4988 1928 5045 et
1943 4988 2082 5046 nostras
2096 5002 2183 5047 con·

138 5086 202 5147 tua
224 5097 327 5166 saepe
350 5075 569 5146 denunciant
595 5078 791 5166 posteritati
815 5102 966 5170 poenas,
993 5102 1055 5148 vos
1071 5079 1138 5147 ob-
1191 5078 1289 5167 iuges
1315 5090 1350 5146 et
1372 5098 1500 5166 parvos
1525 5074 1658 5147 liberos
1679 5091 1818 5148 nostros
1838 5090 1978 5167 tegunt,
2004 5078 2182 5149 defendat.

136 5187 330 5262 testamur,
360 5190 396 5247 et
419 5201 542 5247 omnes
563 5180 694 5271 quibus
714 5181 864 5250 docendi
887 5203 1018 5250 munus
1040 5202 1138 5249 com-
1188 5177 1263 5249 Nec
1292 5176 1437 5250 inanem
1460 5200 1535 5247 esse
1560 5179 1796 5268 precationem
1823 5192 1980 5249 nostram
2004 5179 2182 5250 existime-

136 5279 349 5349 mendatum
366 5292 437 5362 est,
462 5293 503 5350 ut
519 5282 562 5349 de
583 5282 748 5372 periculis
766 5283 863 5353 orbis
885 5295 1059 5352 terrarum
1076 5305 1137 5351 co-
1189 5303 1281 5355 mus.
1322 5277 1414 5352 Cum
1429 5279 1526 5348 enim
1540 5278 1622 5350 ideo
1636 5279 1790 5350 exerceri
1804 5277 1899 5350 Deua
1914 5276 2106 5352 Ecclesiam
2124 5280 2181 5349 in-

136 5380 272 5470 gitetis.
324 5375 426 5451 Alibi
448 5379 560 5451 Tucci
583 5398 807 5472 grassantur,
842 5383 928 5455 alibi
951 5383 1138 5454 minantur
1189 5381 1353 5472 gentibus
1368 5379 1536 5473 periculis
1548 5381 1663 5465 sinat,
1688 5393 1728 5452 ut
1750 5382 1978 5454 liberationes
1992 5382 2182 5454 ostendant

137 5480 236 5554 bella
256 5483 449 5554 domestica
470 5483 531 5554 alii
556 5478 691 5571 hostes,
722 5485 851 5578 passim
873 5487 979 5558 etiam
1008 5507 1135 5576 magna
1187 5479 1255 5556 Dei
1278 5482 1511 5578 praesentiam
1535 5482 1575 5551 in
1588 5479 1768 5572 Ecclesia,
1791 5484 1870 5556 vult
1885 5505 1923 5554 se
1938 5483 2116 5571 invocari,
2141 5499 2181 5557 ut
