4664 6022
145 294 223 381 edd
798 278 960 361 DECL.
997 278 1074 361 DE
1104 276 1539 361 utt'srtrttnttttt
2109 282 2179 369 tit

146 470 261 547 ausis
278 464 537 565 coelestiboset
553 460 731 534 similibus
751 458 850 537 loeis.
891 454 1040 535 Udosm
1054 480 1141 528 vero
1238 458 1722 529 Dttnsioruorurobrtsteooesr
1736 465 1985 549 erumpam
1998 478 2122 551 ιαμ,

146 572 353 667 diligentiae
374 578 640 665 praeceptorum
657 562 696 634 in
709 558 1012 657 disputationibus
1024 573 1141 632 restra
1240 562 1457 651 spinamque
1471 587 1576 631 ooooo
1587 580 1620 631 es
1633 570 1668 629 to
1683 588 1759 630 oros
1772 580 1956 653 papam
1969 588 2036 651 m,

146 674 317 753 ualulltss
331 668 569 765 respondem.
600 662 693 735 Nam
707 663 745 735 in
760 660 939 759 hacparte
948 662 1141 759 praecipue
1238 664 1545 755 Qutpnmrm
1558 673 1936 757 ...mmmm

145 780 267 851 deesse
299 774 402 845 ecelsis
433 768 673 841 adolescentes
706 766 776 861 ipsi
801 766 997 854 videmini,
1030 786 1141 859 eaque
1238 768 1313 836 Eu·
1326 776 1468 837 mm,

145 901 249 954 esoss
264 888 337 959 est,
359 886 400 947 ut
422 886 458 941 ιι
472 882 738 963 praeceptorum
752 870 870 941 studia
891 869 979 941 baut
1000 868 1047 938 ad
1063 867 1137 938 dis·
1190 864 1312 957 Quare
1330 891 1407 939 nou
1429 868 1551 938 suiuus
1572 866 1734 940 crudeles
1753 882 1839 941 suut
1859 868 1995 963 ingrati
2014 868 2176 943 adram

144 978 345 1081 putssulusn
379 972 614 1061 languidiora.
673 970 808 1061 Magna
831 970 964 1056 virtus,
1002 967 1140 1059 egregia
1189 984 1453 1063 praeceptores,
1484 993 1592 1064 quam
1614 969 1677 1065 qui
1707 972 1914 1065 parentibus
1936 972 2070 1065 ingrati
2089 986 2177 1051 soor

144 1082 307 1155 slcsetrina
327 1090 432 1171 atque
458 1070 661 1145 luunanitas
685 1088 793 1144 estet
817 1075 857 1143 in
880 1074 1032 1142 aliarum
1055 1095 1140 1163 pru·
1190 1069 1287 1142 llaec
1306 1085 1425 1144 autem
1446 1072 1607 1164 impietae
1631 1075 1819 1166 praecipue
1842 1070 2101 1147 aClrristianio
2120 1076 2176 1147 ab.

144 1184 337 1257 lessionurn
362 1176 598 1260 Doctoribus,
635 1174 888 1247 lureconsultis
918 1189 953 1245 ot
978 1172 1140 1247 Medicis.
1190 1197 1265 1245 esse
1280 1176 1403 1260 debet,
1425 1176 1464 1244 in
1480 1174 1611 1269 quibus
1625 1175 1681 1244 vel
1696 1177 1848 1246 maxime
1861 1177 2021 1249 eminere
2036 1177 2177 1269 gratitu-

146 1286 284 1363 Deinde
299 1304 373 1351 non
389 1276 678 1351 soluendoctrina
694 1292 961 1370 praeceptorum
975 1275 1141 1359 fruimur,
1189 1278 1312 1346 dinem
1327 1289 1478 1369 oportet,
1502 1290 1544 1347 ut
1558 1276 1806 1368 intelligantur
1815 1280 1921 1349 etiam
1932 1276 2080 1351 Christo
2094 1278 2176 1371 gesti

145 1392 205 1461 sed
243 1383 366 1455 snultis
400 1382 507 1453 etiarn
542 1379 623 1449 aliis
661 1378 788 1449 olliciis
827 1378 959 1469 singuli
994 1377 1140 1450 utimur.
1191 1401 1344 1469 essepro
1362 1378 1620 1465 iiabeneieiis,
1646 1380 2010 1473 quaeabeoinliuita
2024 1381 2176 1477 quotidie

143 1492 286 1581 (parare,
319 1483 576 1579 utaliquando
603 1482 742 1561 lissiam,
774 1477 947 1552 adhortor
972 1502 1056 1565 vos,
1088 1491 1141 1565 ut,
1191 1481 1397 1573 accipimus.
1427 1477 2175 1576 Haecsaepemultumquevobiscogitouds
2212 1498 2214 1503 '

143 1594 241 1691 «parad
260 1602 312 1659 est
326 1586 558 1657 iustissimum
573 1601 607 1654 ct
624 1580 933 1666 lsumauissimum‚
949 1581 1040 1653 detis
1054 1605 1140 1673 ope·
1190 1594 1275 1652 ιιιιιι
1288 1582 1547 1662 adolescentes,
1567 1596 1608 1652 ut
1621 1584 1781 1654 animum
1797 1589 1840 1653 ad
1855 1585 2114 1675 gratitudinem
2126 1608 2176 1657 er·
2211 1620 2214 1633 =

141 1720 232 1779 raro,
249 1706 289 1763 ut
303 1701 573 1785 praeceptorum
590 1709 672 1775 erga
688 1710 751 1755 vos
767 1684 1047 1769 benevolentiae,
1063 1707 1140 1755 me-
1191 1684 1324 1770 citetis,
1348 1686 1443 1777 quod
1462 1684 1491 1753 si
1507 1682 1676 1770 feceritis,
1700 1685 1807 1755 simul
1828 1686 1919 1757 illud
1935 1688 2176 1783 assequemini,

142 1798 239 1884 ritis,
273 1792 476 1877 laboribus,
511 1787 710 1859 assiduitati
736 1788 916 1878 gratitudo
942 1802 1058 1857 vestra
1082 1810 1139 1856 re·
1190 1801 1231 1857 ut
1255 1787 1436 1856 literarum
1459 1801 1564 1879 atque
1587 1788 1716 1857 artium
1732 1787 1804 1855 vien
1828 1790 1940 1879 magis
1962 1789 2174 1879 intelligatis

142 1900 327 1995 spuruleat.
359 1890 570 1967 Aristrsteles
584 1890 721 1977 scribit,
738 1888 895 1961 Graecos
913 1889 1042 1982 templa
1059 1910 1140 1978 gra-
1189 1886 1281 1960 Cum
1299 1888 1462 1957 videlicet
1483 1889 1680 1977 expenditis
1697 1890 1948 1961 beneficiorum
1964 1892 2175 1981 magnitudi-

141 2004 273 2079 tiarnsu
290 2000 328 2069 in
345 1996 471 2067 mediis
488 1992 965 2077 urbibuseesnderesolitos,
987 1991 1139 2062 utcioes
1190 2014 1285 2059 nem.
1333 1986 1474 2059 Deinde
1495 1990 1674 2080 gratitudo
1698 1991 1814 2061 llectet
1840 1992 1982 2063 animos
2011 1994 2119 2085 etiam
2137 1995 2174 2063 ad

141 2118 287 2179 motasse
309 2095 562 2173 leeneficcntiae
583 2108 689 2189 atquo
712 2093 940 2187 gratitudinis
967 2095 1139 2164 admone·
1190 2107 1344 2177 caeteras
1357 2091 1524 2177 uirtutes3
1555 2105 1607 2162 ιιι
1623 2093 1717 2161 ιιιίιιι
1732 2094 1813 2162 ions
1827 2094 2001 2171 iusticiae.
2052 2092 2172 2167 Liben-

142 2220 277 2283 merse.
329 2202 382 2277 lta
396 2216 432 2275 ct
446 2219 509 2271 vos
524 2198 564 2267 in
581 2197 709 2269 mediis
725 2192 857 2268 selrolis
872 2197 1041 2267 collocata
1060 2218 1140 2287 gra·
1191 2195 1262 2266 tius
1282 2194 1389 2263 etiam
1413 2216 1453 2263 ac
1474 2191 1613 2263 facilius
1637 2194 1803 2286 parebitis
1824 2196 2130 2289 praeceptoribus,
2148 2196 2174 2267 si

140 2312 272 2383 tiarrun
288 2304 419 2399 templs
439 2300 657 2387 existimate,
683 2324 764 2373 curu
780 2301 825 2371 de
845 2298 1062 2390 gratitudine
1076 2321 1140 2368 au·
1190 2311 1296 2367 etvos
1310 2296 1356 2365 ab
1372 2294 1458 2387 ipsis
1472 2295 1582 2364 amari
1599 2295 1803 2386 intelligetis
1814 2296 2016 2369 etricissim
2031 2300 2173 2371 ιοιιιι-

138 2412 225 2485 ditis
240 2408 493 2481 corseiouantes
509 2416 544 2473 et
561 2425 678 2473 saeros
696 2403 807 2473 libros
822 2415 856 2473 et
871 2415 1051 2483 auctores,
1076 2398 1139 2493 qui
1190 2398 1367 2469 narrabitis.
1418 2396 1547 2467 Talem
1568 2412 1686 2470 autem
1700 2398 1928 2469 Academiam
1951 2400 2096 2495 qualem
2117 2422 2174 2471 m

143 2516 486 2585 vulnerarentur.
541 2498 690 2575 Srlsolas
706 2504 801 2575 euim
817 2505 918 2575 decet
938 2526 1012 2573 esse
1027 2502 1137 2573 offici·
1191 2497 1345 2583 babetis,
1371 2499 1437 2571 ubi
1460 2512 1556 2569 tanta
1578 2499 1737 2569 discendi
1763 2500 1910 2573 lacultas
1926 2516 1982 2574 ιιι
2005 2499 2174 2587 studiosis,

143 2642 226 2705 ιιιι,
253 2628 291 2687 ιιι
308 2626 525 2681 caeterarum
542 2606 733 2688 virtutum,
758 2604 808 2675 ita
823 2606 975 2675 maxime
990 2604 1140 2696 gratitu·
1189 2603 1254 2674 ubi
1278 2624 1360 2671 vere
1381 2614 1465 2672 sunt
1490 2601 1605 2687 fores,
1630 2615 1670 2672 ut
1691 2601 1839 2683 dicitur,
1868 2602 2046 2699 ἄφθονοι
2065 2626 2174 2677 nm..

142 2718 251 2789 ‘flult-
305 2714 453 2783 Nullum
485 2708 581 2777 ιιιιῑιιι
604 2707 732 2779 vllium
759 2706 870 2797 magis
894 2719 1030 2801 pugnat
1059 2729 1140 2774 cum
1190 2728 1294 2788 rum,
1326 2726 1401 2772 uou
1416 2726 1553 2787 amare,
1578 2700 1690 2772 animi
1705 2717 1758 2774 est
1772 2715 1841 2774 eta
1863 2706 1976 2776 literis
1990 2718 2028 2777 et
2047 2706 2096 2779 ab
2114 2700 2173 2779 hu·

145 2832 273 2891 reaturo
288 2830 320 2885 et
337 2814 502 2883 uarietate
521 2802 669 2877 lrrsrnani
686 2808 837 2899 generis,
857 2798 965 2901 quam
985 2806 1142 2897 ingrati·
1190 2805 1361 2876 mussitate
1375 2799 1618 2875 abhorrentis:
1634 2802 1710 2876 Vos
1724 2820 1840 2877 autem
1855 2819 2049 2899 parentum
2062 2820 2175 2881 ,m-

144 2924 247 2993 tudo.
300 2916 371 2987 Nec
388 2916 434 2981 de
450 2906 565 2981 nilrilo
590 2923 660 2993 est,
685 2909 782 3003 quod
805 2910 975 2979 dixerunt
991 2920 1141 2977 veteres:
1190 2907 1313 2992 ritate,
1338 2899 1407 2976 hoc
1421 2919 1491 2992 est,
1516 2905 1640 2976 divina
1655 2907 1862 2978 ιιιιιοιίιιιι
1878 2904 1949 2979 huc
1969 2908 2075 2981 missi
2089 2908 2174 2995 estis,

146 3019 292 3093 lliueris
320 3014 507 3085 maledicta
532 3022 657 3079 currcta
685 3034 766 3080 cum
793 3009 972 3100 ingratum
997 3009 1140 3077 dixeris.
1189 3021 1281 3080 utet
1302 3007 1421 3077 literas
1445 3008 1665 3101 percipiatis,
1688 3024 1724 3081 et
1747 3009 1886 3081 animos
1901 3014 1943 3079 ad
1963 3011 2173 3085 victuma

146 3120 245 3209 tpnid
263 3120 359 3213 quod
379 3114 484 3185 etiam
505 3110 772 3180 immanissimis
789 3111 904 3181 beluis
924 3112 1037 3180 indita
1058 3123 1143 3180 suut
1192 3106 1427 3181 humanitatis
1439 3110 1555 3179 officia
1569 3110 1815 3181 assuefaciotia.
1854 3108 2041 3205 anuein
2057 3136 2169 3185 „m

146 3219 373 3317 gratitudinis
401 3209 640 3285 simulachra?
691 3211 911 3284 Meministis
935 3213 1075 3283 leonem
1104 3213 1142 3280 in
1191 3212 1305 3281 solum
1328 3224 1465 3281 vestrae
1484 3211 1592 3283 saluti
1614 3212 1825 3299 consuletis,
1848 3216 1910 3284 sed
1932 3214 2046 3285 etiam
2069 3210 2174 3289 ahs·

145 3326 240 3396 circo
270 3320 466 3393 reddidisse
493 3316 643 3407 gratiam
671 3313 842 3405 lugitiro,
875 3337 986 3408 aquo
1010 3313 1143 3385 vulnus
1192 3314 1278 3407 pub.
1292 3336 1357 3383 vos
1371 3313 1412 3382 in
1430 3307 1496 3383 hac
1509 3314 1664 3383 statione
1676 3314 1865 3386 collocatos
1879 3329 2016 3408 putate,
2042 3318 2173 3389 utolior

148 3428 260 3519 ipsius
288 3438 450 3495 curatum
487 3421 621 3501 luerat3
666 3416 913 3507 turpissimum
942 3427 1060 3486 autem
1091 3427 1144 3485 cst
1191 3415 1375 3485 exstudiis
1391 3415 1516 3485 vestris
1530 3414 1649 3511 aliqua
1663 3418 1784 3487 redeat
1798 3418 1945 3493 utilitas.
1986 3414 2173 3493 Errat&-

147 3530 254 3601 rsolsis
268 3527 361 3595 vinci
382 3522 515 3593 iustitia
532 3533 566 3589 ct
581 3517 711 3610 pietate
725 3540 745 3587 a
761 3516 888 3589 beluis.
932 3514 1143 3588 Laudentur
1191 3517 1332 3587 cleaiam
1354 3529 1390 3587 ct
1413 3529 1565 3588 caeteras
1587 3516 1746 3612 lleipub.
1768 3532 1885 3611 partes
1906 3518 2027 3591 otium
2056 3520 2174 3615 potatis

146 3642 183 3699 et
197 3627 355 3699 ciconiae
370 3626 409 3693 in
427 3622 557 3715 qrribus
574 3618 666 3711 pulli
682 3618 833 3709 adultis,
858 3638 951 3711 quse
968 3641 1033 3709 per
1047 3630 1143 3688 aeta-
1192 3640 1265 3687 esse
1287 3613 1463 3703 scholam,
1487 3618 1549 3687 sed
1566 3614 1655 3688 mihi
1678 3620 1828 3709 credite,
1850 3618 1977 3713 ingens
1999 3620 2171 3717 negot'ur

148 3744 221 3802 tem
252 3738 435 3819 nequeunt
463 3722 673 3813 pabulorum
702 3719 816 3803 exire,
849 3717 948 3788 cilum
976 3718 1144 3791 afferunt.
1191 3718 1383 3797 sustinetis,
1407 3720 1550 3812 etquod
1570 3722 1614 3790 ad
1632 3722 1833 3793 universam
1847 3718 2032 3815 Rempub.
2047 3724 2171 3799 amur

148 3834 202 3905 lta
219 3851 284 3899 vos
299 3849 443 3921 quoque
467 3821 700 3891 memineritis
719 3816 1054 3918 drrsnelupppre‘os‘
1074 3813 1144 3889 hoc
1192 3818 1312 3909 Quare
1328 3841 1391 3887 vos
1405 3811 1543 3905 hortor,
1565 3836 1606 3893 ut
1624 3838 1769 3916 propter
1783 3824 1933 3917 glorim
1949 3822 2022 3896 Dei
2039 3840 2074 3899 ιι
2087 3826 2171 3899 ulo-

147 3947 200 4005 est
229 3944 353 4001 mutua
381 3928 512 4020 pietate
538 3923 707 3992 colendos
736 3934 841 4015 atque
871 3922 1043 3991 fovendos
1069 3942 1144 3989 esse
1191 3932 1262 3991 tem
1278 3933 1442 4005 vestram,
1467 3922 1622 3992 ollicium
1636 3939 1790 3997 vestrum
1804 3926 1962 4001 studiose
1973 3926 2170 4021 diligent:-

147 4046 393 4129 praeeeptores
415 4026 666 4099 benemeritos.
717 4021 902 4093 Postremo
926 4022 1143 4111 gratitudine
1191 4046 1262 4116 que
1278 4021 1426 4092 faciatis.
1465 4021 1636 4097 lnvitabit
1651 4041 1764 4099 vestra
1781 4028 1961 4119 gratitudo
1976 4044 2169 4127 praecepto-

149 4134 405 4228 impetrabitis,
430 4144 470 4201 ut
484 4126 582 4197 Deus
599 4126 708 4213 stragis
725 4125 839 4193 lasuat
859 4124 985 4194 studiis
1005 4124 1143 4206 vestris,
1192 4148 1272 4193 rum
1290 4124 1425 4209 studia,
1449 4138 1488 4195 ut
1503 4140 1537 4196 et
1551 4126 1794 4201 instructiores
1806 4130 1850 4201 ad
1864 4131 2072 4205 docendum
2084 4156 2169 4207 aore-

149 4260 261 4331 eaque
277 4236 320 4305 ad
339 4235 487 4303 salutem
503 4243 654 4300 vestram
669 4242 704 4297 et
719 4226 826 4295 totius
840 4222 994 4315 Reipub.
1013 4227 1143 4316 sober·
1190 4226 1298 4311 dant,
1320 4239 1355 4296 ιι
1374 4224 1483 4316 magis
1502 4226 1574 4297 siut
1590 4230 1734 4301 assidui.
1782 4228 1979 4327 Reliquum
1993 4244 2065 4323 ιιι,
2085 4220 2166 4309 ‚utet

148 4353 300 4411 naturus
316 4336 372 4409 sit.
421 4331 468 4404 Ut
483 4334 578 4400 ersim
598 4331 756 4417 ingratos
772 4321 867 4396 haud
884 4328 994 4397 dubie
1007 4328 1143 4419 praniet,
1192 4350 1254 4419 rgo
1277 4328 1406 4418 gratias
1429 4350 1530 4417 agam
1558 4331 1784 4424 amplissimis
1803 4347 1840 4405 et
1861 4330 2079 4408 doctissimis
2095 4334 2171 4409 rir‘s

148 4446 199 4515 ita
222 4454 340 4532 gratos
363 4448 457 4505 amat
480 4457 519 4502 ac
538 4446 671 4503 tuetur.
732 4427 869 4499 Videtis
889 4454 995 4523 quarn
1018 4430 1143 4519 ingens
1192 4455 1256 4521 pro
1287 4428 1466 4499 beneficiis
1495 4428 1533 4498 in
1565 4455 1621 4502 me
1652 4434 1819 4525 privatim
1841 4434 1992 4513 collatis.
2045 4436 2176 4531 Quan-
2216 4502 2218 4521 2

148 4542 347 4639 praemium
364 4536 676 4627 addideritquarto
693 4544 896 4627 praecepto:
918 4530 1064 4601 Honora
1080 4556 1143 4623 pa·
1192 4556 1298 4625 (param
1313 4546 1429 4601 autem
1444 4524 1529 4601 haec
1547 4536 1836 4609 commemoratio
1855 4535 1933 4608 lere
1954 4534 2113 4613 officium
2124 4538 2180 4609 oi-

147 4662 239 4719 trem
265 4652 484 4720 etmatrem,
516 4651 556 4705 ut
581 4637 628 4705 sis
651 4634 844 4724 longaevus
866 4656 974 4725 super
993 4648 1141 4718 terram3
1192 4638 1313 4716 aletur,
1351 4646 1469 4701 tamen
1502 4636 1672 4728 quoniam
1700 4637 1996 4729 significationem
2028 4642 2185 4739 aliqum

149 4744 218 4819 boc
231 4761 302 4831 est,
327 4756 368 4815 ut
383 4742 492 4814 totius
506 4739 599 4807 vitae
621 4758 744 4807 cursus
759 4736 896 4805 faustus
911 4760 951 4804 ac
966 4734 1071 4803 foelix
1087 4736 1142 4805 sit.
1192 4731 1299 4804 babet
1319 4750 1436 4824 garitae
1461 4736 1608 4823 asseritis,
1633 4740 1841 4831 pracsertim
1861 4764 1944 4812 cum
1963 4740 2027 4818 fiat
2044 4742 2085 4817 io
2102 4744 2186 4817 loco

150 4848 249 4921 ldern
272 4848 371 4916 locrus
391 4841 624 4911 concionatur
640 4838 683 4907 de
698 4837 816 4907 officio
834 4859 915 4928 erga
935 4850 1141 4928 praecepto·
1193 4838 1352 4929 publico,
1387 4862 1460 4905 uon
1494 4840 1580 4909 dorsi
1613 4863 1690 4911 earn
1723 4864 1798 4913 esse
1820 4844 2192 4936 praetermittendum.

149 4974 228 5034 res,
252 4949 314 5042 qui
332 4970 412 5016 cum
425 4946 615 5014 succedant
630 4940 668 5009 in
684 4951 870 5029 parentum
886 4961 1018 5009 munus
1031 4952 1067 5009 et
1081 4962 1143 5008 cu·
1191 4938 1308 5029 Cogor
1322 4954 1439 5010 autem
1457 4942 1690 5013 verecundius
1712 4945 1756 5015 de
1772 4944 1899 5017 vestris
1914 4946 2053 5021 suerit'n
2066 4950 2196 5021 diffie

150 5076 229 5137 ras,
261 5050 340 5119 loco
370 5060 556 5138 pareutum
580 5036 739 5111 habendi
768 5054 862 5111 sunt.
915 5038 1020 5111 Etsi
1050 5054 1143 5110 recte
1193 5056 1336 5132 propter
1350 5040 1556 5112 modestiam
1574 5058 1738 5116 vestram.
1775 5043 1934 5119 Tantum
1947 5046 2199 5125 illuddiem,

149 5154 393 5232 aestimamus,
419 5148 552 5216 maiora
573 5144 744 5215 beneficia
765 5166 786 5214 a
807 5141 912 5211 bonis
926 5141 1143 5224 doctoribus,
1191 5169 1246 5212 mo
1263 5144 1416 5213 libenter
1434 5144 1601 5234 profiteri,
1626 5171 1700 5216 uon
1720 5147 1838 5217 suiuus
1852 5172 1910 5218 me
1925 5150 2031 5223 volsis
2043 5152 2196 5227 desua

149 5278 257 5353 «peram
271 5254 316 5321 ab
332 5249 418 5340 ipsis
433 5248 638 5340 parentibus
652 5244 853 5337 accipimus.
878 5241 968 5314 Nam
981 5242 1142 5314 doctrina
1192 5270 1298 5338 quam
1315 5246 1632 5336 meisparentibus.
1670 5245 1794 5343 ltaque
1809 5250 1911 5320 vobis
1924 5263 1959 5323 et
1973 5246 2191 5347 habeogra-

151 5354 378 5445 religioniset
391 5350 541 5420 aliarum
558 5344 913 5420 honestarumrerum
928 5346 1144 5437 longeprae·
1191 5352 1277 5417 tiam
1298 5362 1331 5418 et
1351 5348 1523 5438 polliceor
1544 5371 1617 5433 me,
1642 5350 1756 5422 sicubi
1775 5364 1900 5443 potera
1914 5376 1955 5423 re
1976 5354 2051 5447 ip..
2064 5354 2180 5427 M.-

150 5458 293 5527 lerenda
308 5467 360 5524 est
377 5452 441 5543 ipsi
458 5452 562 5525 vitae.
612 5448 725 5523 Recte
739 5449 849 5538 igitur
865 5448 1056 5519 luvenalis:
1191 5472 1269 5520 rare
1299 5450 1411 5519 animi
1442 5449 1713 5539 gratitudinem,
1752 5474 1892 5525 summa
1924 5454 1995 5529 fide
2016 5460 2173 5531 dunno
