4664 6022
230 317 308 391 987

233 619 316 666 men
333 609 366 664 et
380 593 493 663 malos
511 605 546 661 et
566 593 698 674 bonos,
724 613 814 682 opus
839 605 892 661 est
911 591 1078 660 mandato
1105 591 1234 679 urgeri.

234 698 370 782 Malos,
396 719 441 764 ne
466 707 591 786 putent
615 688 707 761 nihil
731 692 872 762 sceleris
895 705 929 762 et
952 692 1143 784 impietatis
1161 716 1234 763 esse

234 802 273 870 in
292 798 455 890 ignavia,
480 811 514 866 et
536 796 843 886 praetermissione
859 795 978 867 officii.
1031 793 1169 881 Bonos,
1194 808 1235 866 ut

232 901 409 977 admoniti
431 902 475 969 de
499 898 726 968 ordinatione
751 912 786 968 et
800 898 985 968 voluntate
999 896 1085 984 Dei,
1111 923 1234 990 prom·

233 1007 330 1099 ptius
343 1003 474 1084 faciant
488 1016 521 1071 et
536 1001 738 1086 ardentius,
763 1000 962 1094 maiorique
979 1002 1091 1070 animi
1107 1002 1234 1071 alacri-

234 1123 323 1192 tate,
350 1106 444 1199 quod
470 1103 672 1193 intelligant
687 1101 764 1173 Deo
780 1118 917 1192 gratum
936 1127 1027 1189 esse,
1055 1129 1142 1173 cum.
1155 1105 1234 1173 ani-

233 1211 464 1279 madvertunt
498 1207 740 1275 necessitatem
776 1207 937 1289 mandati
971 1220 1005 1276 et
1039 1207 1233 1277 voluntatis

149 1352 152 1357 ·
233 1309 314 1384 Dei.
366 1308 420 1379 Ac
442 1309 561 1379 videte
585 1308 789 1398 superbiam
813 1304 959 1378 humani
978 1309 1105 1378 cordis.
1153 1307 1233 1379 Nisi

233 1415 331 1485 enim
352 1407 516 1482 bomir'ies
538 1406 713 1503 prophani
729 1409 924 1501 cogitarent
945 1435 981 1480 se
1003 1412 1079 1480 sine
1100 1412 1233 1481 auxilio

235 1517 360 1586 divino
385 1538 486 1606 posse
508 1537 563 1582 res
587 1536 666 1582 suas
682 1515 878 1602 gubernare
892 1528 926 1583 et
947 1514 1132 1606 perficere,
1159 1538 1233 1584 non

233 1621 283 1690 ita
297 1618 408 1687 securi
427 1631 562 1700 essent,
586 1614 620 1685 et
636 1617 817 1686 ardentius
840 1631 998 1706 peterent
1015 1640 1033 1686 a
1048 1615 1124 1690 Deo
1148 1641 1234 1686 con-

235 1721 314 1791 silia
332 1734 367 1789 et
381 1741 569 1789 successus.
623 1716 692 1788 Sed
710 1719 793 1812 quia
813 1721 1017 1805 confidunt,
1042 1744 1156 1790 sesua
1178 1743 1235 1787 sa-

235 1822 370 1915 pientia
391 1834 425 1891 et
452 1823 597 1890 fortuna
621 1821 657 1888 id
685 1821 872 1891 effecturos
900 1824 996 1915 quod
1029 1823 1234 1907 instituunt,

236 1938 364 2017 putant
408 1923 735 2014 superstitiosorum
780 1939 841 1994 aut
887 1927 1097 1995 miserorum
1143 1947 1235 2010 esse,

235 2050 256 2097 a
271 2024 347 2098 Deo
365 2034 481 2116 petere
498 2025 691 2105 auxilium,
720 2027 810 2096 sicut
827 2020 917 2096 Aiax
933 2027 1038 2097 dixit:
1066 2025 1233 2097 Aliorum

236 2151 311 2198 esse
333 2127 474 2195 vincere
495 2125 570 2196 Deo
594 2127 759 2208 iuvante,
786 2151 823 2196 se
844 2144 961 2200 autem
986 2131 1063 2200 sine
1079 2128 1155 2199 Deo
1180 2151 1235 2198 res

186 2312 188 2317 .
235 2252 382 2320 magnas
400 2252 527 2318 genere
545 2251 656 2319 posse.
708 2229 777 2300 Sed
796 2230 943 2300 miseros
959 2228 1023 2301 bos
1040 2235 1134 2325 ipsos
1151 2255 1235 2313 esse,

237 2333 343 2402 etiam
361 2327 509 2401 Ethnici
524 2331 741 2403 iudicarunt.
796 2331 919 2425 Itaque
935 2349 969 2404 et
984 2333 1163 2405 Homerus
1178 2333 1236 2403 in-

238 2435 333 2528 quit:

165 2606 168 2611 .
322 2543 470 2627 εὔχεσθαι
493 2545 604 2623 πάντές
625 2569 658 2610 τε
681 2549 759 2610 θεοῦ
779 2546 944 2628 χατέουσιν
965 2545 1140 2631 ἅνθρωποι.

237 2670 294 2743 Sit
316 2670 424 2761 igitur
446 2666 532 2739 hacc
553 2671 669 2762 prima
692 2695 812 2756 causa,
846 2685 886 2742 ut
910 2697 991 2742 cum
1014 2675 1053 2742 in
1069 2675 1237 2744 universa

238 2773 440 2844 obedientia
466 2773 668 2845 studeamus
683 2769 761 2842 Deo
786 2774 1046 2845 observantiam
1063 2790 1097 2847 et
1119 2777 1237 2847 officia

237 2888 359 2946 nostra
384 2875 583 2959 declarare,
616 2887 692 2944 tum
724 2898 807 2944 vero
830 2876 996 2966 inprimis
1022 2877 1061 2945 in
1091 2879 1237 2948 invoca-

238 2977 353 3060 tione,
379 2999 469 3069 quae
488 2976 583 3045 inter
600 2975 807 3066 praecipuos
821 2977 936 3047 cultus
951 3002 1053 3070 saepe
1069 3003 1237 3051 numera-

239 3092 318 3164 tur,
344 3090 384 3148 ut
400 3101 466 3148 nos
481 3077 519 3147 in
536 3074 694 3148 Ecclesia
712 3077 802 3147 scire
816 3102 956 3148 necesse
973 3093 1037 3152 est.

896 305 1058 387 DECL.
1089 308 1166 388 DE
1198 305 1599 391 PRECATIONE.

334 486 414 562 Etsi
430 511 554 560 rerum
569 500 632 572 est,
656 481 743 557 baec
758 486 836 577 pios
853 486 1006 557 libenter
1021 486 1154 572 iacere,
1179 502 1234 558 ta-
1255 493 1259 564 ἔ

2208 315 2282 391 988

1283 485 1402 557 statim
1419 487 1601 579 contingat
1617 503 1764 560 eventus
1780 512 1845 581 pro
1860 488 1992 561 nostris
2008 488 2112 576 votis,
2132 489 2210 559 sive
2228 491 2283 560 in-

1285 593 1446 675 terdum,
1479 606 1521 662 ut
1543 591 1632 661 solet
1654 589 1768 677 Deus,
1803 616 1963 663 exercere
1987 606 2145 662 nostram
2167 594 2283 674 iidem,

1283 692 1470 764 differatur
1485 694 1521 761 id
1539 695 1634 788 quod
1651 695 1813 787 petimus.

1384 828 1457 900 Nec
1481 831 1630 899 dubium
1654 843 1706 899 est
1736 844 1871 901 mentes
1894 824 2099 924 prophanas
2131 841 2282 920 saepest

1282 932 1362 1001 ideo
1381 933 1482 1025 quasi
1500 933 1700 1002 cessatrices
1717 956 1788 1002 esse
1804 934 1842 1002 in
1859 929 1927 1003 boc
1945 934 2084 1017 officio,
2110 936 2209 1024 quod
2225 956 2282 1000 co·

1285 1035 1399 1123 gitant
1416 1037 1558 1104 inanem
1576 1036 1735 1106 laborem
1754 1037 1845 1105 sumi
1864 1040 2059 1126 precando,
2085 1058 2168 1104 cum
2185 1056 2281 1125 saepe

1284 1162 1357 1206 non
1374 1141 1612 1229 respondeant
1628 1151 1774 1207 eventus
1790 1139 1896 1209 votis.

1384 1270 1498 1362 Saepe
1528 1271 1633 1339 etiam
1658 1271 1826 1340 dubitant
1849 1283 2002 1363 mentes,
2038 1281 2163 1338 utrum
2191 1265 2282 1337 Deus

1284 1374 1447 1443 exaudiat
1470 1397 1555 1457 nos,
1588 1373 1645 1441 vel
1668 1372 1751 1465 quia
1772 1372 1956 1464 disputant
1979 1374 2022 1440 de
2047 1371 2282 1462 providentia,

1283 1476 1339 1543 vel
1357 1475 1438 1568 quia
1453 1487 1632 1545 terrentur
1647 1490 1837 1568 conspectu
1860 1499 1944 1546 suae
1960 1473 2205 1563 indignitatis,
2231 1472 2281 1541 vel

1284 1593 1427 1669 propter
1443 1578 1529 1647 alias
1546 1601 1677 1650 causas.

1383 1712 1450 1783 His
1465 1714 1575 1803 igitur
1590 1714 1694 1783 novis
1709 1713 1975 1805 impedimentis
1995 1735 2161 1805 opponas
2177 1712 2275 1782 ratio-

1284 1841 1365 1887 nem
1387 1815 1653 1908 promissionis,
1682 1831 1716 1886 et
1740 1819 1836 1909 quod
1861 1841 2047 1909 nunqnam
2065 1817 2140 1887 sint
2165 1815 2279 1885 inanes

1284 1934 1365 1990 tuae
1393 1943 1509 2011 preces
1532 1931 1593 1989 aut
1625 1918 1757 1993 irritae.
1815 1919 1964 2011 Semper
1985 1919 2081 1988 enim
2105 1917 2281 2012 aliquida

1284 2019 1359 2091 Deo
1374 2021 1584 2112 impetrant,
1611 2045 1675 2091 nec
1692 2045 1850 2115 unquam
1872 2022 2079 2112 patiuntur,
2106 2033 2152 2091 ut
2166 2022 2215 2090 ita
2230 2022 2281 2088 di·

1285 2149 1379 2208 cam,
1404 2125 1603 2214 repulsam,
1630 2126 1704 2193 sive
1719 2140 1759 2195 ut
1774 2125 1868 2209 dixi,
1895 2125 2013 2195 statim
2030 2120 2131 2195 Deus
2155 2124 2282 2193 tribuat

1286 2227 1382 2319 quod
1395 2227 1568 2318 petimus,
1594 2226 1668 2295 sive
1683 2227 1840 2316 longiori
1856 2250 1954 2296 mora
1972 2241 2133 2296 exerceat
2150 2248 2230 2296 nos.

1388 2359 1441 2431 Ac
1458 2386 1559 2454 saepe
1574 2387 1630 2430 me
1645 2357 1731 2432 baec
1749 2363 1824 2454 ipsa
1847 2362 1937 2432 ratio
1953 2362 2152 2453 permovit,
2178 2378 2218 2434 ut
2231 2388 2279 2433 re·

1286 2465 1385 2535 iectis
1398 2466 1566 2536 omnibus
1582 2467 1661 2534 aliis
1682 2464 1948 2557 impedimentis
1970 2464 2137 2534 animum
2155 2478 2190 2535 et
2204 2491 2280 2538 ocu-

1287 2569 1340 2638 los
1356 2569 1402 2637 ad
1417 2565 1535 2639 Deum
1551 2569 1760 2653 attollerem,
1784 2590 1894 2661 osque
1907 2569 1952 2637 ad
1968 2568 2191 2658 precandum
2204 2593 2277 2662 apc-

1288 2671 1406 2754 rirem,
1423 2671 1507 2764 quia
1520 2671 1618 2740 venit
1634 2670 1672 2739 in
1688 2685 1843 2742 mentem
1858 2669 2060 2762 promissio,
2085 2693 2179 2762 qnae
2192 2697 2275 2743 nun-

1287 2796 1394 2866 quam
1423 2773 1533 2856 fallit,
1566 2773 1703 2843 etiamsi
1733 2795 1788 2842 res
1819 2795 1921 2863 saepe
1947 2772 2019 2841 alio
2045 2785 2205 2865 tempore
2224 2775 2271 2843 vel

1288 2876 1396 2944 modo
1410 2874 1637 2963 contingant,
1663 2898 1770 2968 quam
1791 2897 1856 2944 nos
1869 2874 2150 2966 expectabamus

1388 3005 1437 3079 Et
1456 3023 1548 3078 certa
1569 3022 1620 3079 est
1642 3023 1677 3079 et
1698 3007 1817 3080 statim
1840 3008 1947 3079 obvia
1970 3012 2176 3101 petentibus
2195 3033 2265 3102 pro-

1288 3110 1407 3182 missio
1424 3111 1554 3202 gratiae
1569 3125 1603 3183 et
1617 3111 1931 3198 reconciliationis,
1956 3112 2179 3196 sicutmnlta
2195 3113 2272 3183 dicta

339 3211 393 3284 Ne
407 3228 510 3306 putes
524 3214 633 3303 igitur
647 3213 802 3284 liberum
818 3237 902 3301 esse,
925 3230 1045 3286 utrum
1061 3229 1139 3287 tuas
1158 3239 1237 3306 pre·
1287 3216 1483 3285 declarant:
1525 3211 1573 3285 Ut
1589 3214 1672 3282 vivo
1688 3236 1772 3305 ego,
1796 3213 1882 3283 nolo
1901 3227 2054 3285 mortem
2082 3215 2274 3311 peccatoris¹

240 3340 297 3389 ces
311 3329 387 3389 toto
401 3329 541 3407 pectore
554 3316 683 3386 fundas
698 3318 741 3387 ad
757 3315 884 3403 Deum,
910 3341 975 3388 uec
988 3342 1047 3400 ne,
1072 3320 1134 3388 sed
1147 3318 1237 3388 scias
1288 3331 1321 3388 et
1337 3314 1470 3387 Paulus
1487 3317 1552 3386 ait:
1580 3314 1666 3385 ldeo
1683 3340 1724 3385 ex
1747 3316 1816 3386 fide
1838 3317 1947 3406 gratis
1963 3331 2002 3388 ut
2020 3319 2126 3392 firma
2143 3321 2190 3391 sit
2204 3343 2275 3411 pro·

240 3434 275 3491 te
310 3418 604 3489 contumeliosum
630 3431 665 3489 et
698 3433 942 3490 contumacem
969 3444 1042 3490 esse
1069 3422 1237 3490 adversus
1288 3419 1426 3506 missio;
1468 3442 1534 3489 nec
1567 3414 1660 3487 nihil
1689 3413 1760 3489 buc
1793 3418 1947 3510 pertinet
1976 3420 2116 3495 dictum
2146 3421 2276 3493 Basilii:

240 3520 376 3604 Deum,
399 3534 433 3590 te
451 3543 644 3611 provocare
657 3521 747 3590 iram
765 3523 848 3608 Dei,
873 3536 908 3593 te
924 3546 1099 3592 accersere
1113 3547 1237 3612 graves
1286 3515 1407 3616 μόνον
1420 3518 1583 3614 θέλησον
1595 3516 1764 3602 assidetis
1777 3516 1869 3618 πρὸς
1883 3526 2019 3616 παντᾷ.
2069 3527 2170 3597 Suus
2185 3527 2277 3597 etiam

240 3644 391 3716 poenas,
418 3622 633 3693 calamitates
657 3622 816 3714 publicas
839 3638 874 3694 et
897 3624 1051 3716 privatas
1073 3624 1158 3707 tibi,
1182 3626 1237 3695 sa·
1287 3625 1415 3718 cuique
1431 3623 1572 3694 animus
1586 3623 1685 3695 testis
1701 3638 1770 3709 est,
1795 3647 1832 3693 se
1849 3625 1917 3694 tide
1935 3630 2108 3720 consequi
2124 3629 2280 3700 conwla-

240 3724 363 3794 miliae
386 3739 485 3811 tuae,
519 3737 555 3795 et
573 3725 741 3794 omnibns
763 3726 825 3821 qui
846 3727 914 3796 tibi
937 3727 1119 3797 coniuncti
1144 3742 1236 3813 sunt,
1287 3728 1421 3798 tionem
1438 3740 1472 3796 et
1485 3725 1733 3796 liberationem
1750 3750 1769 3796 a
1784 3727 1909 3818 poenis
1927 3730 2097 3817 aeternis,
2123 3745 2161 3803 et
2176 3746 2280 3803 terro·

242 3826 272 3895 si
289 3822 381 3895 nihil
403 3839 464 3897 aut
484 3825 637 3917 segniter
653 3850 742 3900 ores.
791 3826 861 3896 Hic
880 3829 990 3918 igitur
1005 3829 1158 3900 debebat
1177 3855 1237 3901 co·
1287 3830 1387 3899 ribus
1402 3853 1444 3919 ac
1460 3850 1566 3898 sensu
1584 3829 1657 3897 irae
1672 3827 1739 3899 Dei
1757 3829 1926 3901 adversus
1945 3847 2152 3922 peccatum,
2178 3859 2281 3928 quum

241 3929 377 4018 piosius
389 3928 460 4000 dici
482 3931 526 3999 de·
547 3929 599 3998 ira
616 3924 704 4010 Dei,
728 3942 764 3999 et
780 3931 824 3999 de
846 3931 969 4022 poenis
984 3931 1237 4003 comitantibus
1286 3932 1377 4001 serio
1394 3930 1456 4001 illa
1472 3945 1660 4022 petuntur,
1687 3944 1721 4001 et
1736 3931 1864 4002 fiducia
1878 3929 2124 4006 intercessoris
2139 3937 2205 4007 lilii
2219 3935 2283 4008 Dei

241 4026 336 4101 hanc
363 4032 585 4102 securitatem
616 4044 653 4102 et
682 4031 952 4121 negligentiam,
983 4057 1074 4127 quae
1100 4035 1234 4107 etiamsi
1286 4035 1331 4105 ad
1346 4048 1495 4126 patrem.

243 4144 328 4201 suut
340 4155 545 4202 communes
559 4133 748 4203 violationi
765 4135 984 4225 singularum
1000 4137 1130 4226 legum,
1147 4162 1236 4231 quae

243 4233 283 4303 in
298 4234 465 4322 decalogo
498 4249 767 4326 proponuntur,
799 4249 917 4307 tamen
953 4239 1009 4307 vel
1042 4240 1080 4308 in
1112 4240 1236 4332 primis

241 4335 471 4407 omissionem
488 4330 597 4406 huius
612 4337 728 4408 cultus
746 4354 953 4432 sequuntur.
1002 4341 1073 4411 Sed
1098 4356 1138 4413 ut
1154 4343 1235 4412 bre·

1386 4166 1465 4240 Etsi
1486 4185 1605 4241 autem
1629 4183 1669 4240 ut
1691 4192 1794 4263 saepe
1818 4171 2001 4254 audimus,
2028 4173 2285 4249 discernendae

1285 4286 1369 4344 sunt
1391 4273 1437 4342 ab
1456 4267 1522 4344 hac
1537 4273 1773 4366 promissione
1789 4273 1896 4360 aliae,
1923 4299 2014 4369 quae
2035 4299 2090 4347 res
2117 4303 2284 4374 corpora-

269 4438 278 4453 ,
364 4439 374 4455 ‚
968 4442 977 4459 ‚
1286 4377 1336 4446 les
1360 4375 1532 4447 offerunt:
1559 4389 1679 4445 tamen
1702 4389 1736 4447 et
1757 4376 1840 4446 illae
1855 4401 2039 4471 nunquam
2057 4394 2144 4451 sunt
2160 4383 2284 4454 inanes

241 4461 323 4507 mor
345 4460 430 4523 sim,
463 4451 603 4510 transeo
625 4442 670 4509 ad
694 4443 886 4513 secundam
910 4457 1105 4528 rationem,
1130 4468 1236 4537 qnam

242 4539 313 4611 d‚.
372 4540 381 4556 .
545 4541 554 4558 .
1198 4547 1207 4564 ‚
1285 4491 1347 4549 aut
1362 4477 1494 4551 irritae.
1529 4473 1606 4549 Etsi
1630 4478 1724 4546 enim
1739 4479 1878 4550 nemini
1891 4479 2186 4574 cuiquamaDeo
2203 4511 2283 4580 pro·

268 4565 315 4607 axi
336 4553 440 4610 enam
457 4542 749 4611 considerandam
774 4566 864 4629 esse,
890 4558 930 4615 ut
947 4547 1180 4616 accendamus
1197 4572 1234 4616 an
1286 4580 1408 4652 missio
1433 4581 1561 4651 „adita
1584 4592 1636 4651 m
1658 4581 1870 4652 ,mmmmm
1916 4584 1960 4651 de
1976 4607 2015 4652 re
2034 4584 2157 4681 aliqua
2177 4590 2283 4681 perfi-

240 4640 347 4713 nobis
362 4642 520 4713 studium
535 4643 741 4734 diligentius
756 4648 936 4737 precandi.
1226 4661 1230 4674 ⁴
1879 4637 1890 4668 ’

1087 4765 1092 4769 η
1285 4695 1393 4754 nente
1408 4684 1452 4751 ad
1469 4684 1573 4753 usum
1597 4678 1704 4754 buius
1719 4686 1914 4774 corporalis
1928 4684 2041 4767 vitae,
2068 4700 2110 4758 ut
2126 4691 2172 4759 de
2195 4692 2283 4762 libe·

343 4770 424 4848 Etsi
447 4776 556 4867 igitur
569 4778 710 4847 nullum
733 4780 869 4852 tulmen
883 4782 1034 4853 debebat
1051 4806 1116 4854 nos
1131 4776 1237 4852 velte-
1285 4785 1424 4856 ratione
1442 4810 1482 4853 ex
1500 4787 1645 4866 morbo,
1677 4801 1738 4857 aut
1754 4789 1872 4881 aliqua
1890 4788 1959 4858 alia
1975 4788 2179 4863 calamitate
2196 4818 2282 4888 qnae

240 4879 401 4952 mentius,
413 4902 653 4966 commovere,
677 4893 717 4951 ut
738 4903 877 4953 summo
901 4885 1020 4955 studio
1038 4886 1237 4958 tribuamus
1286 4911 1352 4956 nos
1368 4911 1466 4957 nunc
1482 4888 1628 4978 premit:
1649 4900 1767 4959 tamen
1782 4905 1919 4961 certum
1937 4903 1988 4961 est
2006 4905 2147 4964 nostras
2164 4920 2280 4988 preces

240 4976 310 5051 hoc
330 4980 432 5073 quasi
454 4980 510 5050 ius
523 4977 621 5068 Deo,
645 4995 687 5053 ut
707 4999 928 5074 expectemus
951 5002 986 5059 et
1008 5002 1169 5080 petamus
1191 4989 1236 5056 ab
1287 4987 1398 5059 aDeo
1422 4990 1583 5060 exaudiri
1603 5002 1638 5061 et
1660 4991 1815 5063 efficaces
1834 5000 1927 5077 esse,
1953 4992 2092 5064 etiamsi
2117 4996 2281 5071 differtur

242 5107 284 5153 eo
307 5081 480 5153 auxilium
500 5098 535 5153 et
557 5084 803 5154 liberationem
829 5087 866 5155 in
891 5090 1023 5159 nostris
1045 5088 1237 5173 aerumnis,
1287 5086 1355 5161 boc
1370 5092 1466 5184 quod
1484 5095 1646 5185 petimus,
1664 5106 1725 5163 aut
1740 5117 1885 5186 prorsus
1901 5118 1976 5164 non
1991 5097 2182 5190 contingit.
2207 5100 2281 5174 Hoc

240 5208 348 5277 quam
370 5183 578 5254 mandatum
599 5201 634 5258 et
657 5187 822 5259 voluntas
843 5187 922 5261 Dei.
974 5190 1113 5262 Tamen
1133 5192 1237 5261 debet
1287 5194 1383 5263 enim
1397 5218 1519 5265 verum
1535 5209 1596 5281 est,
1622 5196 1652 5264 si
1668 5191 1734 5266 boc
1751 5221 1825 5267 non
1841 5198 2094 5290 consequimur
2109 5207 2210 5296 quod
2226 5230 2281 5300 pc·

241 5299 275 5354 et
300 5309 367 5356 nos
392 5285 544 5391 invitare
570 5283 656 5358 haec
682 5292 793 5370 ratio,
829 5293 925 5385 quod
950 5307 1090 5364 nostrae
1116 5316 1237 5384 preces
1287 5296 1413 5382 timus,
1447 5297 1546 5367 alind
1567 5298 1696 5368 melius
1719 5312 1753 5370 et
1776 5299 2012 5391 praestantius
2033 5301 2164 5394 longe,
2190 5304 2280 5379 Deus

161 5400 167 5413 ·
241 5407 426 5481 nunquam
440 5401 526 5459 sunt
540 5388 685 5460 inutiles
700 5408 760 5463 aut
779 5393 919 5480 irritae,
943 5396 1003 5464 sed
1018 5419 1157 5488 semper
1170 5396 1236 5465 ali·
1287 5399 1392 5469 nobis
1408 5400 1556 5473 confert.
1615 5398 1698 5470 Non
1715 5401 1844 5472 liberat
1859 5415 1894 5472 te
1911 5399 2008 5473 Deus
2023 5429 2064 5474 ex
2082 5404 2280 5501 inopiaaut

243 5487 331 5581 quid
348 5490 542 5583 impetrant
562 5488 694 5577 aDeo,
720 5517 858 5588 semper
879 5497 1137 5586 exaudiuntur,
1161 5498 1238 5569 sive
1286 5502 1433 5589 morbo,
1459 5500 1595 5574 interea
1617 5503 1680 5574 dat
1700 5504 1758 5577 vel
1781 5503 1851 5578 alia
1873 5505 1969 5579 bona
1991 5511 2198 5602 corporalia
2218 5512 2279 5588 tibi
