4620 6008
215 301 292 379 aro
774 289 936 372 naen
967 290 1044 370 nn
1076 288 1359 395 uacuum
1393 288 1666 369 suuvran
2188 300 2250 377 aa
2304 228 2306 239 ¹

216 476 300 549 illos
321 470 550 551 floruissent,
576 466 727 538 minime
748 467 870 540 idonei
894 471 941 539 ad
964 468 1217 562 imperandum
1266 466 1337 538 sibi
1358 466 1398 537 in
1419 466 1509 537 alios
1533 465 1716 536 vindicare
1736 481 1900 561 possent,
1922 492 2005 541 nam
2030 466 2100 543 hoc
2118 472 2173 543 ius
2195 474 2250 545 im-

215 577 285 649 visi
299 576 465 647 luissent.
496 570 641 645 Etenim
657 584 697 641 ut
713 595 788 641 non
804 571 844 641 in
860 573 988 666 quovis
1003 574 1080 644 solo
1097 574 1217 663 fruges
1268 569 1358 663 perii
1375 571 1415 639 in
1432 569 1538 641 terris
1560 592 1699 662 semper
1719 572 1805 658 fuit,
1831 595 1957 664 cogere
1976 577 2023 644 ad
2047 578 2248 669 parcendum

216 692 434 764 nascuntur,
465 676 514 747 ita
537 699 612 746 non
634 674 769 769 ubique
792 676 879 745 honi
897 675 968 744 viri
991 676 1216 768 proveniunt.
1267 674 1350 750 illos
1377 695 1469 766 quos
1498 673 1568 742 tuis
1599 673 1784 745 laboribus
1809 689 1904 766 tegas
1928 692 1963 749 et
1984 702 2123 764 serves,
2157 678 2249 751 Suari

218 784 291 860 Sed
312 782 367 853 ibi
389 794 528 851 tantum
547 777 611 849 uhi
633 777 739 847 bonis
768 778 907 870 legibus
927 802 968 848 ac
991 780 1153 850 moribus
1172 779 1217 847 ad
1267 776 1468 847 libertatem
1483 774 1653 846 omnihus
1673 777 1903 872 relinquunt,
1928 782 2148 875 quibusdam
2161 783 2248 854 etism

219 887 390 957 virtutem
413 906 454 954 ae
467 883 574 951 decus
597 872 791 966 invitatur,
818 894 853 951 et
868 881 1019 953 adsuelit
1039 884 1218 953 iuventus.
1268 880 1363 950 hello
1382 876 1486 950 victis
1508 877 1672 949 amissam
1694 881 1944 955 restituerunt:
1978 897 2116 956 etcum
2139 885 2249 959 faciut

220 989 314 1081 Quis
330 1000 428 1080 putet
444 988 540 1053 enim
556 982 677 1055 Mileti
692 997 753 1055 aut
768 984 889 1055 Sibari
903 984 943 1054 in
958 1006 1098 1056 summo
1118 986 1218 1066 lusu,
1268 981 1429 1053 infinitos
1455 994 1637 1073 sumptus,
1670 982 1881 1078 laboresque
1906 970 2084 1057 maximos
2107 988 2251 1075 subeant,

221 1094 318 1163 inter
331 1087 534 1181 turpissima
550 1086 721 1178 exempla,
737 1086 947 1185 inmaxima
965 1087 1122 1170 licentia,
1142 1089 1219 1157 lor·
1269 1086 1369 1156 nulla
1396 1098 1514 1154 nmen
1536 1088 1722 1156 commoda
1740 1087 1896 1157 vicissim
1920 1091 1966 1161 ab
1990 1086 2069 1177 his,
2094 1098 2187 1186 quos
2205 1094 2251 1163 dt-

222 1210 293 1267 tem
306 1194 442 1277 virum,
468 1203 529 1262 aut
544 1203 822 1281 temperantem,
843 1202 905 1260 aut
921 1191 1055 1261 iustum
1070 1192 1219 1261 evadere
1269 1189 1442 1272 tendunt,
1466 1187 1646 1280 recipiunt
1660 1189 1735 1261 suis
1750 1191 1905 1263 fortunis
1922 1194 2090 1285 publicos
2106 1208 2254 1288 sumptos

220 1294 405 1392 potuisse?
437 1290 538 1383 Quae
561 1306 633 1362 tam
651 1294 825 1362 excellens
842 1307 989 1378 natura,
1014 1318 1105 1388 quae
1119 1306 1218 1365 tanta
1269 1290 1439 1370 tolerant,
1465 1314 1512 1359 ne
1530 1291 1644 1361 cuivis
1660 1291 1859 1365 libertatem
1879 1296 2068 1385 minuant,
2093 1320 2163 1367 suo
2176 1297 2255 1391 peri-

220 1398 359 1490 ingcnii
374 1395 483 1467 visin
498 1395 574 1465 ullo
590 1417 664 1465 esse
678 1396 809 1488 potuit,
831 1396 1098 1489 quaeintertot
1113 1396 1220 1468 vitio-
1269 1394 1352 1464 culo
1372 1393 1537 1464 omnium
1559 1394 1709 1464 salutem
1737 1413 1972 1489 propugnant
2034 1397 2141 1489 Quid
2159 1396 2256 1471 hone

219 1526 302 1575 rum
317 1500 500 1570 illecebras
516 1522 590 1568 non
607 1499 919 1591 corrumperetur?
944 1498 1065 1589 Quare
1079 1523 1221 1570 necesse
1270 1497 1376 1581 stius,
1400 1496 1488 1590 quid
1503 1498 1721 1569 moderatius
1743 1500 1890 1590 cogitari
1907 1513 2042 1593 potest,
2068 1526 2183 1598 quam
2197 1504 2259 1573 siae

222 1619 276 1677 est
311 1603 541 1694 disciplinam
575 1600 684 1672 luisse
715 1601 757 1673 in
783 1600 984 1673 Suevorum
1017 1603 1222 1674 civitatibus
1270 1598 1463 1692 cupiditate
1483 1623 1581 1670 arma
1603 1613 1743 1687 tenere,
1769 1616 1804 1672 et
1819 1604 1909 1674 alios
1927 1605 1977 1676 ita
1990 1607 2208 1693 defendere,
2230 1620 2263 1678 tt

224 1706 467 1803 probabilem,
498 1727 568 1797 qua
598 1718 767 1798 tanquam
792 1705 833 1774 in
856 1706 942 1775 ludo
967 1704 1152 1799 Principes
1175 1706 1219 1776 ad
1271 1705 1315 1772 de
1336 1701 1502 1773 libertate
1528 1726 1652 1772 eorum
1684 1700 1779 1774 nihil
1802 1703 1993 1777 detrahas?
2032 1705 2264 1781 Athenienses

222 1806 446 1882 honestatem
468 1806 625 1878 instituti
649 1820 753 1892 sunt,
778 1831 919 1902 quaque
940 1810 1084 1880 adducti
1111 1808 1220 1879 exteri
1271 1805 1469 1897 accepimus
1492 1806 1705 1900 aliquandiu
1727 1809 1774 1877 ad
1804 1805 1901 1880 hunc
1926 1811 2080 1883 modum
2104 1809 2267 1885 Graeciae

223 1900 431 1985 iudicarant
444 1905 537 1980 hanc
554 1896 737 1981 dationem
755 1911 886 1982 virtute
903 1934 943 1982 ac
960 1911 1138 1983 industria
1153 1912 1223 1981 im·
1272 1908 1709 2001 principatumtenuisse,
1746 1923 1788 1981 ut
1810 1936 1890 1983 cum
1914 1914 2175 2005 permitterent
2198 1914 2268 1995 aliis

223 2014 318 2110 perii
340 2014 473 2084 molem
494 2012 670 2083 sustinere
693 2036 805 2105 posse.
858 2012 984 2108 Neque
999 2016 1095 2084 enim
1117 2015 1222 2105 igno·
1272 2011 1476 2083 civitatibus
1497 2010 1714 2097 libertatem,
1745 2013 1814 2104 ipsi
1837 2029 1956 2086 tamen
1979 2016 2020 2085 in
2040 2020 2207 2091 excubiis
2222 2041 2269 2087 es-

223 2118 330 2203 ratis,
355 2116 442 2211 quid
459 2115 665 2206 imponatur
681 2116 800 2187 oneris
823 2140 904 2187 cum
921 2118 990 2188 isto
1012 2118 1136 2203 titulo,
1161 2130 1224 2188 aut
1272 2127 1371 2204 sent,
1397 2137 1534 2207 suoque
1547 2114 1754 2185 discrimine
1770 2141 1895 2187 omnes
1911 2131 2122 2193 tuerentur.
2171 2117 2268 2193 Esto

224 2233 400 2316 quantum
415 2217 516 2304 fidei,
541 2233 715 2313 quantum
731 2219 892 2300 consilii,
920 2233 1095 2315 quantum
1110 2220 1223 2290 animi
1272 2242 1311 2288 re
1342 2217 1382 2286 in
1414 2217 1540 2308 primis
1561 2240 1730 2307 magnum
1758 2213 2011 2309 humanitatis,
2055 2223 2217 2296 iustitiae
2238 2236 2267 2293 a

224 2326 349 2403 robur,
375 2334 545 2416 quantam
561 2323 858 2406 moderationem,
884 2337 1054 2416 quantam
1068 2324 1223 2415 diligen·
1273 2319 1526 2413 temperantiae
1546 2320 1746 2412 exemplum
1771 2345 1856 2393 suae
1880 2326 2065 2415 specimen
2093 2327 2265 2421 sapientis·

224 2427 313 2499 tiam
328 2426 368 2493 in
383 2424 483 2494 omni
502 2446 632 2514 genere
649 2425 811 2515 llagltent
831 2421 994 2496 homines
1017 2427 1062 2497 ab
1079 2450 1140 2513 eo,
1165 2425 1224 2496 cui
1273 2423 1362 2494 sima
1387 2421 1511 2491 civitas
1540 2425 1723 2515 praebuit,
1757 2427 1854 2519 quod
1877 2427 1953 2496 sine
1977 2429 2188 2525 cuiusque
2207 2428 2261 2497 in·

223 2530 426 2599 libertatem
442 2550 554 2610 suam,
579 2528 752 2613 fortunas,
776 2528 927 2598 salutem
941 2553 982 2599 ac
998 2530 1108 2601 vitam
1125 2553 1225 2599 com·
1273 2527 1462 2597 commodo
1487 2524 1633 2617 publico
1654 2550 1776 2618 pacem
1798 2530 1979 2601 custodiit.
2039 2528 2141 2603 Cu·
2161 2542 2269 2603 antem

223 2631 385 2704 mittunt.
425 2628 498 2701 Sed
515 2653 597 2700 cum
613 2654 669 2701 res
684 2631 773 2701 foris
785 2644 912 2721 gestae,
935 2645 971 2703 et
983 2633 1077 2723 leges
1093 2631 1225 2726 quibus
1273 2650 1431 2700 summos
1446 2622 1604 2698 honores
1622 2624 1793 2715 Athenis,
1818 2632 1958 2703 obeam
1974 2656 2131 2705 causam
2146 2634 2270 2729 reliqua

225 2732 326 2805 domi
350 2756 417 2825 pax
441 2731 598 2804 stabilita
626 2748 697 2820 est,
722 2757 815 2828 quae
838 2734 982 2828 quidem
997 2731 1169 2805 hactenus
1185 2734 1224 2803 in
1275 2729 1426 2803 Graecia
1441 2732 1654 2818 decreverit,
1677 2754 1782 2825 saepe
1803 2735 1901 2808 enim
1923 2735 2058 2806 missae
2072 2762 2120 2809 ex
2137 2735 2269 2809 arvalis

224 2835 380 2929 publicis
404 2834 522 2924 legum
545 2836 729 2909 codicibus
748 2849 888 2922 estant,
914 2838 1111 2910 multorum
1133 2837 1225 2908 alio-
1274 2833 1477 2905 civitatibus
1501 2858 1673 2920 coronae,
1707 2835 1843 2927 positae
1865 2850 2024 2925 statuae,
2058 2844 2151 2913 data
2171 2836 2269 2913 Asba-

224 2963 309 3013 rum
323 2937 436 3008 literis
449 2938 717 3030 praedicentur,
739 2939 842 3009 nolui
859 2932 928 3010 hoc
942 2940 982 3009 in
998 2940 1077 3011 loco
1090 2941 1226 3011 diutius
1277 2936 1463 3007 aiensibus
1477 2936 1622 3018 civitas,
1648 2962 1731 3030 pars
1745 2940 1841 3029 agri,
1866 2941 2018 3013 societas
2039 2964 2224 3017 sacrorum
2237 2952 2266 3015 tl

227 3040 455 3114 commorari.
507 3039 665 3132 Propero
698 3041 794 3110 enim
829 3044 874 3112 ad
904 3057 1025 3114 nostra
1052 3055 1227 3137 tempora,
1275 3039 1551 3125 connubiorum,
1565 3054 1600 3111 et
1614 3036 1683 3112 hoc
1697 3062 1808 3131 genus
1824 3059 2038 3115 ornamenta
2056 3047 2151 3117 alia:
2178 3045 2263 3117 delta3

226 3168 319 3240 quae
351 3142 382 3212 si
404 3142 595 3234 diligenter
622 3143 912 3227 considerabitis,
945 3146 1114 3218 videbitis
1141 3170 1226 3239 pro-
1276 3166 1355 3216 mus
1369 3157 1404 3213 et
1418 3164 1503 3227 nos,
1525 3142 1556 3211 si
1576 3168 1650 3213 non
1670 3144 1799 3233 ingrati
1815 3146 2092 3232 essevolumus,
2118 3142 2261 3242 puleltss'·

223 3250 318 3321 fecto
344 3246 427 3316 illos
453 3269 529 3316 non
554 3246 670 3317 solum
697 3247 914 3340 respondere
944 3249 1014 3318 iam
1047 3250 1226 3320 maiorum
1275 3246 1408 3317 dmum
1433 3246 1644 3317 beneficium
1667 3244 1839 3318 Suevicae
1857 3249 2019 3321 nationis
2050 3246 2260 3347 amplisaifl'

225 3350 379 3446 gloriae,
411 3352 472 3419 sed
495 3350 603 3421 etiam
626 3351 852 3442 superiorum
876 3354 1003 3423 decora
1023 3351 1129 3444 louge
1144 3353 1225 3421 vin·
1276 3348 1444 3420 laudibus
1467 3342 1608 3424 vehere.
1659 3346 1741 3421 Non
1763 3351 1848 3422 satis
1868 3350 2134 3443 intelligimus,
2166 3366 2256 3449 qum*

226 3478 316 3529 cere.
367 3450 472 3524 Esset
489 3470 608 3526 autem
630 3452 812 3524 infinitum
835 3468 945 3525 totam
961 3453 1141 3548 Rempuh.
1163 3458 1226 3525 de·
1276 3467 1352 3524 tum
1372 3451 1412 3521 in
1436 3476 1522 3542 pace
1537 3451 1623 3521 insit
1638 3451 1744 3538 boni,
1767 3453 1798 3524 si
1817 3454 1984 3546 publicae
2006 3452 2252 3555 tranquillitati

227 3560 394 3653 pingere,
418 3568 454 3626 et
476 3556 598 3626 omnia
615 3556 798 3640 instituta,
823 3558 987 3652 legesque
1006 3560 1172 3650 pietatem
1187 3556 1226 3626 in
1276 3555 1484 3626 custodibus
1518 3554 1656 3625 nullam
1692 3555 1840 3646 gratiam
1873 3551 2064 3633 habemus.
2131 3540 2245 3651 stlitt

228 3659 393 3732 colendis
410 3658 665 3747 religionibus,
690 3659 913 3729 severitatem
940 3660 979 3729 in
994 3656 1226 3731 cohercendis
1277 3657 1373 3727 enirn
1403 3680 1531 3748 parvos
1558 3657 1692 3727 liberos
1716 3658 1886 3750 adspicis,
1920 3662 2066 3755 quoties
2093 3660 2239 3749 coniqu

227 3762 387 3846 delictis,
421 3760 632 3830 bellicarum
656 3784 775 3830 rerum
806 3762 989 3853 peritiam,
1022 3765 1225 3833 animorum
1278 3760 1445 3845 intueris,
1470 3759 1574 3830 toties
1589 3760 1792 3830 meminisse
1807 3772 1841 3831 te
1855 3765 2029 3853 oportuit,
2055 3760 2238 3836 ittorunis

228 3863 531 3954 magnitudinem,
559 3862 692 3932 civium
709 3864 802 3933 inter
817 3864 912 3957 ipsos
926 3866 1228 3959 aequabilitatem,
1277 3863 1518 3934 columitatem
1549 3863 1669 3957 aliqua
1696 3888 1739 3934 ex
1768 3877 1869 3955 parte
1890 3877 1926 3934 te
1950 3861 2010 3937 his
2032 3856 2236 3959 debereffl'

229 3990 416 4060 exponere.
470 3964 572 4055 Quae
589 3990 671 4036 cum
696 3966 859 4057 angustia
877 3968 1047 4059 temporis
1070 3982 1228 4062 praeter·
1278 3967 1396 4037 ocium
1413 3966 1678 4051 nohislaciunt,
1703 3990 1785 4035 cum
1800 3967 1953 4036 aliarum
1969 3964 2238 4043 honestarum

228 4071 372 4141 mittere
387 4081 499 4160 cogat,
519 4092 702 4161 excerpam
716 4095 759 4139 ex
773 4070 920 4164 reliquis
934 4070 1104 4143 laudibus
1117 4096 1227 4143 unam
1277 4092 1359 4139 rum
1382 4069 1636 4158 gerendarum,
1667 4081 1744 4139 tum
1769 4069 1918 4139 alendae
1933 4085 1968 4141 et
1989 4074 2188 4145 educandae
2200 4088 2241 4137 a·

228 4174 591 4269 quandampartem,
619 4172 979 4266 inquavidereest,
1006 4176 1227 4267 quambene
1278 4171 1383 4245 bolis.
1446 4170 1607 4262 Pupulus
1627 4169 1815 4244 Romanus
1840 4195 1916 4242 non
1934 4197 2040 4268 saepe
2066 4174 2163 4247 vietis
2180 4162 2238 4263 gul

229 4278 273 4347 de
297 4288 370 4347 tota
394 4272 590 4346 Germania
615 4276 743 4344 mereri
770 4277 949 4348 studeant.
1008 4275 1100 4347 Cum
1123 4276 1227 4347 annis
1279 4275 1376 4346 tibus
1389 4274 1587 4344 libertatem
1603 4298 1666 4343 seu
1683 4270 1920 4367 αὐτονομίαν
1934 4280 2122 4351 concessit.
2158 4270 2187 4345 G

229 4380 300 4449 iam
315 4378 452 4471 aliquot
468 4379 609 4447 nullum
618 4379 704 4448 satis
715 4402 885 4469 magnum
897 4394 958 4451 aut
972 4380 1116 4449 firmum
1125 4403 1229 4472 prae-
1279 4377 1329 4447 cis
1351 4375 1389 4447 id
1412 4373 1560 4447 honoris
1581 4370 1728 4462 habuit,
1754 4392 1834 4468 post
1857 4379 1994 4449 bellum
2011 4392 2095 4451 c'um
2107 4372 2191 4451 Phili
2288 4394 2306 4435 =

228 4481 361 4552 sidium
384 4481 422 4549 in
448 4478 644 4550 Germania
673 4494 780 4565 esset,
810 4484 979 4552 adversus
1008 4484 1145 4553 subitos
1168 4495 1229 4553 tu·
1280 4478 1478 4549 Macedone
1510 4492 1647 4569 gestum
1679 4480 1941 4551 immunitatem
1970 4490 2141 4569 donaret,
2167 4492 2196 4549 rt

228 4585 376 4664 multus,
403 4597 437 4653 et
452 4582 662 4677 quotidiana
678 4584 885 4665 latrocinia,
917 4586 1077 4658 civitates
1091 4584 1228 4658 Suevo-
1279 4583 1441 4671 singulae
1462 4582 1621 4651 civitates
1643 4583 1717 4652 suis
1733 4583 1871 4672 legibus
1887 4584 2073 4672 viverent,
2185 4580 2193 4599 '

230 4712 311 4758 rum
325 4688 451 4757 loedus
466 4687 559 4758 inter
572 4710 611 4755 se
622 4686 691 4755 rite
707 4699 741 4755 et
754 4684 904 4758 Caesare
918 4703 1041 4759 autore
1057 4691 1230 4759 lecerunt.
1280 4698 1345 4758 ret.
1381 4680 1436 4755 Ea
1450 4686 1494 4754 de
1510 4708 1567 4770 re,
1592 4708 1673 4754 curn
1690 4687 1904 4756 decretuma
1922 4685 2123 4783 Senatupu
2235 4758 2239 4765 .

231 4787 273 4859 ld
290 4790 415 4859 foedus
431 4790 494 4859 diu
511 4790 581 4858 iam
599 4803 767 4882 tanquam
784 4789 822 4858 in
839 4792 992 4861 statione
1007 4804 1079 4878 est,
1104 4791 1229 4861 delen·
1280 4786 1448 4861 Romano
1467 4788 1622 4872 factum,
1657 4786 1701 4858 T.
1723 4785 1899 4877 Quintius
1922 4784 2125 4882 Imperator
2144 4788 2180 4858 in

229 4893 369 4962 denelae
403 4892 567 4984 publicae
601 4891 870 4984 tranquillitatis
905 4894 1029 4984 gratia.
1089 4893 1229 4963 lllultos
1280 4890 1389 4974 meis,
1413 4913 1486 4984 quo
1510 4914 1551 4961 ex
1575 4914 1674 4960 more
1697 4892 1742 4960 ad
1765 4891 2011 4982 spectaculum
2036 4890 2162 4965 totaG
2300 4980 2306 4987 .

230 4994 413 5085 improbos
436 5008 533 5065 metu
558 4994 737 5080 continet,
761 4998 933 5087 quosdam
957 4998 1066 5068 etiam
1092 4995 1230 5067 tumul·
1281 5006 1517 5079 convenerat,
1544 5017 1629 5063 voce
1646 4994 1831 5085 praeconis
1847 4993 1991 5065 recitari
2016 4997 2184 5079 iussisset,

228 5110 287 5166 tus
310 5096 419 5164 armis
434 5098 575 5167 etbello
590 5098 809 5188 compressit.
856 5096 1001 5187 Quanta
1016 5112 1134 5169 autem
1152 5100 1229 5167 laus
1280 5096 1487 5190 disseritque
1502 5096 1741 5187 gratissimum
1764 5096 1996 5187 praeconium
2013 5096 2186 5181 universi,

231 5213 304 5282 est,
328 5222 438 5268 unam
461 5194 552 5268 hanc
570 5200 754 5271 nationem
776 5201 940 5292 publicae
964 5203 1061 5293 pacis
1081 5202 1228 5273 tutelam
1280 5198 1517 5281 immortales,
1550 5199 1693 5292 quantis
1715 5192 1916 5268 honoribus
1939 5200 2102 5273 adlectus
2123 5197 2173 5270 lm
2275 5232 2306 5253 a

230 5302 427 5393 suscipere,
451 5315 486 5371 et
509 5303 632 5373 salutis
656 5303 818 5373 omnium
836 5328 940 5374 carisa
957 5328 1038 5374 suas
1056 5305 1229 5382 fortunas,
1279 5314 1355 5387 tor,
1386 5327 1493 5397 quam
1523 5302 1633 5392 gratis
1663 5301 1887 5372 sermonibus
1907 5297 2121 5375 Romanum
2146 5324 2190 5371 no
2298 5308 2306 5353 ἰ

229 5428 330 5475 suam
349 5405 457 5474 vitam
475 5405 712 5475 indiscrimen
730 5408 931 5476 adducere?
952 5406 1024 5477 Sed
1040 5403 1108 5477 boc
1125 5408 1230 5500 plane
1281 5404 1496 5475 celebratum
1518 5419 1588 5486 est,
1622 5428 1695 5475 esse
1718 5428 1828 5474 unam
1848 5427 1924 5473 eam
1948 5405 2112 5477 interris
2131 5412 2204 5495 gent
2292 5442 2303 5451 -

228 5507 397 5578 divinum
419 5519 490 5594 est,
522 5510 618 5603 quod
647 5533 727 5580 cum
751 5509 897 5602 publico
928 5510 1008 5580 iure
1039 5510 1230 5603 imperium
1281 5532 1372 5601 quae
1398 5532 1461 5579 sna
1492 5510 1670 5601 impensa,
1708 5531 1773 5579 suo
1806 5507 1931 5578 labore
1958 5532 2000 5581 ac
2028 5508 2181 5605 periculo
