4664 6022
720 303 883 384 DECL.
907 305 985 382 DE·
1018 302 1285 392 vus-TITU.
1964 307 2040 385 tta

123 474 215 545 todo
243 473 430 565 disciplina
461 477 500 547 iu
525 478 728 550 civitatibus
761 481 924 571 regendis
957 496 992 554 et
1016 478 1021 611 Ι
1043 494 1149 575 atque
1172 480 1289 569 imago
1309 480 1375 560 sit,
1402 479 1489 574 quid
1504 479 1708 551 dubitemus
1729 479 1811 549 illos
1832 481 1895 574 qui
1917 493 2035 553 tauto-

123 588 270 647 'ntuum
286 577 458 649 autoritas
471 580 663 670 periclitari
680 583 807 673 coepit,
829 586 890 653 scd
906 583 992 652 reli-
1015 614 1019 693 Ι
1044 606 1127 676 pere
1150 598 1349 654 monstrosa
1373 595 1468 653 veste
1490 584 1730 665 delectantur,
1761 583 1898 651 animos
1928 584 2033 653 etiam

123 678 343 764 ²uuiversas,
368 680 493 766 fidem,
527 683 775 754 iusiurandum
804 699 840 756 et
869 687 989 757 omnia
1041 697 1260 755 monstrosos
1293 680 1447 754 habere?
1485 684 1624 754 Incedit
1649 684 1778 778 aliquis
1800 684 1894 776 pileo
1922 696 2033 757 tectus

123 780 328 875 teocietatis
343 775 520 853 humanae
541 784 654 857 laxata
678 810 752 856 esse
767 789 893 878 vulgus
916 789 991 857 exi·
1042 783 1244 880 hispanico,
1277 808 1389 880 eoque
1404 787 1501 856 varie
1523 786 1634 878 picto:
1666 782 1793 857 thorax
1808 786 1938 856 deinde
1957 788 2033 877 gal-

173 878 265 952 lude
279 907 359 954 eum
376 886 535 979 quotidie
550 888 694 956 maximi
712 902 828 960 motus
844 891 883 960 in
900 891 990 961 civi·
1041 889 1130 960 licus
1150 903 1218 974 est,
1253 890 1354 959 cuius
1371 889 1531 958 manicae
1551 890 1640 958 adeo
1656 913 1732 958 uon
1754 891 1969 980 respondent
1986 893 2032 960 ad

123 984 321 1077 lexistunt,
353 1000 428 1056 tum
455 988 593 1060 vidistis
617 1003 699 1060 aute
719 993 905 1062 biennium
930 993 1005 1062 lu'-.
1042 986 1179 1062 brachii
1213 994 1379 1075 modum,
1417 1005 1457 1062 ut
1483 991 1682 1061 laxissimae
1715 992 1803 1075 siut,
1838 1016 1908 1086 qua
1934 1006 2032 1083 parte

123 1108 159 1155 m
181 1087 276 1157 inter
308 1087 401 1158 cives
427 1103 568 1161 nostros
594 1091 797 1183 bellumiu
823 1096 988 1164 universa
1040 1089 1227 1164 brachium
1250 1093 1417 1185 gracilius
1438 1108 1500 1164 est.
1559 1089 1712 1164 Etcum
1737 1094 1843 1164 vestis
1866 1107 2033 1164 naturam

123 1188 192 1258 unia
207 1189 384 1263 exarsisse.
435 1190 583 1262 Nullum
602 1195 711 1284 igitur
727 1220 904 1266 venenum
921 1221 989 1267 no-
1041 1196 1173 1266 imitari
1193 1198 1336 1275 debeat,
1362 1195 1437 1265 istis
1455 1196 1559 1287 plaue
1576 1195 1756 1266 diversum
1772 1196 1897 1287 placet.
1934 1194 2035 1284 Quid

123 1287 248 1382 tReip.
265 1291 524 1379 existimemus,
551 1320 657 1389 quam
672 1313 893 1389 receptomm
909 1323 989 1368 mo-
1041 1298 1216 1388 amplius?
1248 1296 1406 1388 plebeius
1429 1299 1575 1369 vestitus
1596 1312 1665 1383 est,
1694 1297 1764 1366 nisi
1781 1297 1969 1367 distinctus
1989 1298 2034 1367 sit

123 1394 352 1478 tutationem,
385 1419 475 1488 quae
496 1396 535 1464 in
558 1399 663 1488 vulgo
688 1400 888 1491 licentiam,
923 1425 989 1471 au·
1041 1401 1149 1470 variis
1182 1401 1363 1471 coloribus
1388 1401 1486 1470 velut
1511 1425 1618 1492 pavo:
1658 1395 1790 1469 adhaec
1818 1401 2032 1468 conscissum

123 1518 152 1581 t,
176 1508 419 1612 contemptum
440 1498 603 1588 imperii,
625 1502 780 1595 denique
801 1497 894 1570 nihil
913 1528 987 1573 uon
1037 1494 1113 1572 ¹esse
1128 1516 1279 1594 oportet,
1298 1516 1465 1595 tanquam
1482 1501 1636 1570 mendici
1653 1502 1813 1593 pallium,
1835 1502 1872 1571 id
1888 1504 2031 1570 demum

128 1610 301 1689 pestium,
327 1622 418 1690 quae
434 1600 636 1672 civitatibus
651 1605 757 1673 exitio
772 1628 846 1674 esse
859 1607 987 1686 solent,
1040 1607 1175 1694 regium
1193 1619 1255 1676 εει.
1298 1601 1417 1674 Venio
1434 1607 1476 1673 ad
1495 1604 1656 1695 pallium.
1709 1601 1904 1672 Palliorum
1921 1617 2032 1672 actu-

150 1696 285 1769 Merito
304 1699 413 1789 igitur
429 1702 625 1774 celebratur
639 1706 831 1776 versiculus
846 1707 923 1777 ille:
1042 1708 1201 1777 nicarum
1226 1720 1296 1778 tam
1320 1708 1453 1777 multae
1478 1720 1619 1800 tamque
1635 1705 1754 1775 variae
1779 1704 1913 1773 somnae
1938 1717 2032 1786 sunt,

123 1820 250 1887 dotibus
267 1827 399 1907 antiquis
414 1847 460 1887 res
481 1838 538 1888 stat
551 1824 689 1890 Romana
702 1834 844 1915 virisque.
1040 1813 1080 1880 ut
1093 1823 1189 1879 totus
1203 1803 1262 1878 hic
1278 1808 1354 1877 dies
1368 1810 1410 1878 ad
1429 1810 1682 1878 recensendum
1703 1830 1777 1875 uou
1800 1805 1845 1877 sit
1868 1806 1950 1875 satis
1973 1806 2031 1873 fu-

123 1954 241 2004 scum
257 1946 390 2003 veteres
406 1931 484 2004 Diis
508 1940 687 2026 proximos
703 1936 779 2009 esse'
793 1942 988 2021 credamus,
1040 1925 1165 1996 ²⁰¹¹¹⁸2
1197 1911 1227 1979 εἰ
1251 1910 1407 1999 singulas
1430 1934 1638 1993 ‘inumerare
1661 1909 1781 1981 velim·
1834 1906 1951 2000 Al‘lu‘
1972 1900 2032 1977 hic

123 2034 242 2106 ubium
262 2049 314 2105 est
328 2038 581 2108 vetustissimos
599 2064 714 2109 mores
733 2041 886 2133 optimos
904 2064 987 2126 esse,
1039 2012 1138 2083 venit
1153 2013 1193 2081 in
1208 2025 1361 2082 mentem
1378 2006 1469 2081 mihi
1492 2012 1632 2083 f³b¹¹¹³²
1650 2011 1833 2081 ‘uiffidam
1856 2010 2034 2100 gemui·

123 2136 155 2206 li
171 2137 305 2209 scilicet
319 2138 470 2210 maiores
486 2141 597 2209 nostri
617 2144 797 2213 civitatum
823 2145 987 2214 condito·
1040 2138 1108 2183 ⁰³⁰·
1152 2109 1306 2184 Audim
1320 2115 1416 2183 “⁰5¹⁰
1434 2139 1496 2183 V⁰⁸
1513 2116 1556 2184 de
1575 2114 1734 2205 patrib&
1750 2115 1875 2182 ‘'⁰⁸²‘ss
1890 2111 2032 2201 ⁰Pi¹¹⁰r2

123 2238 171 2309 'iis
187 2239 271 2331 ipsis
287 2239 451 2310 didicisse
468 2243 646 2317 videntur.
679 2242 836 2314 Proinde
850 2245 987 2314 ferendi
1038 2212 1172 2304 Regem
1197 2215 1396 2286 Turenum
1421 2216 1561 2285 5⁰⁵⁸3⁵⁸⁸
1584 2216 1654 2285 Sibi
1681 2215 1842 2284 ⁰m¹¹i⁰¹¹¹
1870 2212 2030 2303 gentium

123 2352 196 2425 ms,
229 2341 289 2434 qui
315 2338 461 2412 honesta
490 2345 665 2415 maiorum
699 2345 859 2416 institut,
889 2347 988 2418 fasti„
1038 2310 1183 2388 habitus
1214 2316 1327 2409 pingi.
1376 2315 1466 2388 Cum
1501 2318 1619 2410 itaque
1646 2317 1762 2408 pictor
1794 2315 2031 2406 plurimarum

134 2442 199 2539 qui
217 2458 369 2513 veterem
387 2444 611 2537 disciplinam
629 2447 783 2533 solvunt,
809 2449 872 2542 qui
891 2473 986 2519 ιιιιιιε
1026 2418 1197 2539 Ἡωῑέυω
1212 2418 1379 2537 lembum
1395 2418 1581 2536 Pinxifffls
1605 2420 1746 2489 landem
1762 2416 1878 2509 Pingit
1892 2417 2031 2533 nudum

123 2569 202 2617 mne
227 2546 307 2614 illos
330 2569 444 2615 mores
461 2548 673 2639 in-paffigm
699 2564 899 2635 accersunt,
924 2550 985 2644 quq
1040 2516 1240 2605 hommem,
1265 2534 1299 2589 et
1313 2534 1409 2590 ruxta
1427 2544 1544 2590 vanos
1560 2541 1707 2610 pannos.
1760 2516 1886 2587 Postea
1905 2518 2031 2588 artifex

123 2660 156 2719 ut
171 2647 385 2740 abolentque
399 2648 491 2737 leges
513 2663 553 2720 ut
566 2649 707 2721 libitum
725 2664 785 2722 est.
838 2648 886 2722 Et
900 2676 987 2723 cou-
1038 2619 1182 2713 ‘bned‘
1201 2620 1317 2692 5⁰⁸⁵&
1339 2622 1565 2713 interpretari
1586 2622 1782 2713 Ρῑῑῑῦΐὸῐῐῑι
1816 2643 1896 2690 ‘⁰¹¹¹
1924 2642 2031 2710 e'‘P0·

123 2752 165 2819 ιη
191 2748 229 2816 in
245 2745 454 2840 Rebuspub,
480 2751 692 2823 clarissimos
708 2754 802 2823 cives
819 2754 987 2825 acerrime
1039 2724 1164 2797 suisset
1179 2737 1324 2808 caetera,
1346 2724 1436 2794 dixit
1449 2726 1585 2795 nudum
1599 2723 1700 2792 illum
1712 2718 1930 2790 Germanum
1947 2742 2032 2802 esse,

133 2851 297 2921 instituta
319 2853 529 2924 defendisse.
582 2852 670 2924 Nam
692 2870 732 2926 ut
759 2856 827 2925 alia
853 2857 986 2927 maiora
1039 2827 1096 2897 ⁰¹¹5
1112 2839 1205 2897 effla
1219 2826 1334 2896 f⁰¹¹⁰³
1350 2826 1497 2897 veslitus
1511 2825 1609 2918 pingi
1625 2848 1699 2895 non
1714 2823 1836 2916 possit,
1850 2824 1931 2916 quia
1941 2844 2032 2915 quo·

123 2976 174 3040 m,
199 2950 337 3024 Romae
353 2956 491 3046 quoties
506 2959 746 3048 sumptuariae
764 2960 855 3046 leges
869 2961 987 3049 perta,
1040 2930 1126 2999 tidie
1150 2953 1278 3030 novam
1302 2928 1484 3017 excogitet.
1536 2928 1649 2998 Doleo
1672 2950 1779 2996 uuam
1798 2920 1890 2995 hauc
1912 2923 2032 3041 natio-

123 3068 165 3143 tt,
190 3069 232 3125 ut
246 3055 421 3125 maiorum
439 3081 538 3127 more
553 3059 695 3131 vestiret
710 3060 858 3130 civitas?
897 3057 985 3132 Cato
1040 3025 2032 3124 nem,quaegravitatisatqueconstantiaelaudemalm-

123 3202 126 3228 ,
157 3158 387 3228 contentione
414 3160 526 3250 legem
557 3155 716 3252 Oppiam
745 3175 865 3232 metm.
891 3165 983 3254 apud
1039 3134 1099 3228 qui
1128 3133 1198 3202 sibi
1222 3132 1397 3249 vindicat,
1431 3125 1497 3201 hac
1524 3146 1623 3223 parte
1654 3128 1807 3200 levitatis
1830 3125 2032 3246 insimulari

123 3282 160 3345 a,
186 3283 276 3353 quae
297 3260 443 3330 modum
463 3264 866 3353 sumptibusmufiemm
885 3288 987 3354 pm„
1041 3257 1151 3326 posse.
1204 3234 1309 3324 Cogit
1331 3256 1425 3301 emm
1447 3255 1504 3302 res
1530 3234 1603 3324 ipsa
1626 3233 1747 3316 fateri,
1772 3233 1866 3321 apud
1889 3254 1955 3299 nos
1974 3251 2031 3296 m·

1039 3335 1244 3406 credibilem
1263 3335 1465 3404 varietatem
1482 3335 1627 3404 vestitus
1644 3356 1729 3405 esse.
1783 3331 1881 3420 Quid
1898 3333 1943 3399 de
1957 3328 2031 3398 cal·

123 3360 196 3433 tat?
227 3357 409 3452 Augustus
430 3387 510 3432 cum
529 3364 665 3435 videret
677 3362 861 3435 Romanos
886 3390 987 3457 perc·
1081 3438 1089 3454 ,
1155 3438 1163 3453 ,
1329 3436 1336 3452 ¹
1636 3434 1644 3450 ‚
1952 3430 1961 3446 ‚

1039 3460 1109 3506 cers
1127 3436 1266 3505 dream?
1289 3435 1374 3503 olrm
1390 3447 1489 3503 erant
1505 3447 1666 3518 rostrati,
1692 3456 1788 3502 nunc
1803 3435 1894 3501 liunt
1916 3446 2047 3501 trran·‘

123 3464 240 3534 vatitu
262 3465 447 3550 delectari,
473 3465 627 3535 sentiens
643 3480 815 3560 quantum
838 3468 876 3535 iu
894 3491 933 3537 ea
949 3491 987 3535 re

123 3579 250 3652 nosset,
274 3566 381 3656 longa
406 3568 565 3638 oratione
590 3569 683 3637 cives
707 3569 926 3659 obiurgavit,
952 3581 986 3639 et

123 3690 154 3739 te
165 3690 271 3739 usum
287 3671 481 3756 revocavit,
505 3669 609 3740 illum
627 3669 732 3742 etiam
750 3669 893 3762 Virgilii
908 3696 985 3741 ver-

123 3794 146 3841 u
160 3767 289 3840 citans:

1039 3539 1113 3628 guli
1128 3539 1255 3628 ligura,
1281 3560 1343 3605 ceu
1359 3536 1528 3605 deltoton.
1573 3532 1671 3623 Quid
1691 3535 1787 3605 aliud
1805 3556 1911 3627 quam
1926 3555 2031 3600 mou-

1039 3656 1150 3710 strum
1175 3640 1352 3731 putandus
1372 3651 1439 3717 est,
1466 3637 1586 3729 quiin
1619 3649 1689 3706 tam
1713 3634 1879 3704 dissimili
1905 3629 2031 3704 habitu

1040 3759 1181 3837 tamque
1197 3742 1292 3810 varie
1309 3741 1475 3809 incedens
1496 3761 1569 3807 sese
1586 3739 1871 3828 circumspectat,
1898 3749 1932 3804 et
1951 3749 2031 3804 tan-

1040 3871 1145 3939 quam
1175 3841 1322 3912 lunouis
1356 3843 1430 3910 avis
1463 3839 1683 3910 admiratur?
1727 3862 1831 3933 quem
1863 3838 2031 3929 profecto,

1040 3947 1107 4016 uisi
1125 3945 1394 4017 admirationem
1411 3944 1629 4013 cousuetudo
1651 3942 1736 4009 mali
1757 3939 1862 4010 nobis
1882 3938 2030 4007 exemis-

1039 4063 1109 4133 set,
1134 4061 1332 4116 monstrum
1349 4047 1492 4138 aliquod
1512 4044 1786 4114 transmarinum
1802 4041 1908 4111 citius
1923 4063 2029 4134 quam

1040 4147 1220 4221 hominem
1243 4172 1316 4218 esse
1332 4147 1437 4217 multi
1459 4149 1653 4215 crederent.
1705 4143 1775 4216 Sed
1792 4142 1823 4215 si
1843 4141 2031 4233 sapientis-

1039 4253 1138 4322 simis
1153 4249 1381 4333 homiuibus,
1408 4249 1479 4318 imo
1499 4248 1528 4317 si
1545 4248 1651 4317 sacris
1666 4244 1778 4318 literis
1793 4245 1952 4324 creditis,
1975 4257 2031 4313 ta-

415 4419 438 4488 b
482 4419 490 4435 .
597 4420 633 4489 ,b
691 4421 714 4490 b
768 4420 776 4436 ,
837 4420 879 4437 ,,
958 4422 967 4438 ,
1011 4356 1108 4465 ,lem
1125 4350 1287 4423 habitum
1302 4373 1376 4422 uon
1393 4352 1578 4420 obscuram
1593 4351 1771 4442 quandam
1787 4347 1896 4418 animi
1914 4345 2030 4463 pictu-

129 4432 329 4500 “nmum‘
348 4443 412 4510 pm
441 4442 492 4486 Μ’
509 4444 607 4488 οωω
635 4444 675 4490 ¹¹⁵
717 4443 796 4489 ⁰⁰¹⁸
812 4444 899 4488 ”m
914 4447 987 4490 ⁰¹¹·
1011 4472 1014 4545 Ι
1041 4482 1114 4526 ram
1141 4476 1214 4524 esse
1240 4453 1396 4523 iudicare
1413 4453 1560 4524 debetis.
1612 4450 1793 4542 Scriptum
1811 4463 1864 4518 est
1879 4469 1974 4516 erum
1992 4467 2030 4512 m

123 4544 196 4603 '¹¹³³
227 4544 380 4614 q⁰⁰m¹⁰
403 4520 534 4592 iudicia
564 4516 656 4591 nihil
688 4523 821 4591 “masi
851 4546 986 4592 ⁵¹¹¹¹¹¹¹¹³
1041 4556 1301 4628 Ecclesiastico:
1327 4551 1501 4634 Amictus,
1525 4556 1615 4624 risos
1632 4567 1665 4623 et
1679 4554 1845 4634 incessus,
1872 4548 2031 4638 produnt

123 4637 216 4693 ‘⁰¹¹³
237 4636 298 4695 ⁰⁸¹·
1041 4656 1196 4729 hominis
1210 4656 1405 4747 ingenium.
1440 4655 1577 4727 Similis
1591 4657 1629 4724 in
1644 4655 1761 4724 animo
1780 4647 2028 4725 inconstantia,

123 4761 170 4829 ed
199 4757 293 4828 dicat
320 4760 469 4852 aliquis,
502 4783 576 4829 non
602 4782 831 4853 magnopere,
863 4762 919 4830 vel
942 4762 987 4830 ad
1011 4728 1014 4771 ¹
1040 4762 1166 4830 similis
1198 4759 1432 4849 cupiditatum
1457 4759 1623 4836 varietas,
1661 4756 1799 4849 qualem
1834 4752 1873 4820 in
1899 4750 2028 4820 vestitu

123 4884 152 4932 ts
174 4883 309 4946 mores,
341 4863 399 4930 vel
422 4864 466 4931 ad
488 4858 617 4953 Remp.
643 4864 821 4952 pertinere
843 4858 907 4932 has
930 4863 986 4932 iu·
1011 4826 1014 4967 Ι
1040 4864 1169 4931 cernis:
1192 4861 1345 4953 denique
1367 4861 1482 4950 legum
1498 4875 1533 4930 et
1545 4882 1684 4928 morum
1701 4854 1833 4947 patriae
1846 4852 2030 4923 fastidium

130 4963 297 5042 vestitus,
330 4987 457 5056 meque
485 4964 594 5032 atroci
624 4964 785 5034 oratione
813 4967 986 5055 exagitare
1040 4966 1155 5033 simile
1170 4965 1208 5033 in
1231 4962 1350 5032 animo
1375 4958 1505 5035 haeret.
1557 4958 1710 5049 Quodsi
1736 4979 1791 5025 res
1811 4950 1903 5024 nihil
1926 4978 2028 5046 prae·

123 5089 167 5137 uu
188 5065 338 5156 perinde
357 5067 532 5138 vitiosam.
584 5062 661 5156 Ego
676 5090 760 5136 vero
779 5069 913 5138 utinam
931 5068 988 5137 di·
1010 4994 1014 5167 l
1039 5081 1132 5138 terea
1140 5064 1373 5157 turpitudinis
1384 5058 1539 5148 haberet,
1554 5076 1672 5133 tamen
1687 5054 1754 5128 hoe
1764 5054 2029 5148 reprehenden-

124 5168 407 5256 magnitudinem
426 5169 477 5237 rei
499 5191 649 5261 aequare
666 5191 821 5260 possem:
847 5184 986 5240 tantum
1039 5171 1125 5240 dum
1149 5181 1243 5250 erat,
1276 5178 1412 5236 tantam
1442 5189 1515 5234 esse
1544 5161 1834 5252 iugratitudinem
1861 5180 1942 5247 erga
1964 5179 2029 5249 pa-

123 5270 342 5362 urpitudiuis
355 5265 421 5340 hac
435 5271 474 5338 in
489 5294 528 5338 re
543 5284 605 5351 est,
629 5283 669 5340 ut
683 5270 782 5340 nulla
798 5272 987 5341 mediocris
1038 5273 1143 5341 triam
1162 5291 1253 5362 quae
1274 5268 1415 5358 genuit,
1446 5290 1537 5359 quae
1559 5264 1740 5348 educavit,
1770 5284 1860 5356 quae
1884 5258 2028 5351 optimis

123 5373 198 5444 ntia
221 5373 268 5443 ad
282 5396 359 5442 eam
378 5373 620 5463 explicandam
638 5373 723 5442 satis
746 5373 801 5447 sit.
840 5370 986 5445 Etenim
1039 5373 1176 5463 legibus
1190 5372 1300 5441 vitam
1316 5368 1484 5448 defendit,
1511 5381 1551 5437 ut
1565 5360 1659 5434 nihil
1675 5388 1773 5437 nunc
1790 5363 1857 5434 nisi
1873 5358 2029 5453 peregri·

123 5498 167 5548 ou
179 5475 300 5546 miuus
313 5475 419 5547 vestis
434 5498 541 5569 quam
556 5474 669 5545 oratio
683 5475 794 5546 animi
807 5470 988 5546 character
1009 5452 1013 5532 l
1039 5499 1127 5547 uum
1143 5473 1288 5566 placeat.
1338 5468 1438 5560 Quid
1452 5468 1548 5538 enim
1564 5467 1757 5563 uuicuique
1769 5464 1886 5537 carius
1899 5462 2029 5533 iucun-

123 3916 253 3958 omauos
267 3918 367 3957 rerum
383 3897 523 3960 dominos
537 3914 717 3983 gentemque
732 3914 875 3981 togatam.

123 4009 155 4080 la
178 4009 269 4079 ratio
294 4024 382 4080 esset
405 4010 473 4080 alia
496 4011 723 4103 improbandi
741 4007 826 4081 haec
840 4014 986 4084 vestitus

123 4135 231 4184 amen
248 4125 324 4182 erat
338 4107 528 4182 honestum
545 4113 650 4184 nobis
665 4115 823 4205 exempla
839 4138 986 4204 magno·

124 4214 289 4287 ominum
312 4216 431 4308 sequi,
465 4215 639 4308 aquibus
664 4216 867 4301 dissentire,
900 4217 987 4309 quid

123 4341 216 4411 quam
234 4315 370 4385 insania
393 4315 468 4386 est?
497 4312 545 4387 Et
559 4322 654 4411 quod
671 4316 777 4400 Cato,
799 4319 895 4409 quod
910 4317 989 4389 Au-
