4664 6022
144 306 221 383 876
576 289 741 369 DECL·
777 285 853 364 DE
887 283 1112 365 STUDlO
1145 283 1411 363 LINGUAE
1445 284 1736 372 EBRAEAE
2105 286 2176 367 876

142 496 179 553 et
196 480 272 549 iure
287 475 483 546 laudamus.
531 465 601 537 Sed
618 466 801 535 literarum
818 476 853 531 et
872 457 978 531 hrains
993 461 1135 548 linguae
1188 460 1250 553 qui
1265 458 1333 529 sibi
1349 459 1493 530 titulum
1503 455 1678 529 Ecclesiae
1691 470 1842 549 arrogat,
1863 456 1995 545 deleta,
2014 457 2176 553 reliquia

145 579 301 674 cognitio
320 574 436 646 verius
449 583 501 642 est
513 569 607 638 iuter
621 590 705 659 opes
717 561 892 635 Ecclesiae
907 564 1136 633 numeranda.
1190 575 1414 652 excerpturus
1436 560 1492 634 sit.
1541 557 1643 630 Hauc
1664 558 1875 631 sententiam
1889 583 2002 655 quam
2022 559 2176 633 miranda

247 679 449 754 Redeamus
470 694 554 763 ergo
571 672 615 741 ad
631 668 848 739 Politianum
866 691 945 736 curn
960 662 1045 735 Pico
1062 666 1133 735 dis-
1189 663 1342 753 imagine
1357 663 1480 755 pingit.
1532 660 1581 733 Ut
1595 661 1725 755 inquit,
1749 686 1830 734 cum
1846 661 1974 733 virreae
1989 675 2092 739 aestu
2109 684 2177 733 are·

147 800 332 859 serentem.
376 776 560 867 Maguum,
585 771 714 865 iuquit,
740 781 987 839 oruamentum
1003 765 1137 837 estviri
1188 767 1299 835 factae
1320 789 1394 837 non
1411 776 1494 835 sunt
1515 765 1728 849 foecundae,
1751 766 1813 835 sed
1839 764 1992 857 sparsim
2019 764 2177 855 psum

147 885 320 960 versantis
342 882 383 952 iu
405 877 603 971 Republica
624 871 824 967 eloquentia
848 868 997 950 Latina,
1029 893 1136 962 quam
1190 892 1276 938 uvas
1296 881 1513 959 genuerunt,
1545 889 1632 959 quas
1653 867 1800 939 colonus
1819 867 2033 951 inveniens,
2068 881 2177 938 tamen

147 988 234 1062 haec
255 984 405 1059 Ebraica
432 979 547 1050 studia
574 978 629 1045 vel
652 973 871 1065 impediunt,
905 972 960 1039 vel
978 994 1137 1039 currum·
1190 970 1260 1040 sihi
1273 971 1486 1060 gratulatur,
1512 968 1693 1062 inquiens:
1718 966 1831 1040 Nemo
1849 963 1914 1040 has
1929 962 2028 1039 mihi
2041 969 2178 1053 auferat,

147 1105 250 1187 punt.
300 1085 474 1171 Magnum
499 1083 603 1150 decus
624 1075 819 1160 sermonis,
848 1072 1079 1142 consiliorum
1103 1085 1138 1141 et
1190 1085 1251 1141 aut
1272 1086 1494 1163 corriunpat,
1520 1071 1603 1163 quia
1617 1067 1695 1141 Deo
1716 1070 1948 1142 benedicente
1966 1083 2076 1143 natae
2092 1084 2177 1143 sunt:

147 1194 328 1267 actionum
354 1184 545 1275 elegantia,
576 1205 682 1275 quam
709 1176 864 1246 Graecae
893 1176 1012 1244 literae
1039 1174 1132 1241 adle·
1190 1173 1239 1243 sic
1255 1170 1432 1245 Ecclesiae
1450 1173 1620 1265 reliquiae
1636 1175 1889 1255 servabuntur,
1913 1195 2051 1263 magna
2068 1172 2177 1247 multi·

147 1312 248 1367 runt:
276 1312 442 1381 maguum
466 1283 655 1377 sapientiae
683 1279 807 1349 lumen
829 1289 881 1346 est
907 1271 1137 1367 Philosophia
1191 1276 1314 1347 tudine
1328 1290 1538 1347 tristissimis
1552 1275 1809 1347 calamitatibus
1823 1276 2030 1365 absumpta.

147 1412 182 1468 et
208 1394 344 1467 Graeca
367 1386 524 1460 historia.
573 1382 786 1465 Adsentior,
816 1381 876 1448 sed
904 1372 996 1446 nihil
1022 1373 1138 1447 adhuc
1291 1376 1332 1448 lu
1351 1374 1416 1449 hac
1431 1376 1583 1467 iruaginc
1600 1401 1704 1469 quarn
1721 1378 1833 1453 multa
1847 1374 2179 1449 cumadmiratione

147 1502 192 1571 dc
215 1493 393 1577 Ecclesia,
418 1493 464 1560 de
486 1486 666 1578 agnitione
691 1482 772 1567 Dei,
805 1484 849 1549 de
871 1479 1138 1550 confirmatione
1191 1480 1322 1570 digna?
1373 1479 1534 1551 Minatur
1552 1478 1795 1560 multitudini,
1815 1492 1851 1549 et
1867 1478 2087 1551 consolatur
2106 1478 2179 1569 piae

147 1600 250 1684 fidei,
276 1592 590 1667 dixitPolitiauus.
644 1586 708 1655 llla
724 1586 803 1654 vult
819 1582 913 1653 Deus
934 1582 1045 1672 prima
1065 1604 1138 1650 esse
1192 1597 1225 1653 et
1248 1596 1369 1651 narrat
1390 1582 1504 1653 Deum
1533 1584 1713 1651 custodem
1736 1582 1830 1670 sore,
1867 1593 1910 1653 ut
1937 1580 2176 1653 vinitorum

148 1703 283 1782 studia,
311 1722 401 1792 quae
415 1690 592 1765 Ecclesiae
612 1687 804 1759 necessaria
819 1699 912 1755 sunt.
964 1682 1138 1766 Primum,
1191 1707 1271 1754 suas
1286 1684 1399 1756 sterili
1413 1700 1569 1775 tempore
1581 1683 1744 1755 custodit
1794 1681 1908 1774 Saepe
1920 1706 1983 1753 me
1998 1683 2044 1751 in
2058 1677 2178 1775 hispa-

147 1803 266 1898 inquit
279 1796 463 1885 Christus,
494 1794 651 1888 quaerite
674 1812 820 1879 reguum
837 1782 924 1870 Dei,
951 1799 985 1856 et
1004 1798 1138 1855 caetera
1192 1787 1293 1855 blicis
1313 1787 1463 1854 miseriis
1486 1800 1520 1855 et
1543 1786 1656 1855 ruinis
1683 1808 1801 1856 rerum
1825 1778 2083 1857 humanarum
2109 1779 2180 1853 haec

147 1905 360 1978 adlicientur
374 1899 486 1969 vobis·
1192 1888 1305 1978 imago
1323 1888 1537 1959 consolatur.
1589 1885 1772 1978 Elegantia
1790 1901 1842 1956 est
1866 1888 1983 1977 igitur
2007 1886 2179 1979 cogitatio·

247 2004 322 2075 Nec
337 2004 386 2073 ita
403 1990 759 2090 impediuntEhraica
775 1988 1043 2059 studiaLatiuas
1060 1988 1138 2057 litc-
1192 2015 1278 2059 uum
1301 2003 1335 2060 et
1360 1992 1547 2059 verborum
1571 2003 1666 2059 tanta
1691 1990 1730 2059 iu
1753 1984 1967 2081 Prophetis,
1994 2005 2042 2061 ut
2060 1989 2177 2082 quires

146 2132 204 2180 ras
227 2121 261 2178 et
280 2104 455 2185 Graecas,
480 2112 616 2170 utnon
639 2093 776 2185 assequi
799 2091 1077 2161 mediocritatem
1099 2090 1138 2159 in
1192 2092 1414 2182 intelligunt,
1439 2116 1513 2162 uon
1528 2092 1663 2181 possint
1677 2114 1753 2161 earu
1770 2114 1844 2160 non
1859 2114 2000 2164 amare.

147 2212 227 2282 aliis
242 2209 381 2278 duabus
396 2201 529 2292 linguis
543 2196 650 2269 homo
667 2195 857 2265 studiosius
872 2193 990 2284 possit.
1020 2190 1138 2281 Quam
1291 2192 1474 2265 Postremo
1492 2195 1586 2286 qttod
1602 2195 1648 2263 de
1663 2193 1834 2285 sapientia
1851 2208 1886 2263 et
1911 2194 2109 2265 barbarica
2119 2189 2175 2265 lle·

147 2314 278 2384 multos
299 2309 395 2380 enim
420 2306 525 2375 etiam
543 2301 668 2371 Latine
690 2299 839 2366 disertos
858 2297 1042 2364 nosrtiuare
1056 2315 1138 2385 pos-
1191 2297 1330 2389 publica
1348 2295 1546 2366 Politianus
1559 2296 1660 2379 dixit,
1684 2296 1786 2364 valde
1803 2308 1910 2367 errat.
1948 2292 2083 2387 Longe
2097 2309 2173 2365 anta-

147 2439 238 2499 ΜΗ,
264 2413 327 2508 qul
343 2407 412 2479 h⁰c
428 2422 585 2497 [empore
608 2402 647 2469 in
670 2395 725 2468 lllss
752 2398 867 2468 tribus
889 2398 1020 2487 linguis
1043 2409 1077 2465 el
1100 2395 1136 2462 ln
1191 2399 1312 2468 celluit
1342 2400 1433 2467 veris
1456 2397 1674 2467 oruameutis
1696 2397 1892 2487 respublica
1923 2393 2078 2469 Iudaica
2101 2395 2172 2469 Atti·

145 2516 309 2588 universa
340 2503 574 2597 Philosophia
604 2525 747 2593 operam
770 2502 908 2588 egregie
939 2497 1139 2568 naverunt?
1191 2526 1264 2569 cae:
1307 2524 1371 2569 nec
1397 2502 1551 2569 concedo
1578 2499 1632 2584 ei,
1667 2499 1853 2581 Solonem,
1891 2494 2169 2575 Themistoclen,

146 2614 200 2689 De
215 2613 416 2686 viventibus
431 2609 645 2689 nondicam,
669 2600 732 2697 qui
744 2612 784 2672 'et
797 2603 900 2671 multi
915 2616 1008 2685 suut,
1033 2600 1138 2669 editis
1192 2601 1372 2673 Aristiden
1399 2603 1550 2671 maiores
1570 2601 1665 2671 viros
1693 2599 1817 2682 tuisse,
1844 2597 1992 2689 Moise,
2018 2602 2165 2676 Samuele,

146 2716 388 2790 monumentis
412 2713 509 2783 clari.
539 2708 700 2802 plerique
723 2702 929 2797 Grynaeum
962 2702 1138 2784 novimus,
1189 2702 1344 2786 Davide,
1370 2701 1470 2785 Elia,
1497 2698 1636 2783 Eliseo‚
1668 2699 1790 2786 Esaia,
1818 2698 1990 2779 leremia.
2055 2703 2162 2779 Fuitir

147 2822 204 2892 cui
226 2819 326 2889 nulla
349 2808 603 2903 Philosophiae
626 2832 706 2899 pars
729 2807 847 2894 ignota
870 2804 960 2887 fuit,
991 2816 1026 2871 et
1046 2798 1138 2869 hanc
1190 2801 1336 2874 Graecis
1358 2804 1499 2895 politica
1516 2803 1687 2894 sapientia
1702 2819 1737 2875 et
1757 2827 1883 2893 magua
1901 2806 2054 2893 virtus,
2076 2806 2156 2877 sedit

148 2947 188 2992 ex
208 2920 354 2990 Graecis
369 2917 529 2986 lontibus
546 2909 721 2989 hauserat,
747 2904 948 2989 Aristotele,
974 2900 1138 2987 Euclide,
1190 2902 1245 2976 his
1273 2907 1403 2975 nostris
1428 2905 1562 2999 agnitio
1583 2905 1669 2989 Dei,
1703 2920 1736 2976 et
1768 2904 1963 2997 peculiaris
1999 2906 2149 3001 sapientie

145 3020 307 3104 Galeno,
340 3040 429 3112 quus
450 3010 575 3083 habuit
596 3008 809 3079 notissimos.
870 3005 1054 3076 Scribebat
1074 3030 1138 3075 au·
1190 3011 1318 3098 gradus
1332 3008 1417 3092 suit,
1442 3032 1512 3101 qua
1527 3031 1582 3076 res
1598 3007 1725 3078 dubias
1742 3021 1778 3079 et
1798 3008 2013 3099 superiores
2031 3006 2152 3083 huarch

146 3139 216 3197 tem
242 3137 275 3193 et
298 3143 438 3198 versus,
462 3130 496 3186 et
520 3114 672 3183 solutam
692 3109 891 3179 orationem
913 3109 996 3178 satis
1017 3109 1138 3199 splen·
1191 3110 1348 3180 consiliis
1370 3123 1404 3181 et
1420 3109 1556 3179 viribus
1582 3112 1803 3181 vocationem
1826 3133 1929 3179 suam
1948 3125 1992 3184 et
2010 3114 2080 3186 Dei
2093 3132 2159 3204 pnt-

109 3226 240 3302 .dide.
291 3222 361 3293 Hic
382 3217 440 3291 his
462 3231 533 3289 tam
558 3213 666 3283 variis
690 3224 724 3282 et
747 3210 928 3280 immensis
952 3211 1087 3281 artibus
1104 3222 1138 3279 et
1189 3213 1338 3282 seutiam
1354 3212 1530 3281 intuentes
1545 3213 1721 3301 gerebant.
1757 3209 1886 3282 Graeci
1906 3212 1967 3283 illi
1981 3215 2064 3286 fere
2076 3230 2164 3285 oum

145 3327 277 3418 linguis
299 3321 474 3394 Ebraeam
496 3318 658 3388 addebat.
723 3310 876 3382 Amabat
898 3312 992 3380 euim
1014 3308 1136 3381 Eccle—
1191 3338 1272 3384 suae
1288 3314 1479 3405 sapientiae
1493 3313 1620 3385 fiducia
1636 3315 1731 3401 elati,
1742 3315 1955 3385 tandemvel
1972 3322 2167 3413 πολυπραγ-

146 3432 233 3501 siam
250 3425 337 3508 Dei,
360 3440 396 3495 et
417 3425 533 3492 fontes
556 3416 738 3488 doctrinae
761 3418 961 3506 quaerebat.
1015 3412 1137 3506 ltaque
1189 3409 1357 3508 μοσύνῃ,
1384 3417 1438 3486 vel
1459 3416 1713 3505 cupiditatibus
1732 3415 1874 3485 iniustis
1901 3417 2080 3509 impulsi,
2104 3416 2169 3489 cisi·

146 3536 240 3604 inter
257 3528 471 3623 precandum
485 3522 620 3615 aliquid
638 3514 788 3588 Ebraice
801 3516 950 3605 legebat.
1192 3519 1322 3587 tatitnrs
1344 3518 1416 3588 suis
1437 3539 1579 3607 magnas
1593 3519 1716 3589 ruinas
1728 3533 1970 3593 attraxerunt.
2027 3519 2075 3593 Et
2090 3516 2171 3591 habat

247 3629 301 3701 De
317 3627 489 3718 elegantia
513 3621 684 3692 sermonis
706 3642 779 3688 non
804 3613 862 3685 hic
879 3620 1015 3702 (licam,
1040 3618 1136 3710 quod
1190 3617 1305 3689 David
1331 3615 1540 3698 anchoram,
1568 3644 1635 3711 qua
1660 3643 1758 3689 suam
1777 3621 1899 3688 navim
1920 3624 2039 3693 etiarn
2052 3644 2174 3719 quassa·

147 3734 275 3805 Graeci
294 3732 419 3800 citant:
448 3721 663 3797 Anacharsis
685 3722 776 3811 apud
794 3717 1139 3803 Atticossoloecizat,
1192 3737 1261 3792 tam
1288 3722 1401 3791 ventis
1431 3735 1462 3793 et
1488 3720 1654 3791 fluctibus
1679 3736 1810 3803 servet,
1847 3723 2019 3813 ignotam
2043 3722 2175 3797 Thami-

146 3836 259 3909 Solon
283 3857 366 3901 vero
390 3831 482 3921 apud
506 3820 665 3920 Scythas.
726 3820 807 3890 Non
838 3821 931 3889 enim
956 3822 1048 3891 valet
1070 3816 1138 3891 hoc
1190 3823 1315 3908 stocli,
1340 3821 1488 3911 Pericli,
1515 3836 1549 3891 et
1571 3823 1759 3898 similibus.
1819 3823 1896 3895 Scit
1915 3849 1976 3911 se,
2005 3828 2075 3899 seit
2094 3848 2176 3899 man

146 3939 279 4008 (lictum
296 3936 335 4003 in
351 3932 573 4002 uuiversum:
602 3923 845 3994 inventionem
862 3936 987 3992 natura
1003 3922 1138 3991 diiudi-
1190 3924 1444 4018 rempublicam
1457 3921 1533 3995 Deo
1550 3949 1655 3995 curae
1671 3949 1761 3995 esse:
1787 3938 1823 3995 et
1841 3920 1909 3999 hac
1926 3952 1997 4021 spe
2015 3955 2085 4003 nee
2104 3929 2177 4001 abii-

146 4053 222 4119 cat,
245 4062 284 4106 ac
307 4036 416 4106 multa
441 4034 486 4123 ah
506 4028 697 4120 ingeniosis
716 4040 750 4095 et
767 4025 1001 4115 prudentibus
1018 4018 1138 4095 homi·
1190 4028 1237 4099 cit
1258 4051 1355 4097 arma
1382 4028 1419 4095 in
1441 4028 1738 4107 gdve1515191,03‚
1763 4029 1979 4102 „adegerit
2003 4035 2175 4103 “afim

144 4141 270 4223 nibus,
295 4159 499 4231 quanquam
517 4131 646 4221 ignaris
662 4126 818 4199 Graecae
833 4127 985 4217 linguae,
1011 4150 1136 4217 magna
1191 4153 1310 4214 suam,
1334 4131 1395 4198 sed
1413 4127 1525 4199 exitus
1548 4130 1679 4201 faustos
1694 4142 1864 4222 expectat.
1916 4129 2032 4204 Helue
2056 4135 2177 4229 sapien·

146 4265 228 4316 cum
245 4252 426 4310 venustate
445 4234 636 4324 excogitata
652 4229 793 4300 etdicta
808 4243 901 4298 suut.
1190 4232 1274 4301 tiam
1304 4232 1475 4301 maiorem
1508 4245 1541 4302 et
1566 4233 1678 4321 uragis
1699 4232 1888 4303 salutarem
1912 4228 2178 4315 Thmnistoclea,

249 4337 297 4412 Et
312 4361 495 4434 nunquam
513 4333 684 4425 sapientia
698 4343 750 4400 est
765 4331 841 4399 siue
856 4332 1045 4421 elegantia,
1070 4325 1138 4399 hoc
1190 4333 1331 4404 discetis
1351 4357 1392 4402 ex
1408 4333 1560 4403 lectione
1575 4330 1730 4426 Reipub.
1748 4332 1927 4420 ludaicae,
1954 4362 2093 4432 quarn,
2114 4359 2177 4409 cun

148 4459 220 4536 est,
244 4445 321 4514 siue
345 4443 405 4511 illa
428 4454 503 4510 arte
525 4439 653 4507 idonea
669 4433 887 4523 temporibus
910 4459 951 4503 ac
968 4433 1139 4525 personis,
1190 4435 1296 4505 suerit
1312 4431 1468 4506 Ecclesia
1485 4431 1575 4520 Dei,
1600 4461 1673 4506 uon
1697 4437 1855 4507 sinamus
1877 4438 2115 4513 barbaricam
2129 4462 2178 4509 fo.

142 4570 228 4618 cunt
257 4547 376 4638 aliqua
402 4540 575 4631 singulari
605 4535 776 4606 suavitate
798 4534 955 4609 dicendi.
1014 4533 1137 4606 Fuisse
1190 4537 1275 4610 cari.
1325 4535 1422 4607 Haec
1443 4537 1538 4606 euim
1565 4538 1785 4609 domicilium
1809 4536 2178 4629 tuitagniuonisltcl

147 4664 263 4719 autem
280 4645 489 4738 sapientiam
503 4643 541 4710 in
549 4633 736 4730 Prophetis
749 4638 988 4718 excellentem,
1000 4638 1138 4726 magni·
1190 4638 1380 4730 sapientiae
1398 4662 1554 4708 summae
1571 4637 1666 4711 inter
1683 4637 1864 4719 homines,
1893 4626 2178 4737 Pffldeufiag'p.

147 4753 235 4821 tudo
256 4773 374 4820 rerum
399 4761 573 4838 gestarum
593 4739 758 4812 ostendit.
809 4736 929 4827 Quare
946 4765 1018 4809 non
1036 4752 1138 4830 pute-
1191 4740 1320 4821 liticae,
1340 4740 1575 4824 fortitudinis,
1601 4742 1877 4812 castissimorum
1896 4766 2065 4829 monam,
2089 4744 2177 4819 digai.

147 4852 194 4920 tis
217 4875 336 4920 earum
357 4848 555 4919 orationem
579 4842 748 4913 insulsam
767 4864 857 4910 esse:
889 4844 948 4912 sed
968 4856 1006 4911 ut
1024 4842 1136 4931 pictu-
1189 4842 1327 4933 pliuae,
1355 4854 1526 4911 etearum
1545 4842 1677 4913 artium
1691 4866 1780 4938 quac
1800 4842 1897 4913 inter
1919 4840 2179 4943 philosophi„

148 4975 224 5025 cam
255 4952 396 5041 longius
426 4949 575 5040 positam
601 4944 756 5013 iudicare
778 4942 960 5013 difficilius
986 4958 1057 5027 est,
1091 4943 1136 5012 ita
1187 4944 1398 5036 praecipuae
1422 4958 1517 5014 suut.
1568 4941 1640 5016 Sed
1662 4968 1759 5015 nunc
1771 4943 2009 5023 collationem
2033 4952 2178 5045 gentian

149 5053 264 5144 ignari
278 5077 394 5123 rerum
405 5048 581 5122 Ecclesiae
597 5045 767 5115 nonsatis
785 5049 915 5129 rident,
930 5070 1036 5137 quam
1049 5044 1138 5112 illu·
1189 5046 1363 5119 omittam,

147 5169 236 5227 stres
271 5168 305 5223 et
337 5153 458 5222 dulces
495 5150 662 5239 imagines
697 5159 897 5238 proponant
928 5139 1137 5236 Prophetae.
1291 5144 1346 5218 De
1360 5147 1503 5237 liuguae
1516 5148 1635 5220 studio
1648 5142 1718 5220 hoc
1734 5172 1797 5219 vos
1810 5173 1876 5220 oro
1891 5163 1930 5223 et
1945 5156 2179 5239 obtestor,ut

148 5252 269 5328 Obvia
284 5267 368 5324 suut
383 5253 516 5344 ubique
532 5250 688 5340 exempla
704 5248 967 5327 venustissima,
993 5249 1054 5315 sed
1071 5242 1138 5317 hoc
1189 5249 1348 5340 cogitetis
1370 5251 1506 5321 donum
1536 5250 1739 5341 linguarum
1763 5253 1803 5321 in
1825 5246 1995 5325 Ecclesia
2018 5256 2178 5328 divinitus

147 5382 261 5429 uuum
277 5355 444 5427 recitabo.
496 5351 670 5421 Praedicit
684 5344 826 5430 Esaias,
850 5347 966 5419 Deum
980 5365 1139 5421 servatu-
1191 5351 1351 5421 excitari:
1383 5376 1424 5421 ac
1448 5351 1536 5421 velle
1559 5352 1696 5433 Deum,
1729 5367 1769 5424 ut
1792 5367 1913 5425 nostra
1933 5354 2177 5451 diligentiaid

148 5482 229 5529 rum
253 5481 326 5529 esse
351 5479 452 5539 suos,
484 5455 633 5538 sedita,
665 5464 703 5523 ut
728 5472 853 5541 magna
879 5466 977 5544 parte
1001 5452 1139 5546 populi,
1191 5475 1322 5524 munus
1355 5467 1536 5541 tucamur,
1572 5468 1613 5525 ut
1637 5454 1759 5528 laudat
1789 5478 1932 5545 sersus,
1963 5462 2034 5554 qui
2065 5462 2177 5535 utente
