4664 6022
45 1445 48 1459 ’
151 1428 299 1498 collocat
324 1428 361 1495 in
385 1424 661 1516 gubernatione,
695 1424 819 1496 ludum
847 1446 935 1496 esse.
991 1424 1141 1517 Specula

30 4824 39 4843 ι
148 4778 323 4874 propono,
349 4800 462 4856 tenete
480 4784 622 4855 infixam
640 4786 787 4862 animis,
814 4801 847 4857 et
861 4813 964 4879 saepe
978 4789 1139 4879 cogitate,

151 280 250 357 tot-o
737 271 902 353 DECL.
941 274 1017 355 DE
1057 276 1268 359 LEGUM
1301 279 1589 365 tvs‘rI'rtA.
2084 291 2183 366 1016

145 480 311 550 praeceps
331 456 474 548 lingua,
502 454 562 523 sed
584 452 718 524 crebris
740 453 929 542 gemitibus
950 467 1085 546 repetat
1104 467 1140 525 et
1188 456 1483 547 silis-pumat,
1524 470 1559 530 et
1582 485 1645 531 vor
1667 461 1881 534 faeiatvasa
1905 465 2184 552 misericordiae,

145 556 215 631 hoc
235 562 370 632 dictum
394 558 487 649 regis
507 551 686 648 iosaphat:
728 555 819 626 Cum
845 557 1021 626 nescimus
1050 559 1138 651 quid
1188 560 1358 630 salutaria
1376 561 1501 647 nohis,
1526 560 1707 636 Ecclesiae
1725 581 1762 637 et
1776 564 2024 658 Reipublicae.
2059 566 2186 638 nixa

145 663 191 731 sit
206 666 402 753 agendum,
426 657 517 731 Ecce
532 660 627 729 oculi
644 658 757 728 nostri
772 660 815 727 ad
834 671 867 728 te
884 656 982 729 Deus
1001 661 1139 730 tollun-
1788 670 1792 677 ’

146 778 216 836 tur.
268 761 316 835 Et
331 762 419 832 illud
442 762 575 830 dictum
591 760 757 829 Domini:
783 759 926 848 Quanto
944 761 1055 850 magis
1078 785 1152 852 pa-.

148 881 200 934 ter
215 881 330 938 vester
346 863 505 933 coelestis
522 862 621 932 dabit
641 861 815 952 Spiritum
838 878 997 933 sanctum
1017 878 1140 953 peteu-

149 968 272 1038 tibus?
313 964 360 1037 Et
380 967 470 1035 illud
487 962 706 1033 Salomonis:
719 1011 725 1022 .
739 963 793 1032 Da
809 984 910 1033 servo
928 979 989 1034 tuo
1008 989 1068 1032 cor
1082 965 1140 1033 in·
1189 931 1367 1058 Q
2011 1036 2176 1066 Μ

148 1070 327 1159 telligens‚
365 1083 406 1138 ut
430 1065 602 1159 populum
633 1079 734 1135 tuum
760 1065 917 1135 iudicare
941 1067 1068 1158 possit,
1107 1069 1140 1138 et

148 1172 347 1241 discernere
361 1171 455 1240 inter
474 1171 608 1239 bonum
625 1180 659 1237 et
677 1167 821 1242 malum.
1440 1148 1516 1234 De
1545 1153 1700 1265 leffttm
1729 1153 1920 1241 iustitia.

250 1323 333 1394 Non
349 1323 545 1394 existimate
554 1321 771 1407 Stationem,
796 1323 835 1391 in
852 1346 957 1416 quam
965 1321 1062 1396 Deus
1079 1345 1142 1392 vos
1257 1303 1637 1448 Ῑῖἷὲὶξξέἳῖῑῗᾶἓιξν·
1654 1327 1681 1380 l·
1695 1310 1815 1384 ΜΝ·
1845 1312 1964 1373 servem
1977 1313 2010 1374 T·
2025 1313 2113 1389 Wue·
2127 1317 2183 1376 ltu

149 1529 285 1617 generis
303 1523 453 1598 humani
467 1541 548 1645 ests·
563 1541 596 1595 et
610 1549 673 1595 vos
688 1523 880 1645 minim.
891 1531 1052 1597 custodes
1065 1550 1142 1646 esse
1191 1555 1320 1625 omaro
1349 1550 1395 1623 dp
1421 1553 1547 1649 le9um
1576 1556 1729 1628 iusticia
1756 1563 1794 1628 et
1819 1555 2049 1652 disciplinae
2076 1586 2182 1657 prae·

149 1631 352 1720 religionis,
378 1631 513 1718 legum,
537 1643 716 1714 rustacrae,
741 1630 949 1720 discipliuae
965 1647 999 1700 et
1014 1651 1120 1722 pacis.
1334 1660 1481 1727 ,tama
1500 1677 1547 1726 αθ
1568 1663 1806 1732 moenum,
1857 1667 2041 1740 &1552

251 1779 350 1851 Hm
372 1781 504 1870 ⁰pllm³
528 1781 621 1849 ‘¹⁰⁰³
642 1803 726 1850 νοω
749 1781 1026 1871 g¹¹b⁸¹¹¹³¹⁰f¹¹¹¹¹
1046 1780 1143 1904 D‚⁰¹}⁸
1191 1803 1276 1893 Etsi
1306 1818 1609 1923 honestissimum,
1632 1838 1704 1914 est,
1752 1829 1908 1917 etutile
1937 1827 2183 1925 Reipublicae,

151 1883 279 2002 ¹⁹lest
302 1883 421 1972 generi
449 1877 634 2000 h⁰m³¹'f'·.
673 1879 743 1951 v⁰⁸
766 1881 874 2003 igilur
896 1909 1032 1955 ⁵⁰¹¹¹¹¹¹³
1052 1910 1144 2005 v'ssi'
1191 1924 1380 2017 praecipue
1395 1949 1496 1997 senes
1511 1951 1551 1999 ac
1565 1946 1809 2022 praeceptores
1823 1931 1982 2004 iudicare
1998 1939 2045 2005 de
2060 1941 2183 2009 studiis

151 1987 262 2056 lanua
276 2000 306 2055 εἰ
325 1986 447 2104 fidffa
464 1997 647 2054 mmmm·
699 1981 960 2105 N⁰¹¹,¹m9‘¹¹³t
975 2010 1038 2057 ⁸⁸⁰⁸
1051 1988 1144 2106 ΡΜ·
1191 2026 1407 2123 auditorum,
1430 2043 1464 2101 et
1475 2027 1557 2123 plus
1572 2031 1773 2103 autoritatis
1790 2035 1893 2104 estin
1910 2036 2116 2109 testimonio
2132 2064 2182 2111 te-

151 2101 202 2158 tas
219 2088 262 2157 ad
279 2087 530 2172 ambitionem,
554 2086 645 2157 etad
663 2087 902 2159 adulationes:
935 2115 1009 2159 non
1027 2104 1145 2160 vincat
1193 2128 1278 2200 nili:
1303 2144 1422 2201 tamen
1446 2134 1670 2202 excusatione
1689 2136 1813 2205 aetatis
1856 2141 2183 2229 occupationum&

151 2204 283 2307 'mim’
317 2203 356 2260 “t
377 2189 530 2307 ''⁰5⁰3‘ae
553 2189 749 2307 ‘immun
773 2192 1033 2311 ³pr⁰b⁰¹¹¹f¹⁸
1050 2262 1054 2267 ·
1069 2217 1143 2263 ⁰⁰¹¹
1193 2230 1391 2304 moestitiae
1408 2235 1461 2305 uti
1478 2248 1657 2327 poteram,
1685 2260 1730 2305 ne
1746 2190 1836 2307 mihi
1854 2232 1912 2308 hic
1926 2240 2034 2312 labor
2050 2244 2183 2336 publice

152 2293 254 2377 odra,
282 2315 355 2359 nou
371 2292 486 2361 studia
500 2291 696 2385 factionum
714 2293 908 2364 accendant
923 2318 1078 2380 canamus,
1103 2309 1144 2366 ut
1193 2334 1334 2404 dicendi
1351 2336 1603 2428 imponerem
1639 2335 1791 2408 Memini
1807 2363 1926 2409 “nem
1942 2368 1962 2407 v
1967 2366 2077 2416 enm
2078 2372 2103 2416 n
2106 2349 2126 2417 d
2130 2373 2180 2416 um

151 2407 259 2464 ruant
274 2407 396 2463 contra
413 2392 610 2479 iusticiam,
636 2405 672 2462 et
686 2410 836 2482 augeant
851 2397 942 2466 mala
959 2398 1112 2488 publica.
1180 2424 1372 2508 Umorem
1396 2436 1556 2528 Ebinger
1577 2441 1617 2511 in
1640 2439 1831 2510 Academia
1851 2416 2103 2535 Tub'ingemi‘
2127 2449 2180 2543 qui

250 2545 404 2638 Magqae
428 2560 512 2617 ,unt
536 2547 861 2636 insidiaediab01i‚
892 2552 955 2644 qui
978 2553 1144 2645 dissipari
1193 2564 1307 2609 annot
1328 2541 1586 2634 quinquaginta
1614 2567 1673 2611 sex
1692 2543 1835 2635 publice
1860 2546 2001 2618 docuit:
2036 2547 2178 2622 Etcum

149 2670 260 2738 genus
278 2646 474 2720 humanum
497 2662 656 2722 conatur,
717 2648 849 2742 Magna
868 2655 985 2723 rabies
1001 2670 1052 2726 ese
1067 2657 1142 2725 dia.
1194 2654 1338 2734 propter
1367 2657 1512 2712 naturae
1537 2643 1732 2715 bonitatem
1764 2658 1799 2715 et
1823 2650 2116 2738 temperantiam,
2147 2667 2176 2724 et

150 2751 336 2836 boiorum,
363 2752 424 2845 qui
448 2751 532 2820 odio
549 2748 616 2819 Dei
638 2751 820 2822 saevitiam
840 2771 1004 2826 exercent
1020 2772 1143 2827 contra
1193 2758 1307 2814 totum
1323 2743 1416 2814 Vlla!
1429 2744 1593 2815 “dinem
1615 2746 1707 2815 Vim
1732 2747 1891 2839 c‘¹¹'P0slS
1911 2744 2065 2824 habere!
2084 2756 2172 2824 eliam

149 2847 242 2923 hane
265 2853 442 2922 infirmam
463 2848 650 2921 hominum
669 2865 843 2928 naturam,
898 2854 981 2927 ideo
998 2858 1075 2927 siria
1090 2859 1144 2926 vi.
1195 2846 1233 2913 iu
1249 2861 1389 2914 senecta
1404 2847 1523 2915 minus
1538 2846 1793 2937 languelactas,
1817 2873 1891 2918 non
1910 2854 2037 2925 oudsit
2047 2855 2168 2944 legendi

150 2954 369 3042 gilantiores.
429 2948 561 3047 Aliqua
588 2977 629 3022 ex
654 2954 814 3045 partein
840 2970 952 3028 vestra
976 2972 1144 3049 potestate
1195 2962 1228 3017 ⁰¹
1248 2947 1675 3037 re⁵ll⁰¹¹⁴li¹¹dllimem·
1729 2950 1798 3021 sed
1820 2951 1909 3025 Villi
1931 2955 2164 3047 ille-illidi&

149 3068 221 3137 est,
248 3069 288 3125 ut
307 3078 471 3125 normam
497 3056 614 3144 legum
636 3057 850 3150 sequamini:
878 3074 913 3132 et
934 3059 1064 3155 aliquis
1089 3061 1144 3133 lo·
1194 3048 1407 3142 lr³nq⁰lll³s
1438 3074 1478 3119 ὅθ
1501 3050 1651 3122 fl⁰r⁶¹¹l⁰
1672 3053 1790 3145 P⁰¹l¹¹⁸
1806 3050 2028 3143 G²¹¹¹¹³¹¹l³2
2057 3058 2092 3129 5¹¹
2116 3081 2173 3151 ‘lm

149 3180 211 3226 ως
233 3171 286 3236 aar
310 3157 515 3246 diligentiae
544 3169 679 3229 vestrae
702 3157 741 3227 in
763 3158 931 3233 discendo
955 3178 991 3235 21
1012 3163 1049 3233 in
1073 3165 1144 3235 ste.
1193 3149 1400 3242 Principum
1414 3151 1700 3224 coniunctionem
1710 3155 1886 3247 sapienter
1896 3158 2175 3232 tuebaturlllasi-

150 3259 492 3331 mndigaffecaibua,
890 3310 893 3315 .
1193 3253 1363 3331 milianus
1378 3254 1471 3345 Imp.
1509 3249 1558 3326 Et
1574 3254 1739 3347 inprimis
1753 3259 1901 3332 florebat
1917 3261 2177 3333 ducatusWir·

1195 3357 1427 3445 tebergensis,
1462 3356 1600 3446 legibus
1621 3372 1656 3428 et
1677 3358 1864 3452 disciplina
1886 3364 1991 3435 ducis
2011 3361 2177 3435 Eberardi

1194 3456 1372 3550 Principis
1387 3459 1670 3534 moderatissimi.
1711 3457 1793 3532 Nou
1809 3460 1900 3534 vidit
1914 3465 1976 3534 ille
1992 3490 2101 3537 senex
2115 3469 2180 3536 dis-

1194 3559 1284 3629 sidia
1306 3564 1513 3656 dogmatum
1537 3561 1574 3630 in
1596 3557 1774 3649 Ecclesia,
1800 3588 1874 3633 non
1895 3567 2084 3640 seditiosas
2103 3593 2180 3639 con-

1193 3663 1405 3755 spirationes
1428 3660 1635 3755 Principum
1661 3680 1782 3737 contra
1809 3665 2086 3759 Imperatorem,
2115 3695 2181 3741 non

1194 3765 1460 3857 peregrinarum
1474 3766 1632 3855 gentium
1647 3768 1821 3841 exercitus
1834 3767 1872 3837 in
1886 3766 2101 3843 Germania:
2125 3778 2182 3843 sed

1195 3892 1275 3943 curn
1298 3867 1487 3940 mediocris
1513 3881 1600 3937 esset
1623 3870 1842 3959 reipublicae
1864 3874 2127 3966 tranquillitas,
2153 3888 2185 3945 et

1195 3970 1407 4043 domesticae
1437 3991 1493 4038 res
1523 3971 1600 4039 sine
1626 3970 1758 4060 insigni
1789 3973 2007 4069 calamitate,
2047 3978 2184 4069 placide

253 4069 500 4143 certissimum
526 4082 595 4156 est,
630 4072 788 4142 exaudiri
814 4086 895 4143 vota
925 4088 961 4144 et
991 4074 1143 4166 gemitus
1195 4072 1379 4142 fruebatur
1402 4071 1531 4142 studiis
1553 4074 1736 4142 doctrinae
1758 4096 1859 4145 suae:
1894 4074 2053 4150 leniebat
2082 4080 2183 4149 etiam

149 4187 303 4243 nostros.
353 4173 423 4244 Sed
451 4187 630 4265 petamus,
657 4197 730 4242 uon
757 4187 798 4244 ut
820 4175 905 4245 vitia
929 4191 988 4247 aut
1011 4178 1141 4246 scelera
1194 4199 1297 4243 curas
1317 4175 1515 4264 precatione
1542 4187 1576 4244 et
1602 4176 1816 4264 cogitatione
1841 4180 1885 4246 de
1904 4175 1996 4248 Deo.
2048 4178 2184 4252 Habuit

151 4278 422 4346 confirmentur:
458 4278 517 4342 sed
543 4289 581 4343 ut
600 4290 855 4347 conserventur
874 4273 1050 4363 Ecclesia,
1084 4301 1142 4348 so-
1193 4291 1227 4349 et
1243 4276 1365 4346 solatia
1380 4276 1571 4347 domestica
1594 4300 1666 4347 uon
1690 4277 1845 4367 ingrata,
1869 4280 1960 4349 duos
1982 4282 2080 4353 lilios
2100 4284 2184 4363 iuris

149 4377 255 4446 cietas
274 4378 429 4468 politica,
456 4376 613 4455 iusticia,
637 4378 842 4467 disciplina,
867 4403 952 4471 pax,
979 4381 1142 4450 salutaris
1193 4382 1371 4448 ductores:
1400 4396 1433 4450 et
1456 4404 1496 4449 ex
1519 4373 1575 4447 bis
1598 4379 1821 4450 dulcissimos
1846 4392 1966 4463 natos,
1995 4385 2061 4476 qni
2080 4408 2181 4455 avum

149 4480 358 4569 gubernatio
382 4477 524 4573 publica
549 4494 581 4549 et
607 4481 753 4570 privata.
804 4479 1141 4553 Haueadmonitio-
1191 4481 1453 4552 comitabantur
1481 4496 1622 4551 euntem
1652 4482 1689 4550 iu
1726 4478 1887 4566 bortum,
1920 4481 1958 4553 in
1988 4503 2181 4588 quoerant

149 4605 249 4665 nem,
269 4607 374 4675 quam
396 4575 514 4652 iubae
537 4581 676 4669 publica
694 4583 963 4654 renunciatione
981 4585 1139 4657 testimo·
1190 4609 1380 4674 operarum
1397 4583 1495 4654 socii.
2007 4593 2015 4599 ”

133 4681 199 4751 ·nii
215 4685 383 4755 mandato
401 4683 545 4765 divino,
572 4696 605 4752 et
621 4684 768 4754 nomine
783 4679 1017 4778 Reipublicae
1039 4688 1139 4756 vobis

252 3410 324 3484 Sed
353 3411 500 3502 adiungi
530 3426 671 3503 oportet
699 3413 960 3485 invocationem
983 3413 1069 3487 Dei:
1108 3432 1142 3489 et

150 3514 316 3611 promisit
337 3512 434 3585 Deus
460 3537 497 3585 se
520 3529 616 3585 certo
640 3515 898 3604 opitulaturum
931 3541 1004 3587 esse
1030 3520 1144 3607 nobie,

150 3616 401 3687 invocantibus
435 3640 517 3687 eum
544 3619 638 3686 bona
665 3617 897 3691 conscientias
932 3645 1023 3712 quae
1050 3637 1143 3692 certe

150 3720 248 3809 lugat
268 3718 465 3788 affectatam
489 3717 737 3807 negligentiam
765 3732 798 3788 et
824 3723 1020 3811 perfidiam.
1085 3724 1144 3795 Si-

150 3833 210 3890 cut
231 3819 401 3911 scriptum
425 3832 491 3889 est:
526 3818 565 3891 Si
588 3820 675 3912 quid
697 3819 852 3913 petimus
866 3827 1062 3896 secundum
1079 3851 1144 3896 vo·

103 4009 104 4012 ῒ
149 3922 322 3995 luntatem
341 3922 438 4007 eius,
463 3920 564 3993 acrdit
582 3945 659 3997 nos·

1291 4732 1368 4826 Ego
1383 4760 1461 4804 eum
1479 4736 1549 4805 iam
1565 4732 1631 4805 Dei
1649 4735 1820 4806 beneficio
1837 4735 2105 4825 ingressus.sim
2120 4766 2177 4812 an·

1189 4864 1276 4907 urim
1309 4841 1502 4909 secundum
1535 4852 1567 4907 et
1601 4837 1919 4927 septuagesimum,
1949 4866 2032 4914 cum
2065 4858 2103 4917 et
2121 4849 2178 4914 do·

1188 4943 1312 5026 residi,
1362 4954 1396 5010 et
1430 4940 1669 5032 respondendi
1702 4939 1949 5010 adsiduitatem
1976 4934 2179 5030 sustineam,

245 5031 324 5108 Oro
339 5053 454 5109 antem
471 5040 606 5128 Deum,
634 5053 816 5108 aeternum
839 5055 972 5132 patrem
989 5040 1137 5114 Domini
1187 5059 1317 5135 quamn
1341 5042 1378 5110 iu
1402 5043 1579 5112 moesticia
1605 5042 1709 5111 sirm?
1740 5039 1869 5111 lucidit
1885 5045 1982 5112 enim
2000 5041 2092 5121 haec
2108 5073 2177 5121 mea

145 5155 179 5210 et
194 5138 378 5211 salvatoris
391 5143 502 5212 nostri
519 5144 597 5211 Iesu
613 5136 768 5225 Claristi,
792 5145 1013 5215 conditorem
1030 5171 1135 5236 geue·
1186 5159 1341 5214 senecias
1363 5145 1400 5213 iu
1424 5166 1569 5234 magnas
1589 5139 1765 5212 Ecclesiae
1786 5157 1820 5213 et
1844 5145 2082 5235 imperiorum
2100 5175 2179 5221 cors·

127 5240 199 5309 ‘ris'
225 5236 371 5312 humaui
407 5258 440 5311 et
472 5243 623 5314 aliarum
649 5259 910 5329 creaturarum,
950 5274 1020 5317 urm
1053 5273 1133 5317 cum
1184 5247 1358 5326 fusiones,
1408 5272 1558 5338 quarum
1594 5246 1808 5334 cogitatione
1843 5249 1944 5317 valde
1987 5259 2179 5325 excrucior.

141 5343 214 5411 lilio
240 5369 303 5413 sno
328 5342 484 5413 Domino
510 5358 632 5415 nostro
660 5343 739 5417 lesu
764 5343 906 5419 Christo
932 5365 969 5421 et
995 5350 1133 5441 Spiritu
1181 5347 1253 5418 Sed
1272 5344 1338 5418 bar
1355 5375 1410 5418 me
1427 5349 1669 5418 cosisolatioue
1685 5349 1804 5433 firma,
1831 5363 1863 5418 et
1880 5374 2111 5445 nequaquam
2133 5360 2176 5425 ia-

140 5468 204 5514 suo
223 5462 361 5534 sancto,
383 5462 458 5518 toto
476 5461 639 5537 pectore,
667 5463 706 5520 ut
719 5465 832 5522 vestra
850 5452 964 5522 studia
987 5467 1021 5524 et
1044 5476 1132 5522 con·
1182 5451 1273 5533 rita,
1299 5453 1396 5541 'erigo
1412 5464 1447 5521 et
1461 5464 1638 5536 sustento,
1663 5452 1758 5544 qarod
1777 5449 1982 5524 scientium
1999 5451 2086 5538 Dei,
2106 5456 2175 5529 De·

147 4898 182 4953 et
197 4888 242 4954 ad
260 4912 334 4957 eam
350 4887 492 4977 dirigite
508 4885 654 4958 consilia
673 4902 707 4957 et
723 4888 878 4961 actiones
895 4906 1036 4962 vestras.
