4664 6022
128 258 179 336 27

691 241 855 322 naen.
889 243 966 359 uu
996 224 1618 323 usxmnmuuocaus

130 428 212 501 niae
232 423 321 492 fata:
347 439 436 511 quae
459 415 490 485 si
512 413 656 508 quando
678 436 837 507 unquam
855 412 1030 484 sensimus
1053 414 1117 483 ad·
1168 408 1240 483 boc
1256 411 1410 483 salutare
1426 398 1569 483 carmen
1585 412 1625 483 in
1638 412 1721 481 imis
1734 415 1918 488 conditum
1935 416 2080 491 sedibus
2103 442 2172 512 ps-

132 550 253 609 versa,
282 544 382 591 nunc
401 530 496 589 certe
516 516 669 586 maxime
688 515 871 587 sentimus.
931 514 1050 609 Atque
1076 528 1118 586 ut

13 681 18 689 ι
134 623 339 717 intelligatis
350 620 478 691 merito
494 619 689 710 lugendum
707 639 780 688 esse
802 631 836 687 et
851 614 1009 689 Caesaris
1026 619 1121 688 inte-

135 736 266 815 ritum,
291 740 326 797 et
340 747 481 816 gravem
496 721 631 815 patriae
647 743 787 807 casum,
812 719 929 789 obiter
946 717 1055 792 vitam
1076 720 1122 789 il-

136 837 208 922 lius
220 851 428 906 emersam,
455 838 489 896 et
505 823 631 893 eximia
648 823 774 892 decora
793 844 1009 913 percurram.

239 929 353 1004 Divus
368 921 670 1002 Maximilianos
690 920 821 994 Caesar
837 937 942 994 natus
958 935 1011 994 est
1023 935 1123 1015 patre

138 1025 1124 1122 FridericoAustrio,Caesare,LeonoraLusitana,utro-

141 1165 209 1240 qne
234 1120 379 1233 parent‘e
401 1131 533 1222 insigni
564 1129 751 1201 clementia
784 1143 818 1200 et
846 1128 994 1221 pietate:
1034 1150 1124 1221 quae

141 1263 345 1342 quanquam
362 1237 433 1305 siut
450 1230 605 1306 Austriis
627 1255 690 1302 ceu
706 1230 908 1322 gentilitiae
925 1233 1045 1311 dotes,
1070 1242 1126 1298 ta-

141 1370 224 1418 men
239 1344 326 1413 adeo
342 1339 380 1408 iu
395 1353 515 1430 patre,
540 1349 580 1406 ut
592 1332 806 1404 deLeonora
821 1333 965 1404 interim
981 1345 1127 1414 taceam,

143 1448 401 1526 excelluerunt,
426 1441 689 1531 fulseruntque:
717 1450 758 1507 ut
773 1437 837 1531 qui
853 1460 932 1505 cum
957 1435 1034 1525 ipso
1061 1428 1128 1502 bac

141 1549 249 1623 laude
264 1544 487 1636 superiorum
503 1553 655 1611 aetatum
669 1539 846 1631 principes
861 1550 1137 1628 comparaturus.

143 1655 206 1735 sit,
231 1650 394 1721 videatur
410 1643 568 1714 invidere
583 1642 701 1711 seculo
723 1655 845 1711 nostro
867 1639 1045 1729 singulare
1061 1633 1129 1706 hoc

143 1752 341 1850 specimen,
364 1744 537 1818 cuiusvis
552 1744 717 1815 umbram
731 1743 887 1838 aliquam
904 1736 1039 1812 habent
1053 1763 1131 1809 ma·

143 1854 253 1929 iores:
279 1863 418 1924 tantum
440 1849 555 1933 abest,
575 1860 617 1917 ut
640 1868 806 1939 aequasse
827 1858 1008 1937 putentur.
1060 1840 1131 1911 Pa·

144 1960 224 2033 triis
249 1954 442 2025 virtutibus
474 1951 677 2021 adolescens
708 1947 884 2032 imbutus,
914 1971 978 2039 per
1010 1944 1130 2014 omnia

145 2056 346 2150 religionis,
363 2053 466 2137 fidei,
480 2051 611 2136 sancti,
636 2050 741 2142 aequi
761 2050 915 2143 bonique
934 2063 1036 2119 tenax
1052 2045 1131 2129 fuit,

145 2144 206 2234 sed
230 2159 414 2253 aliquanto
437 2154 572 2244 gloriae
590 2151 755 2222 militaris
778 2151 971 2242 cupiditate
994 2162 1130 2240 patrem

146 2264 251 2349 vicit,
275 2284 343 2355 qua
360 2260 490 2329 factum
510 2269 578 2341 est,
600 2266 639 2323 nt
654 2278 734 2324 cum
750 2253 853 2322 illum
873 2275 1052 2322 summum
1075 2248 1132 2317 vi·

147 2389 226 2437 rum
248 2363 384 2433 artibus
399 2359 495 2451 pacis
511 2356 689 2450 praedicet
703 2352 917 2444 Germania,
942 2347 1040 2422 hunc
1057 2374 1130 2419 non

146 2466 258 2561 possit
270 2477 304 2535 et
317 2461 454 2532 bellicis
470 2474 505 2530 et
519 2457 684 2529 civilibus
694 2457 830 2526 decoris
846 2455 988 2524 maximi
1004 2455 1130 2526 farere.
1146 2495 1148 2499 <

148 2567 384 2664 Tyrociuium
402 2561 473 2652 egit
492 2559 654 2630 maximis
677 2559 844 2629 confectis
861 2558 967 2628 rebus
993 2557 1031 2625 in
1048 2554 1133 2625 Fla-

147 2668 297 2759 mingis,
315 2662 566 2746 Brabantinis,
589 2659 798 2742 llollaudis‚
824 2658 1050 2743 Sucambris,
1075 2656 1131 2728 id-

149 2794 219 2867 que
240 2769 327 2855 tale,
351 2780 392 2837 ut
417 2767 457 2834 in
481 2788 523 2834 eo
546 2775 734 2855 utramque
760 2764 924 2833 fortunae
950 2761 1063 2830 vicem
1086 2759 1133 2829 sit

149 2885 329 2965 expertus:
354 2868 405 2938 sic
426 2868 522 2937 enim
546 2864 731 2956 oportebat
756 2865 1013 2934 adulescentem
1036 2884 1133 2932 sum-

36 2993 39 2999 '
108 2965 117 2975 ’
147 2976 217 3045 mis
242 2987 367 3045 natum
393 2971 520 3048 rebus,
552 2989 763 3060 summoque
794 2964 946 3057 imperio
980 2964 1133 3053 gerendo

148 3074 298 3147 velutin
312 3073 446 3157 stadio,
469 3071 509 3138 in
528 3092 633 3139 cursu
650 3091 769 3138 rerum
794 3062 1030 3136 humanarum
1053 3088 1135 3134 eru-

149 3178 231 3248 diri.
282 3172 428 3244 Etenim
444 3196 525 3242 cum
542 3169 581 3238 in
605 3171 753 3262 privatis
774 3169 928 3259 ingeniis
949 3169 994 3236 ad
1017 3166 1133 3238 civili-

148 3294 256 3351 tatem
279 3275 582 3364 erudiendumque
599 3272 706 3341 vitam
725 3271 902 3363 pertinere
916 3269 1134 3340 arbitrentur

148 3380 335 3473 utriusque
351 3379 515 3448 fortunae
533 3372 750 3467 perieulum,
774 3375 870 3467 quod
893 3367 978 3441 haec
1001 3385 1134 3442 atroces

148 3483 240 3568 fere,
261 3481 322 3550 illa
343 3479 499 3549 abiectos
512 3477 617 3547 faciat
637 3476 794 3562 animos,
821 3474 1026 3545 vicissitudo
1050 3497 1134 3543 cau-

149 3598 203 3656 tos
219 3596 254 3653 et
270 3602 445 3650 memores
459 3574 637 3647 humanae
654 3577 777 3662 sortis,
800 3576 841 3645 in
853 3574 951 3666 Rege
967 3577 1130 3645 imbuen-

150 3687 197 3755 do
213 3684 318 3772 louge
338 3680 494 3773 primum
511 3679 594 3748 duci
615 3680 721 3748 debet
743 3678 949 3767 ambiguum
971 3678 1134 3745 fortunae

148 3783 412 3868 rudimentum,
436 3781 535 3876 quod
554 3779 731 3849 neminem
747 3779 963 3874 tamreferat
987 3801 1042 3846 res
1066 3772 1135 3845 hu-

148 3908 271 3959 manas
306 3906 429 3954 omues
463 3893 679 3971 compertas,
717 3880 972 3972 meditatasque
1004 3892 1135 3962 tenere,

149 4011 257 4083 quam
279 3985 495 4076 Principem.
548 3980 591 4052 ln
612 3977 679 4052 hoc
695 3980 846 4076 Ulyssen
870 3981 1007 4070 sapiens
1026 3978 1134 4052 Poeta

149 4088 329 4160 Homerus
350 4079 586 4182 πολύτροπον
605 4083 706 4168 fecit,
751 4098 856 4177 atque
879 4083 967 4151 adeo
988 4080 1133 4152 unicum

149 4191 236 4261 boui
256 4189 435 4283 Principis
459 4186 646 4278 exemplar.
697 4181 816 4281 Atque
839 4198 878 4257 ut
896 4183 1058 4255 videmus
1077 4183 1136 4254 lu-

148 4291 330 4363 xuriantes
352 4291 508 4382 primum
535 4302 665 4379 segetes
684 4312 767 4358 raro
788 4288 925 4378 frugem
942 4299 1133 4355 maturare:

148 4394 198 4466 ita
218 4392 349 4488 quibus
368 4391 557 4461 immodica
583 4389 738 4482 primum
760 4413 835 4460 sese
855 4391 998 4459 fortuna
1013 4384 1134 4458 indul-

148 4495 213 4576 sit,
238 4496 312 4564 sere
334 4493 468 4584 optima
486 4491 581 4563 vitae
603 4507 701 4585 parte
727 4493 842 4562 solent
861 4489 1036 4561 frustrari.
1086 4485 1135 4560 Et

147 4596 295 4668 nisime
316 4595 411 4667 fallit
431 4593 556 4685 opinio
575 4618 671 4680 mea,
706 4594 805 4689 nulla
829 4586 979 4664 omuino
1001 4615 1057 4661 res
1083 4607 1134 4664 est

147 4697 236 4769 adeo
254 4699 373 4767 efficax
389 4699 434 4768 ad
454 4692 688 4768 muniendum
705 4697 949 4788 tuendumque
972 4693 1012 4766 in
1031 4718 1135 4764 exor-

147 4797 217 4869 diis
232 4798 326 4869 vitae
343 4795 500 4870 bominis
521 4796 700 4883 animum,
723 4811 765 4869 ut
781 4797 926 4891 iniquae
951 4810 984 4867 et
1006 4796 1134 4868 incon-

104 4938 110 4951 ι
148 4898 287 4972 ciliatae
300 4901 463 4970 fortunae
478 4899 722 4992 praeludium,
747 4925 858 4994 quum
871 4899 911 4970 in
929 4898 1047 4991 primo
1063 4899 1132 4971 sci·

146 5000 232 5072 licet
252 5001 345 5073 vitae
360 5000 551 5087 vestibulo,
573 5001 736 5092 imperita
753 4999 997 5078 communium
1014 5026 1133 5073 rerum

120 5185 125 5207 Ι
146 5100 401 5189 adulescentia,
427 5105 518 5174 male
543 5128 686 5196 compos
707 5103 781 5189 sui,
812 5104 952 5196 impura
978 5116 1011 5172 et
1037 5103 1133 5174 inso-

100 5274 104 5283 ,
146 5203 225 5273 lens
246 5203 426 5290 eruditur,
457 5205 592 5293 agitur,
625 5219 659 5276 et
684 5205 797 5278 veluti
819 5220 940 5299 putata
961 5204 1001 5277 in
1029 5230 1131 5276 usum

145 5303 238 5376 vitae
264 5306 426 5397 lingitur:
460 5306 649 5400 statimque
673 5302 827 5378 humana
853 5307 984 5393 odisse,
1010 5307 1133 5381 libatis

145 5403 184 5480 id
204 5428 316 5498 genus
336 5411 503 5479 adversae
524 5408 688 5480 fonunae
709 5409 896 5503 primitiis,
920 5409 1063 5502 incipit:
1099 5424 1135 5481 et

1172 514 1298 600 ctoris,
1325 516 1374 585 sic
1397 514 1437 584 iu
1460 513 1593 595 oculis,
1627 514 1740 585 sicin
1764 541 1828 586 ore
1848 543 2004 611 semper,
2023 535 2064 608 ut
2082 522 2172 595 uni-

1173 641 1295 688 versae
1309 619 1402 688 vitae
1424 617 1674 708 transigendae
1689 642 1835 710 scopum
1858 615 1983 693 habet:
2008 619 2170 702 Domino

1175 721 1307 813 gloria,
1341 715 1434 789 mihi
1464 733 1581 790 autem
1615 720 1791 792 confusio.
1860 720 2043 818 Scythicos
2065 725 2170 799 aiunt

1175 844 1284 917 equos
1299 821 1417 892 statim
1433 835 1473 891 ut
1489 823 1563 893 uati
1581 836 1685 909 sunt,
1711 824 1794 916 quia
1813 825 1959 897 calceari
1980 828 2076 898 ferro
2092 850 2171 900 nou

1176 926 1311 1009 solent,
1335 922 1374 992 in
1399 923 1553 993 salebras
1568 925 1671 1011 duci,
1696 939 1732 996 et
1752 949 1876 1018 aspero
1899 920 1998 1000 silice
2016 929 2172 1020 fatigari,

1177 1053 1247 1122 quo
1270 1026 1501 1097 indurescant
1523 1027 1706 1118 pullorum
1728 1024 1845 1100 adhuc
1859 1035 1982 1121 pedes:
2012 1029 2065 1102 lta
2082 1056 2171 1103 con-

1177 1130 1276 1200 ducit
1292 1129 1554 1199 adulescentem
1575 1124 1756 1201 hominem
1779 1132 1898 1201 statim
1921 1135 2086 1205 fortunae
2111 1136 2172 1206 lu·

1177 1231 1296 1301 dibrio
1316 1225 1611 1326 βασανίζεσθαι,
1637 1233 1690 1303 uti
1706 1233 1834 1313 discat,
1857 1250 2031 1327 quatenus
2044 1235 2107 1305 illa
2125 1236 2173 1309 sit

1180 1335 1382 1417 fidendum,
1408 1357 1514 1427 quarn
1532 1332 1605 1403 sint
1618 1335 1737 1404 omnia
1758 1335 1797 1407 in
1816 1330 1884 1407 hoc
1899 1363 2018 1408 rerum
2041 1333 2175 1409 huma-

1178 1461 1307 1506 narum
1331 1430 1470 1506 theatro
1494 1435 1649 1521 incerta,
1674 1436 1790 1521 varia,
1815 1451 1851 1509 et
1873 1440 1996 1530 plane,
2021 1455 2062 1511 ut
2082 1464 2174 1533 pau-

1180 1538 1230 1610 cis
1245 1538 1377 1621 dicam,
1403 1531 1508 1610 nihil.
1559 1535 1601 1607 ln
1616 1533 1713 1608 hunc
1730 1538 1895 1611 videlicet
1914 1546 2061 1614 modum
2080 1544 2173 1614 adn·

1181 1640 1327 1711 lescenti
1358 1637 1606 1709 Maximiliano
1636 1641 1784 1731 contigit
1809 1643 1974 1728 fortuna,
2012 1645 2174 1718 victoriis

1181 1744 1318 1836 aliquot
1330 1742 1472 1811 interim
1489 1741 1597 1826 laeta,
1623 1742 1767 1812 interim
1783 1746 1931 1819 adverso
1947 1769 2030 1818 casu
2046 1747 2172 1823 tristis.

1182 1842 1325 1916 Etenim
1345 1856 1512 1935 occupata
1528 1840 1757 1933 Burgundiae
1777 1847 2046 1936 opulentissima
2068 1850 2173 1932 ditio,

1183 1972 1261 2017 cum
1280 1946 1490 2040 aliquandiu
1508 1945 1673 2015 civilibus
1689 1947 1854 2037 flagraret
1869 1951 1984 2032 odiis,
2006 1951 2171 2023 iuvenuit

1183 2048 1384 2138 Principem
1408 2049 1499 2118 forte
1525 2047 1725 2140 intercipit,
1764 2051 1941 2142 captivum
1968 2053 2008 2123 in
2028 2053 2170 2127 vincula

1183 2150 1340 2221 coniicit:
1364 2150 1472 2244 idque
1495 2173 1568 2219 non
1592 2152 1700 2221 modo
1723 2166 1861 2242 praeter
1883 2154 2092 2244 dignitatem
2118 2180 2174 2227 re-

1183 2254 1296 2343 giam,
1322 2253 1382 2319 sed
1407 2252 1556 2321 omnino
1580 2265 1702 2322 contra
1725 2267 1876 2325 naturae
1901 2280 2065 2343 sensum,
2087 2281 2176 2329 eun-

1182 2370 1235 2425 tra
1260 2356 1312 2423 fas
1331 2347 1542 2438 hominum,
1568 2370 1689 2424 contra
1722 2358 1880 2445 gentium
1909 2383 2045 2430 morem
2071 2384 2174 2431 ausa:

1184 2481 1299 2549 neque
1322 2449 1379 2525 his
1403 2468 1589 2536 contenta,
1615 2457 1716 2526 addit
1733 2456 1954 2548 Marionem,
1980 2462 2045 2555 qui
2060 2463 2176 2555 capti·

1183 2582 1249 2629 vus
1270 2555 1430 2647 Regulus
1452 2557 1611 2651 quotidie
1641 2560 1750 2630 ludus
1778 2574 1878 2634 esset.
1940 2559 1978 2634 Ο
1999 2579 2177 2658 quantum

1184 2659 1372 2749 flagitium,
1404 2685 1425 2728 ο
1451 2659 1651 2730 inauditum
1677 2662 1807 2734 nostris
1825 2658 2033 2736 homiuibus
2048 2667 2176 2750 scelus,

1185 2762 1442 2832 adulescentem
1464 2759 1598 2850 Regem
1620 2776 1672 2835 tot
1692 2765 1872 2858 imperiis,
1897 2779 1953 2839 tot
1974 2769 2094 2859 regnis
2113 2770 2178 2842 de·

1184 2865 1373 2947 stinatum,
1398 2876 1470 2931 tam
1489 2864 1641 2954 turpiter
1656 2861 1792 2941 baberi.
1829 2867 1899 2940 Sed
1915 2871 2101 2942 voluntate
2114 2892 2176 2943 su·

1184 2991 1308 3059 perum
1321 2959 1418 3035 haud
1435 2966 1548 3036 multo
1566 2982 1645 3057 post
1661 2969 1866 3058 proceribus
1883 2970 2099 3043 Germaniae
2113 2976 2177 3045 de·

1186 3067 1412 3161 poscentibus
1433 3066 1613 3154 redditus,
1644 3095 1794 3160 poenam
1825 3076 1869 3144 de
1897 3075 2176 3149 sceleratissimis

1185 3169 1451 3260 llamingor'um
1466 3171 1608 3261 populis
1625 3173 1791 3264 sumpsit:
1818 3199 1893 3245 non
1911 3188 2083 3271 quantum
2106 3178 2177 3251 tale

1186 3273 1388 3342 merebatur
1409 3272 1564 3358 facinus,
1597 3276 1658 3343 sed
1683 3299 1773 3368 quae
1801 3276 1983 3369 improbos
2010 3273 2176 3351 homines

1186 3374 1310 3464 flagitii
1326 3377 1549 3445 admoneret:
1578 3399 1661 3444 nam
1679 3391 1714 3448 et
1728 3377 1765 3446 in
1779 3381 1927 3468 gratiam
1945 3395 2064 3473 postea
2077 3405 2177 3453 rece-

1187 3477 1240 3569 pit
1257 3476 1428 3565 perfidos‚
1456 3490 1490 3545 et
1504 3501 1595 3568 quae
1611 3478 1696 3547 belli
1716 3481 1850 3572 impetu
1864 3483 2024 3573 perculsa
2039 3497 2073 3556 et
2088 3506 2177 3555 con·

1187 3580 1327 3648 turbata
1362 3577 1546 3662 iacebant,
1576 3581 1761 3669 magnifice
1788 3585 1916 3666 erexit,
1952 3584 2177 3671 instauravit,

1187 3678 1366 3771 auxitque.
1431 3677 1572 3747 Possem
1608 3706 1903 3771 commemorare,
1938 3710 2029 3782 quae
2057 3689 2096 3757 in
2132 3712 2176 3759 eo

1186 3780 1281 3850 bello
1294 3792 1388 3868 gesta
1413 3795 1497 3850 sunt
1512 3781 1680 3877 pleraque
1702 3786 1905 3858 incredibili
1919 3789 2177 3876 moderatione,

1187 3895 1226 3951 ut
1250 3904 1323 3951 non
1344 3893 1416 3950 tarn
1434 3885 1531 3974 quod
1547 3881 1752 3974 Flamingos
1773 3890 1918 3976 vicerit,
1944 3915 2050 3985 quam
2074 3893 2176 3986 quod

1186 3984 1303 4075 ipsum
1320 4004 1393 4051 sese
1408 3986 1603 4077 superarit,
1631 3987 1771 4059 laudari
1786 3993 1929 4079 debeat,
1953 3993 1994 4063 ui
2017 3996 2102 4066 satis
2117 4020 2178 4065 ea-

1188 4088 1269 4156 dem
1304 4101 1483 4177 perspecta
1501 4101 1633 4157 -essent
1663 4091 1784 4176 vobis,
1819 4095 1951 4188 quibus
1986 4096 2063 4166 eius
2088 4097 2178 4169 belli

1186 4186 1278 4272 Dux,
1292 4186 1394 4258 fortis
1409 4189 1553 4282 quidem
1569 4189 1637 4276 vir,
1653 4206 1688 4263 et
1704 4194 1851 4266 minime
1865 4197 2051 4274 barbarus,
2065 4196 2177 4269 Prin-

1187 4313 1267 4382 ceps
1290 4289 1465 4361 Saxoniae
1492 4289 1663 4363 Albertus
1684 4319 1759 4365 non
1785 4298 1980 4388 ignoratur.
2034 4298 2108 4371 lam
2137 4302 2177 4371 in

1186 4393 1267 4484 ipso'
1280 4389 1429 4463 Caesare
1452 4409 1698 4483 argumentum
1721 4399 1875 4490 ingentis
1896 4415 1931 4472 et
1953 4402 2078 4475 invicti
2097 4404 2178 4474 ani·

1186 4494 1235 4562 mi
1269 4495 1493 4587 perspicuum
1528 4510 1621 4583 erat,
1663 4513 1698 4569 et
1732 4501 1934 4572 immortale
1968 4507 2178 4578 clementiae

1186 4598 1408 4689 exemplum,
1434 4595 1497 4693 qui
1522 4598 1591 4669 sibi
1614 4614 1725 4695 atam
1750 4605 1935 4687 insolenti,
1963 4603 2176 4689 inhumano,

1187 4713 1221 4769 et
1256 4700 1394 4770 crudeli
1425 4694 1543 4790 hoste,
1589 4703 1677 4772 adeo
1713 4698 1917 4778 humaniter
1954 4713 2176 4800 temperavit.

1188 4799 1294 4890 Quod
1314 4801 1543 4892 praeconium
1558 4818 1600 4873 ut
1614 4829 1693 4874 curn
1710 4809 1830 4898 paucis
1851 4833 2044 4881 commune
2068 4808 2178 4885 habet

1185 4900 1283 4999 (quis
1306 4918 1357 4974 est
1387 4904 1481 4971 enirn
1502 4904 1566 4997 qui
1597 4906 1700 4976 talem
1728 4932 1887 5003 unquam
1921 4913 1968 4984 sit
1991 4938 2177 5006 perpessus

1186 5001 1366 5095 hostemi)
1393 5004 1439 5074 ita
1456 5007 1671 5096 praedicari,
1689 5013 1856 5082 omnihus
1877 5016 2055 5088 bonorum
2078 5018 2177 5088 voci·

1186 5108 1273 5191 bus,
1309 5106 1478 5176 omnibus
1506 5108 1676 5178 celebrari
1700 5112 1815 5185 literis
1839 5117 1959 5204 debet,
1992 5133 2031 5189 ut
2055 5119 2176 5214 aliqua

1185 5211 1308 5279 saltem
1325 5232 1367 5276 ex
1380 5222 1480 5299 parte
1493 5221 1610 5279 tautae
1624 5211 1749 5285 virtuti
1765 5220 1982 5308 praemium,
2007 5221 2120 5310 gloria
2137 5223 2176 5292 in

1185 5310 1337 5403 posteris
1352 5311 1537 5401 persolvat.
1587 5308 1670 5381 Non
1688 5329 1739 5386 est
1755 5331 1795 5388 ut
1811 5315 1878 5389 hoc
1895 5322 1972 5390 loco
1987 5323 2176 5410 dignemur

1186 5410 1411 5497 Antoninos,
1438 5409 1629 5500 Traianos,
1662 5416 1785 5490 multis
1809 5421 1943 5515 alioqui
1965 5425 2175 5497 nominibus
