4672 6016
73 314 155 394 868
598 313 760 393 DECL
813 316 888 393 ult
919 314 1177 394 lRNERlO
1209 313 1286 391 ΕΤ
1318 315 1614 397 BARTOLO.
2053 262 2129 409 bbl

72 504 235 587 perorat,
267 490 303 561 id
331 492 494 562 conferre
514 492 558 560 ad
578 493 782 562 ornandum
805 492 895 562 iuris
914 494 1073 563 studium
1127 487 1292 561 homines
1310 491 1429 562 virere
1444 494 1575 582 cepisse
1589 497 1823 584 commodius,
1850 525 1930 571 eum
1949 519 2049 575 autea
2066 531 2127 598 pe-

73 594 204 666 roluit.
256 592 473 665 Meminerat
497 594 678 687 principes
697 592 884 667 Romanae
910 596 1075 681 civitatis,
1126 595 1259 664 cuduin
1275 617 1373 663 more
1389 596 1581 685 glandibus
1598 616 1832 675 vescerentur.

72 696 281 782 Scevolam,
313 695 502 783 Crassum,
536 696 734 790 Sulpitium
756 712 791 771 et
816 699 907 768 alios
929 699 1074 784 multos,
1227 695 1360 786 Magna
1385 700 1542 788 profecto
1566 713 1601 770 et
1627 700 1748 770 divina
1766 727 1822 772 res
1848 720 1900 776 est
1920 708 2125 781 constitutio

72 801 138 897 qui
158 824 241 871 cum
263 814 377 871 essent
398 800 623 884 consulares,
649 824 729 869 cum
745 801 947 892 provincias
961 803 1073 871 rexis—
1125 798 1309 870 civitatum
1325 814 1360 871 et
1375 801 1491 890 legum
1509 803 1658 872 mutatio
1675 805 1713 872 in
1731 809 1869 882 melius.
1895 804 2019 902 anue
2036 836 2125 907 quae

72 917 171 989 sent,
196 927 278 974 eum
298 904 389 974 bella
407 927 531 994 magna
549 903 753 994 gessissent,
778 919 899 974 tamen
922 927 1024 974 senes
1039 921 1073 977 et
1124 916 1261 974 constat
1273 916 1366 973 reete
1378 918 1413 973 et
1426 904 1599 974 foeliciter
1613 909 1801 978 constituta
1818 935 1891 980 esse
1904 936 1979 981 non
1993 927 2125 986 temere

72 1006 308 1079 docuisseius
326 1010 418 1078 etde
438 1007 515 1075 iure
530 1005 764 1099 respondisse.
811 1005 940 1080 Fertur
955 1021 1072 1078 autem
1125 1004 1370 1075 labefactanda
1387 1022 1486 1092 suut,
1511 1032 1557 1076 ne
1574 1010 1763 1079 eudonem
1781 1010 1851 1083 Dei
1871 1018 2054 1106 aspernari
2072 1019 2123 1089 sic

72 1108 236 1183 lmerius
260 1122 295 1179 et
310 1107 449 1182 Romae
470 1122 505 1180 et
525 1108 713 1179 Bononiae
735 1111 910 1195 docuisse,
937 1125 970 1180 et
996 1111 1070 1201 pri·
1123 1107 1327 1194 videamur,
1353 1123 1388 1179 et
1412 1109 1518 1179 motis
1533 1112 1639 1181 rebus
1662 1113 1817 1203 publicis
1833 1116 1910 1187 sine
1928 1120 2122 1191 necessaria

71 1234 154 1285 mus
170 1236 212 1283 ex
229 1210 327 1282 ltalis
347 1214 479 1303 glossas
493 1213 646 1284 textibus
659 1212 853 1284 addidisse.
893 1212 990 1283 Haec
1005 1237 1070 1284 au·
1123 1235 1226 1280 rausa
1258 1226 1454 1304 sequantur
1474 1214 1610 1283 maiora
1637 1213 1872 1294 incommoda.
1926 1218 2045 1292 Facile
2069 1234 2122 1295 est

10 1384 12 1389 .
69 1314 183 1410 spicia
204 1315 352 1387 fuerunt
373 1317 599 1386 renovandae
623 1310 731 1385 huius
752 1316 935 1387 doetrinae
956 1317 1070 1388 fausta
1122 1326 1239 1382 autem
1264 1327 1303 1383 ut
1325 1313 1501 1385 Pindarus
1530 1317 1648 1411 inquit
1670 1318 1783 1390 cuivis
1806 1335 1942 1393 mutare
1967 1324 2120 1397 civitatis

68 1434 104 1491 et
119 1419 215 1489 laeta
227 1416 331 1511 Reip.
366 1416 440 1488 lam
457 1419 607 1509 cogitate
623 1418 747 1511 quanti
762 1419 808 1490 sit
823 1419 960 1512 negocii
976 1421 1070 1510 leges
1121 1428 1269 1502 statum,
1295 1419 1354 1484 sed
1379 1442 1520 1488 rursum
1541 1422 1663 1490 sedare
1686 1435 1719 1490 et
1741 1421 1778 1490 iu
1805 1426 2039 1519 tranquillum
2059 1453 2118 1500 re·

10 1538 26 1603 ’ς
68 1520 256 1594 restituere
289 1535 425 1594 mutata
463 1522 578 1592 veteri
609 1519 714 1613 Reip.
749 1523 883 1609 forma,
924 1543 1070 1614 prorsus
1121 1518 1266 1588 stituere
1288 1518 1398 1590 solius
1413 1518 1491 1591 Dei.
1542 1518 1634 1593 Cum
1658 1523 1767 1614 igitur
1790 1541 1936 1599 eventus
1955 1534 2117 1603 ostendat

10 1686 23 1699 ,
67 1624 254 1719 antiquata
280 1625 351 1695 fori
377 1625 654 1709 consuetudine,
696 1624 823 1696 amissa
855 1626 1069 1718 proprietate
1121 1620 1160 1689 in
1177 1620 1251 1713 ipsa
1267 1619 1484 1695 iudiciorum
1500 1626 1748 1713 emendatiqne
1767 1627 1822 1698 ius
1836 1627 2042 1703 Romanum
2059 1635 2116 1705 di·

66 1728 226 1818 linguae.
280 1724 336 1797 Er
355 1728 464 1799 tantis
484 1727 754 1822 difficultatibus
778 1752 859 1799 cum
883 1729 992 1821 primi
1012 1728 1067 1797 illi
1121 1724 1255 1795 vinitus
1271 1722 1473 1795 institutum
1490 1751 1576 1813 esse,
1597 1752 1838 1819 agnoscamus,
1860 1748 1895 1805 et
1908 1734 1999 1824 grati
2016 1750 2115 1807 tuea-

67 1843 327 1905 restauratores
343 1830 517 1902 foeliciter
531 1831 674 1904 eluctati
689 1830 772 1916 siut,
787 1845 822 1903 et
836 1832 938 1925 quasi
952 1855 1067 1926 quan-
1119 1851 1201 1898 iuur
1216 1824 1285 1897 Dei
1301 1829 1520 1899 beneficium.

66 1935 153 2005 dam
176 1933 367 2024 imaginem
391 1933 520 2005 veteris
534 1931 641 2025 Reip.
662 1934 900 2018 restituerint,
926 1956 1067 2004 necesse
1220 1928 1290 2000 Sed
1313 1933 1418 2000 redeo
1442 1935 1484 2001 ad
1500 1932 1705 2026 scriptores:
1739 1932 1906 2007 Bartolus
1920 1938 2008 2009 vixit
2024 1957 2113 2010 tem·

65 2051 283 2109 esteosnon
297 2037 413 2106 solum
428 2037 582 2127 ingeniis
598 2051 632 2107 et
647 2037 836 2127 prudentia
851 2037 1066 2117 excelluisse,
1120 2056 1205 2123 pore
1226 2028 1315 2124 Imp.
1335 2030 1455 2105 Caroli
1478 2033 1625 2126 Quarti,
1663 2047 1697 2108 et
1721 2063 1925 2133 quanquam
1947 2067 2112 2134 magnam
2214 2070 2217 2079 ·

64 2158 177 2236 qoem
201 2160 321 2209 rerum
343 2162 429 2209 usus
454 2153 613 2224 acuerat,
636 2141 699 2209 sed
720 2139 826 2209 etiam
843 2130 1065 2229 diligentiam
1117 2135 1259 2204 laudem
1278 2136 1425 2229 adeptus
1440 2153 1502 2223 est,
1526 2153 1712 2231 propterea
1730 2142 1826 2234 quod
1844 2143 1946 2233 plura
1963 2146 2114 2238 seripse-

62 2241 270 2314 mirabilem
294 2266 334 2312 ac
356 2243 514 2312 studium
537 2237 743 2312 adhibuisse
770 2242 810 2312 in
841 2240 1066 2312 conserendis
1117 2237 1165 2308 rit
1182 2262 1288 2330 quam
1306 2240 1494 2333 quisquam
1513 2256 1593 2313 aute
1611 2242 1744 2334 ipsum:
1772 2246 1949 2315 tamenin
1975 2272 2111 2321 summa

65 2344 226 2438 legibus,
260 2359 295 2415 et
315 2345 584 2415 considerandis
611 2345 772 2416 lontibus
798 2368 839 2414 ae
865 2345 1065 2415 rationibus
1117 2340 1353 2410 admiratione
1386 2357 1437 2412 est
1465 2357 1609 2437 propter
1639 2344 1774 2434 ingenii
1805 2347 2047 2419 dexteritatem
2078 2364 2112 2422 et

65 2447 390 2520 eruditissimarum
415 2448 725 2521 constitutionum.
777 2443 923 2539 Opinor
946 2460 1065 2519 tamen
1116 2442 1272 2524 amorem
1294 2444 1463 2520 veritatis.
1516 2445 1656 2536 lngenii
1677 2447 1849 2519 foelicitas
1873 2475 1915 2519 ex
1938 2476 1979 2521 eo
2006 2453 2111 2525 aesti-

72 2548 291 2623 Grtttcorum
315 2551 581 2621 commentariis
611 2551 754 2621 adiutos
777 2573 868 2636 esse,
910 2573 1064 2645 quorum
1117 2545 1207 2615 mari
1230 2561 1362 2639 potest,
1388 2550 1483 2642 quod
1510 2548 1679 2618 iuvenilia
1703 2551 1819 2621 studia
1844 2552 2026 2624 celerrime
2047 2558 2111 2627 ab«

31 2652 182 2749 -aliqui
196 2649 313 2723 adhuc
328 2654 366 2722 in
380 2651 482 2723 ltalia
500 2649 691 2729 habentur.
730 2651 778 2725 Ut
794 2667 911 2724 autern
926 2652 1064 2725 Romae
1115 2649 1244 2732 solvit,
1278 2662 1313 2719 et
1339 2644 1457 2720 adhue
1486 2652 1690 2721 adolescens
1720 2653 1922 2725 celebritate
1941 2658 2111 2741 ¹numinis

65 2754 286 2853 Papinianus
303 2756 484 2830 auditores
507 2757 683 2851 plurimos
703 2778 842 2826 summa
863 2757 1064 2826 eruditione
1115 2754 1187 2821 fere
1210 2765 1318 2823 totam
1334 2751 1471 2823 ltaliam
1498 2754 1700 2847 complevit.
1750 2752 1793 2824 lu
1807 2753 1849 2831 L.
1866 2758 2011 2850 quidam
2029 2787 2109 2833 cum

64 2872 99 2933 et
112 2860 266 2931 summis
280 2859 433 2950 ingeniis
448 2861 627 2953 praeditos
642 2874 768 2953 postse
782 2857 1064 2952 reliquitUlpia-
1115 2855 1228 2924 filium
1254 2857 1298 2924 de
1322 2857 1420 2926 verb.
1440 2857 1548 2947 oblig.
1599 2855 1732 2930 Narrat
1755 2855 1922 2935 Bartolus
1944 2861 2020 2955 ipse
2037 2864 2111 2957 pri-

65 2978 169 3050 mm,
194 2960 346 3034 Paulum
363 2964 502 3034 etalios
518 2965 664 3034 multos:
692 2963 741 3032 ita
758 2963 934 3032 lruerium
952 2961 1064 3034 secuti
1115 2980 1216 3028 mum
1236 2957 1452 3028 curriculum
1478 2984 1625 3030 suorum
1650 2961 1871 3049 studiorum,
1900 2961 1955 3035 his
1983 2972 2111 3057 uerbis,

64 3079 151 3137 sunt
175 3065 288 3157 ipsius
310 3065 489 3133 auditores
511 3063 707 3153 Bulgarus,
734 3062 811 3135 Auo
833 3076 868 3135 et
890 3063 973 3145 alii,
1001 3066 1063 3159 qui
1116 3085 1207 3156 quae
1229 3060 1384 3131 recitabo
1405 3076 1446 3132 ut
1474 3057 1559 3132 haee
1584 3066 1875 3136 commemoratio
1895 3071 2007 3159 magis
2031 3097 2112 3143 mo·

64 3168 203 3261 pariter
226 3178 263 3235 et
290 3164 329 3230 in
355 3161 665 3233 administratione
687 3164 791 3256 Reip.
818 3167 915 3237 etin
943 3162 1063 3237 schola
1114 3176 1196 3232 veat
1216 3164 1371 3248 animos3
1408 3177 1459 3233 est
1480 3162 1584 3233 etiarn
1609 3165 1719 3257 ipsius
1740 3168 1855 3238 oratio
1878 3172 1977 3263 quasi
2001 3199 2110 3267 quae·

61 3270 279 3341 floruerunt.
330 3260 490 3334 Excitata
507 3264 618 3354 igitur
632 3263 733 3335 ltalia
756 3262 864 3337 huius
882 3269 1064 3337 doetrinae
1115 3267 1198 3334 dam
1223 3265 1362 3355 pictura
1385 3259 1634 3335 humanissimi
1655 3282 1690 3337 et
1708 3271 1962 3341 modestissimi
1985 3278 2109 3350 animi.

63 3371 326 3453 admiratione,
363 3390 493 3454 magno
527 3368 647 3438 studio
680 3367 718 3436 in
751 3391 828 3438 eam
858 3369 1064 3440 incumbere
1115 3362 1206 3437 Cum
1225 3366 1321 3435 enim
1342 3390 1382 3435 ea
1404 3366 1459 3436 lex
1480 3369 1591 3437 dicat:
1629 3368 1669 3439 st
1688 3371 1768 3462 quis
1783 3375 1966 3463 promittat
1981 3399 2017 3444 se
2042 3381 2115 3447 ali·'

64 3471 177 3562 cepit.
214 3470 332 3560 Quare
345 3470 450 3539 multi
468 3471 674 3555 extiterunt,
700 3471 764 3564 qui
779 3472 954 3555 docendo,
976 3472 1064 3540 scri·
1115 3491 1221 3562 quem
1236 3480 1466 3538 tractaturum
1482 3483 1521 3539 ut
1538 3471 1671 3551 filium,
1697 3495 1772 3540 non
1790 3496 1863 3543 esse
1882 3489 2110 3565 praetereun-

65 3577 208 3657 bendo,
230 3574 501 3665 respondendo,
527 3572 691 3662 regendis
719 3573 898 3665 imperiis,
928 3573 1064 3666 optime
1115 3573 1202 3640 dum
1225 3570 1264 3639 in
1282 3583 1507 3642 testamento.
1550 3570 1593 3641 lu
1612 3567 1678 3641 hae
1699 3574 1774 3665 lege
1796 3578 2110 3656 cumsiteasusut

67 3675 201 3747 devita
217 3670 407 3746 homiuum
422 3676 538 3747 meriti
556 3689 652 3750 sunt.
703 3673 777 3745 Nee
801 3676 925 3763 negari
949 3690 1064 3769 potest
1114 3675 1190 3764 ipse
1206 3672 1275 3759 ait,
1301 3675 1363 3768 qui
1390 3696 1565 3768 nusquam
1589 3673 1676 3744 alibi
1699 3691 1794 3748 extat
1815 3678 1853 3750 in
1877 3679 1972 3766 iure,
1996 3686 2109 3757 multa

67 3774 175 3850 huius
203 3778 386 3848 doctrinae
420 3778 623 3868 cognitione
650 3775 807 3864 ltaliam,
837 3776 996 3850 Galliam
1027 3795 1064 3851 et
1115 3777 1300 3867 disputans
1312 3774 1490 3863 Bartolus,
1510 3790 1633 3847 narrat
1647 3793 1907 3872 praeceptorem
1924 3808 2026 3855 suum
2043 3790 2110 3858 ali-

10 3890 18 3931 f
68 3878 318 3965 Germaniam,
342 3879 452 3950 lactas
472 3905 546 3951 esse
563 3881 748 3966 cultiores,
771 3897 878 3974 atque
891 3882 1063 3953 mitiores.
1114 3901 1206 3974 quos
1219 3879 1438 3971 exposititios
1455 3904 1584 3971 pueros
1596 3875 1663 3950 hac
1677 3882 1906 3975 stipulatione
1918 3887 1997 3959 aliis
2014 3915 2111 3961 com-

10 3990 24 4035 ῑ
67 3979 258 4077 Postquam
280 3981 377 4052 enim
404 3982 443 4051 iu
470 3982 612 4056 iudiciis
634 3985 740 4055 multi
769 3985 947 4056 barbarici
972 3986 1063 4056 ritus
1113 3984 1309 4068 mendasse,
1329 4006 1370 4052 ae
1384 3982 1507 4053 adiicit
1521 3983 1740 4055 mentionem
1754 3987 1990 4077 gratissimam
2008 4017 2110 4085 prae·

10 4096 25 4137 ¹
67 4087 218 4159 correcti
240 4099 344 4176 sunt,
378 4099 411 4156 et
434 4085 591 4157 actiones
617 4110 659 4157 ae
682 4080 878 4158 s'ententiae
902 4082 1074 4182 require-'
1115 4085 1267 4178 ceptoris
1284 4100 1319 4156 et
1337 4085 1472 4175 primae
1495 4087 1618 4156 aetatis
1634 4111 1733 4173 suae3
1762 4089 1811 4159 sic
1827 4091 1922 4158 enirn
1939 4093 2005 4164 ait:
2032 4093 2108 4188 Ego

10 4198 18 4253 .'
67 4190 153 4261 bant
168 4191 348 4283 quandam
366 4189 623 4269 eruditionem,
649 4212 767 4260 mores
785 4191 890 4261 etiarn
906 4190 1001 4262 llecti
1016 4193 1061 4261 ad
1115 4187 1320 4277 magistrum
1340 4183 1461 4273 habui,
1487 4187 1550 4282 qui
1565 4191 1759 4260 vocabatur
1772 4191 1881 4263 frater
1894 4195 1940 4263 de
1953 4194 2108 4286 Ascisi03

10 4296 42 4359 le
64 4284 324 4366 humanitatem
347 4291 458 4382 magis
482 4306 671 4384 ceperunt,
696 4307 730 4363 et
748 4308 968 4367 accesserunt
982 4292 1064 4366 lite·
1114 4314 1213 4361 nunc
1233 4313 1319 4360 vero
1339 4303 1487 4360 vocatur
1507 4289 1631 4360 Frater
1647 4290 1774 4363 Petrus
1795 4294 1955 4386 pietatis,
1981 4299 2030 4369 sie
2053 4302 2110 4371 di-

10 4368 39 4441 s
62 4418 124 4468 rae
144 4395 375 4480 eruditiores,
400 4408 435 4464 et
449 4400 622 4489 quaedam
638 4391 872 4487 Philosophia
893 4418 935 4466 ac
948 4397 1064 4467 maior
1114 4405 1210 4477 ctus,
1242 4393 1327 4485 quia
1351 4393 1468 4463 locum
1497 4393 1550 4463 ibi
1572 4394 1699 4474 erexit,
1732 4396 1794 4488 qai
1819 4400 1947 4470 domus
1973 4402 2111 4491 pietatis

10 4506 12 4513 '
59 4499 226 4573 discendi
242 4522 338 4572 cura.
389 4495 481 4567 Nam
501 4493 567 4568 hoc
583 4497 643 4567 Ius
661 4495 868 4570 Romanum
881 4493 979 4570 haud
994 4501 1063 4571 du·
1086 4526 1091 4551 ι
1114 4509 1279 4581 vocatur,
1303 4495 1368 4565 ubi
1382 4496 1537 4566 infantes
1558 4496 1750 4588 exposititii
1766 4499 1924 4575 aluntur.
1976 4501 2044 4571 Vir
2059 4518 2111 4575 est

57 4602 124 4676 tle
157 4601 298 4671 erudita
332 4601 505 4694 quaedam
541 4595 774 4692 Philosophia
809 4613 874 4675 est.
940 4600 1063 4691 Quare
1114 4610 1297 4689 expertus,
1331 4598 1470 4668 nullius
1503 4593 1719 4693 hypocrisis,
1759 4600 1872 4672 mirae
1904 4604 2111 4691 sanctitatis,

55 4703 203 4780 etiamsi
226 4727 301 4774 nou
324 4718 529 4774 revocatum
547 4720 637 4773 esset
653 4703 693 4772 in
708 4704 846 4787 forum,
871 4716 992 4775 tamen
1009 4705 1063 4775 le·
1087 4764 1090 4783 ,
1113 4701 1209 4793 apud
1237 4725 1294 4769 me
1315 4714 1351 4770 et
1373 4724 1516 4786 omnes,
1544 4701 1607 4795 qui
1630 4726 1710 4772 eum
1735 4702 1823 4772 bene
1846 4720 2017 4797 noscunt,
2051 4711 2109 4778 cui

54 4809 219 4903 gendum
237 4823 271 4876 et
287 4810 572 4893 cognoscendum
587 4806 708 4877 fuisset
723 4802 932 4879 hominibus
949 4808 1063 4879 doctis
1086 4786 1090 4913 l
1113 4803 1243 4891 gratias
1271 4825 1337 4893 ago
1362 4804 1523 4895 exemplo
1547 4804 1685 4897 Aquilii
1708 4802 1837 4895 Reguli
1866 4807 1905 4874 in
1935 4808 2041 4881 titulo
2065 4815 2109 4881 de

54 4910 255 4984 accessuris
270 4910 315 4979 ad
331 4906 512 5001 Rempub.
534 4909 647 4979 multo
669 4908 781 5000 magis
797 4934 904 5003 quam
920 4906 1063 4983 Aristo·
1085 4928 1090 5005 Ι
1114 4904 1244 4976 Donat.
1278 4903 1321 4979 L.
1338 4900 1525 4999 Aquilius,
1551 4908 1718 4998 quidum
1740 4931 1798 4975 me
1818 4909 1927 4993 rexit,
1951 4916 2109 4983 custodi·

55 5014 145 5087 telis
168 5010 335 5094 Politiea,
367 5036 459 5106 quae
483 5011 628 5105 quidem
656 5012 835 5105 sapienter
867 5026 903 5083 et
923 5014 1063 5085 utiliter
1085 5008 1089 5033 '
1113 5008 1201 5079 vita
1217 5008 1338 5098 lapsu,
1364 5022 1400 5079 et
1414 5006 1481 5077 Dei
1498 5009 1668 5078 beneficio
1681 5023 1715 5079 et
1728 5030 1790 5078 sua
1805 5011 1966 5082 doctrina
1984 5039 2040 5085 me
2058 5029 2110 5085 ta-

55 5116 193 5208 scripta
210 5137 284 5184 esse
308 5113 440 5190 iudico.
492 5113 564 5184 Ner
579 5137 663 5183 vero
681 5107 772 5183 mihi
793 5114 924 5204 legenti
942 5130 1063 5188 vetere
1113 5111 1183 5180 lem
1195 5110 1364 5194 reddidit,
1379 5125 1421 5181 ut
1432 5111 1470 5179 in
1486 5110 1753 5204 quartodecimo
1764 5134 1859 5182 anno
1875 5117 1997 5188 aetatis
2012 5142 2109 5187 meae

54 5244 101 5292 ac
115 5218 302 5289 barbarica
325 5217 404 5288 iura
427 5213 594 5288 horridae
610 5216 723 5306 gentis
740 5214 996 5309 Gennauicae,
1020 5233 1062 5292 ut
1114 5214 1153 5283 in
1171 5212 1313 5282 civitate
1326 5208 1498 5282 Perusina
1514 5213 1583 5282 sub
1596 5208 1754 5282 Domino
1770 5212 1871 5309 Cyno
1890 5218 1935 5286 de
1954 5221 2111 5309 pistorio,

55 5334 148 5396 sunt
167 5318 387 5390 Westvalici
410 5320 519 5405 ritus,
550 5319 710 5391 venitin
732 5332 889 5391 mentem
912 5322 1061 5415 perinde
1113 5317 1192 5386 iura
1206 5314 1325 5385 civilia
1342 5316 1467 5386 audire
1479 5316 1688 5407 inceperim.
1710 5310 1760 5385 Et
1774 5318 1850 5387 eius
1864 5336 2111 5411 perseverante

58 5422 158 5496 banc
172 5423 354 5492 nationem
371 5424 499 5493 laetam
517 5421 704 5493 cultiorem
721 5422 873 5515 acceptis
885 5419 1063 5495 Romanis
1086 5466 1089 5511 ;
1113 5419 1244 5509 gratia,
1268 5419 1439 5489 continue
1453 5419 1617 5488 sudando
1640 5418 1687 5487 ita
1709 5421 1860 5509 proieci,
1887 5434 1928 5492 ut
1944 5423 2110 5494 vicesimo

61 5526 217 5617 legibus3
243 5538 285 5594 ut
300 5524 338 5592 in
355 5525 486 5611 fabulis
500 5525 641 5610 ferunt,
666 5524 871 5597 monstratis
890 5525 1063 5618 frugibus,
1086 5514 1090 5607 l
1113 5545 1210 5592 auno
1233 5517 1420 5593 Bononiae
1441 5522 1641 5614 reputando
1670 5534 1705 5593 et
1730 5522 1947 5614 disputando
1971 5526 2112 5619 publice

120 5625 306 5697 blesim.
335 5631 441 5697 Orru.
468 5632 553 5698 Vua.
579 5630 642 5695 xl.
1522 5622 1572 5694 23
