4664 6022
141 309 216 382 sos
563 304 727 387 nucu
766 304 843 386 nn
875 299 1076 387 utero:
1120 301 1297 385 eosur
1331 301 1534 383 vanua
1560 303 1683 387 uua
1707 274 1793 391 aee.
2120 332 2195 412 ⁸02

140 482 282 555 ratione
298 505 423 553 causas
437 484 660 577 quaerendae
677 498 779 568 sunt,
811 485 991 580 quomodo
1008 497 1042 556 et
1059 482 1143 580 qui·
1192 483 1237 554 ba
1249 505 1328 552 mea
1347 480 1385 551 in
1402 506 1463 552 ore
1475 495 1548 557 tuo.
1599 481 1761 557 Sciamus
1775 487 1975 565 doctrinam
1988 521 2008 569 a
2023 495 2101 574 Deo
2117 520 2190 578 tra·

141 581 1045 679 bnsductorilmsadlurnclinemperveniripossit.
1081 584 1141 656 An
1192 584 1322 668 ditam,
1350 584 1431 652 aliis
1468 589 1737 678 proponendam
1773 614 1867 678 csse,
1900 621 1972 669 non
2006 602 2188 696 tingendas

139 692 187 759 ad
205 683 510 756 omneshomines
534 688 704 780 pertineat
723 701 860 759 tantum
878 689 1033 759 munus?
1071 686 1140 758 Hic
1192 686 1379 779 opiniones
1414 700 1536 757 nostra
1565 689 1787 781 curiositate,
1820 697 1876 766 vel
1906 704 2071 792 audacia,
2111 736 2186 782 uon

140 789 289 860 initium
311 789 506 860 sententiae
529 791 828 862 considerandum
849 806 912 863 est.
967 789 1014 863 Ut
1032 790 1142 884 possit
1192 788 1452 878 amplectendas
1472 812 1546 861 esse
1574 792 1793 884 corruptelas
1815 793 2096 880 accommodatas
2120 837 2186 905 po.

140 914 254 984 genus
277 884 474 962 humanum
498 893 542 961 ad
560 892 668 965 vitam
684 895 868 966 coelestem
884 895 1020 979 redire,
1044 890 1141 963 Deus
1193 904 1329 962 tentum
1353 890 1628 982 cupiditatibus,
1658 908 1834 967 uteorum
1853 904 2001 990 gratiam
2014 909 2188 1005 ineamus,

139 997 316 1065 immensa
331 993 571 1064 misericordia
582 995 853 1085 promissionem
866 997 995 1080 edidit,
1018 995 1055 1063 in
1071 1017 1141 1089 qna
1193 1005 1232 1063 ut
1249 1015 1351 1083 saepe
1368 992 1507 1065 accidit.

139 1098 267 1168 iurans
282 1097 453 1182 affirmat,
474 1119 511 1167 se
531 1108 677 1188 propter
697 1097 830 1184 lilium,
854 1099 917 1191 qui
934 1110 986 1168 est
1001 1095 1141 1166 Media·
1293 1092 1424 1183 Magna
1441 1092 1637 1166 multitudo
1654 1094 1723 1169 fuit
1739 1122 1780 1169 ex
1795 1103 1918 1174 multis
1935 1109 2099 1197 gentibus
2112 1120 2189 1189 col-

140 1214 220 1282 tor,
244 1212 279 1268 et
305 1222 368 1290 pro
395 1198 502 1268 nobis
526 1198 671 1269 victima
693 1200 807 1269 sactus
824 1214 891 1285 est,
916 1212 1140 1290 recepturum
1192 1195 1300 1276 lecta,
1337 1220 1428 1289 qrrae
1461 1207 1611 1267 statuam
1645 1197 1738 1290 regis
1769 1200 1980 1299 Babylonici
2013 1215 2186 1293 adoravit.

139 1325 219 1373 esse
242 1323 385 1384 omnes,
416 1302 478 1393 qtri
508 1300 553 1369 ad
582 1295 679 1371 hunc
700 1302 813 1372 lilium
839 1303 1072 1393 confugiunt,
1105 1314 1140 1372 et
1193 1296 1303 1367 Multi
1338 1294 1460 1367 ludaei
1490 1292 1726 1372 Bacchanalia
1759 1301 1996 1405 lerosolymae
2027 1317 2187 1394 celebra-

138 1402 272 1475 fiducia
304 1402 369 1471 lilii
403 1403 572 1483 credunt,
618 1403 847 1475 iustissimam
887 1405 976 1474 iram
1005 1402 1140 1473 aeterni
1191 1412 1294 1485 runt,
1319 1412 1361 1469 ut
1376 1396 1557 1470 Antiocho
1573 1415 1711 1490 gratum
1729 1405 1895 1483 facerent.

140 1504 260 1577 Patris
289 1506 462 1597 placatam
489 1527 574 1578 esse.
641 1503 718 1575 llac
741 1507 976 1598 promissione
1005 1528 1142 1597 semper
1295 1499 1379 1570 Fuit
1398 1497 1577 1576 Erebolus
1595 1504 1739 1596 quidam
1763 1526 1904 1595 orator,
1932 1517 1994 1610 qni
2017 1541 2186 1614 regnante

141 1608 229 1682 inde
249 1629 362 1700 nsque
383 1630 402 1676 a
419 1606 616 1697 primorum
640 1622 827 1699 parentum
846 1610 947 1700 lapsu
963 1607 1141 1678 revocavit
1190 1599 1415 1687 Constantio,
1437 1617 1477 1674 nt
1491 1604 1626 1694 gratior
1642 1622 1732 1680 esset
1749 1608 1975 1705 imperatori,
2001 1625 2114 1696 voluit
2128 1630 2186 1699 in.

140 1712 186 1781 ad
204 1733 241 1778 se
266 1732 389 1778 omnes
406 1704 580 1783 homines.
631 1707 724 1781 Cum
743 1711 838 1781 euim
856 1708 1013 1781 Deussit
1030 1709 1141 1778 veris-
1191 1704 1260 1774 seri
1281 1699 1459 1774 Ecclesiae
1481 1701 1629 1780 Christi.
1689 1706 1814 1783 lbstea
1843 1733 2014 1807 regnante
2036 1724 2186 1820 iuliano,

140 1813 232 1883 sime
260 1812 390 1895 iustus,
421 1811 603 1906 aequalem
625 1834 715 1897 esse,
746 1826 781 1884 et
802 1813 879 1883 sine
900 1815 1141 1908 προσωπολη-
1194 1805 1417 1899 lmperatoris
1441 1807 1611 1898 impietati
1633 1811 1826 1903 applausit,
1861 1836 1896 1891 et
1918 1846 2041 1896 rursus
2067 1833 2186 1921 palam

142 1909 217 2010 ψία
235 1938 309 1984 non
332 1914 482 1984 dubium
504 1928 564 1983 est.
626 1913 738 1985 Vocat
760 1939 906 1999 omnes,
933 1929 966 1984 et
982 1916 1079 2010 quod
1095 1915 1140 1982 ad
1193 1903 1304 1978 hostis
1325 1908 1392 1979 luit
1417 1903 1726 1998 Christianorum,
1751 1930 1784 1988 et
1809 1921 1991 1994 saevitiam
2017 1931 2186 2008 adversus

146 2016 258 2110 ipsius
283 2016 504 2087 voluntatem
527 2015 673 2103 attinet,
700 2018 776 2088 vult
800 2018 969 2088 omuibus
991 2017 1140 2087 reddere
1191 2034 1252 2081 eos
1269 2009 1417 2082 adiuvit.
1466 2009 1612 2082 Tertius
1626 2011 1822 2106 imperator
1844 2041 1985 2097 secutus
2003 2026 2185 2111 Iovianus:

145 2118 309 2189 galuam,
1049 2126 1063 2157 ⁶
1192 2104 1289 2181 hunc
1304 2125 1343 2182 ut
1359 2112 1509 2203 placaret
1526 2114 1668 2202 iratirm,
1693 2120 1801 2191 rediit
1815 2124 1860 2192 ad
1873 2122 2108 2222 Christianos,
2129 2164 2187 2211 re.

247 2221 321 2291 bec
344 2219 513 2291 audiendi
539 2232 623 2291 suut
639 2216 767 2305 Stoici,
792 2220 854 2314 qui
871 2220 1009 2310 lingunt
1025 2216 1140 2289 Deum
1192 2213 1365 2304 ligionum
1389 2215 1537 2304 speciem
1559 2240 1697 2311 semper
1716 2223 1761 2291 ad
1785 2235 1944 2318 tempora
1963 2245 1998 2303 et
2019 2238 2186 2314 dominos

144 2323 370 2419 inaequalem
393 2336 486 2407 esse,
515 2336 549 2393 et
574 2345 702 2414 paucos
724 2325 896 2416 quosdam
920 2324 957 2391 in
974 2320 1141 2393 fatalibus
1192 2317 1472 2389 accommodam.

143 2427 276 2497 tabulis
290 2423 487 2512 scripsisse,
512 2446 601 2515 quos
616 2423 722 2494 ctiam
739 2425 870 2494 invitos
887 2437 921 2495 et
939 2446 1141 2516 repugnan·
1293 2416 1375 2488 Non
1400 2433 1563 2510 putemus
1584 2433 1701 2492 autem
1718 2448 1848 2515 paucos
1867 2445 1930 2504 ant
1946 2433 2053 2508 baisse
2071 2458 2187 2536 antea,

145 2541 199 2598 tes
215 2529 258 2594 ad
275 2546 310 2590 se
328 2516 502 2605 attrahat,
528 2537 682 2594 caeteros
703 2549 787 2596 vcro
803 2526 922 2612 reiici,
944 2525 1081 2597 etiamsi
1095 2524 1141 2595 ad
1192 2534 1254 2592 ant
1268 2543 1365 2591 nunc
1381 2544 1454 2590 esse
1470 2517 1662 2608 Ecebolos,
1686 2526 1748 2618 qtri
1766 2551 1803 2597 se
1817 2533 1862 2600 ad
1884 2553 2102 2625 praesentem
2119 2572 2185 2639 po·

143 2628 260 2697 filium
275 2610 500 2712 confugiant(
1193 2622 1338 2694 tentiam
1357 2621 1562 2708 inflectunt,
1588 2637 1622 2695 et
1643 2627 1795 2718 speciem
1817 2632 2029 2725 religionum
2047 2660 2186 2724 mutant

248 2724 516 2799 Removeantnr
539 2719 606 2793 hae
628 2723 767 2797 Stoicae
787 2727 1081 2817 imaginationes,
1107 2741 1141 2799 et
1193 2750 1258 2818 pro
1273 2725 1504 2816 temporibus,
1529 2738 1567 2796 ut
1576 2722 1813 2800 Chamaeleon
1831 2737 1984 2811 subinde
1998 2744 2108 2817 alium
2125 2777 2187 2824 co·

144 2829 296 2900 sciamus
310 2823 426 2898 Deum
442 2827 613 2896 immensa
630 2828 873 2899 misericordia
890 2830 1058 2901 omnibus
1074 2825 1140 2899 ho-
1193 2828 1305 2896 iorem
1321 2825 1451 2896 induit.
1501 2825 1694 2920 Praecipue
1707 2846 1825 2904 autern
1844 2838 1926 2909 talis
1947 2841 2186 2927 inconstantia

144 2930 305 3001 minibus
327 2928 511 3022 aequalem
534 2951 616 2998 esse.
679 2927 749 3001 Sed
774 2931 869 3024 quod
893 2932 1001 3002 multi
1021 2955 1142 3025 asper·
1192 2929 1230 2998 in
1247 2927 1453 2998 doctoribus
1467 2928 1663 3019 perniciosa
1678 2946 1751 3020 est,
1776 2948 1816 3007 ut
1833 2962 1936 3034 saepe
1956 2953 2112 3024 ostendit
2126 2968 2188 3027 ex'·

143 3045 278 3103 nantur
297 3055 420 3101 vocem
441 3031 623 3115 divinam,
657 3031 694 3099 id
716 3032 754 3104 lit
777 3027 964 3102 hominnm
985 3034 1089 3124 culpa
1107 3047 1143 3105 et
1192 3029 1379 3123 parientia·

143 3132 381 3206 contumacia.
441 3130 578 3202 interea
612 3145 729 3202 tamus
762 3155 903 3225 semper
933 3133 1062 3226 aliquis
1090 3147 1142 3205 est
1296 3126 1513 3218 Quaeram,
1540 3132 1710 3204 carissimi
1729 3136 1874 3228 fratres,
1899 3163 2046 3241 propter
2066 3155 2187 3232 Deum

143 3249 284 3320 coetus,
309 3236 372 3328 qui
396 3259 516 3304 vocem
536 3232 696 3305 divinam
715 3235 832 3318 audit,
858 3248 891 3306 et
907 3235 1142 3327 promissione
1194 3244 1228 3302 et
1251 3244 1396 3323 propter
1413 3231 1563 3302 sulutem
1579 3247 1752 3322 vestram,
1775 3253 1809 3310 et
1830 3260 1976 3336 propter
1990 3246 2186 3332 Ecclesiam

144 3338 269 3410 divina
296 3337 544 3421 contirmatus,
583 3336 716 3421 lilium,
755 3334 952 3407 Dominum
977 3352 1139 3408 nostrum
1192 3336 1361 3418 obtestor,
1377 3346 1417 3404 ut
1432 3357 1606 3406 memores
1622 3331 1848 3414 huiusdicti:
1870 3342 2091 3429 Ponoverba
2107 3385 2186 3436 mea

147 3436 264 3511 lesum
287 3433 471 3509 Christum
494 3437 672 3530 agnoscit,
711 3451 745 3509 et
769 3441 813 3507 ad
848 3438 964 3510 Deum
994 3440 1140 3519 accedit,
1193 3437 1230 3505 in
1246 3449 1394 3509 oretuo.
1425 3432 1598 3507 Custodes
1613 3439 1710 3509 vocis
1722 3441 1866 3516 divinae
1879 3456 2050 3525 maneatis
2065 3460 2185 3537 fideles

147 3562 299 3636 eumque
326 3565 407 3611 vore
438 3541 598 3625 invocat,
629 3553 664 3611 et
685 3541 718 3611 ei
738 3542 981 3634 obtemperare
1005 3541 1141 3634 incipit.
1163 3586 1168 3679 Ι
1192 3553 1226 3609 et
1252 3537 1365 3618 tirmi,
1404 3561 1469 3605 uec
1503 3538 1610 3608 aliam
1638 3542 1835 3615 doctrinam
1863 3570 2077 3641 pugnantem
2103 3587 2185 3638 eum

145 3640 216 3715 llic
237 3656 356 3714 coetus
379 3657 429 3714 est
450 3638 608 3715 Ecclesia
630 3640 696 3715 Dei
715 3644 875 3735 propria,
902 3656 935 3713 et
950 3658 1001 3714 est
1014 3638 1141 3715 hortus
1192 3637 1408 3729 Evangelio,
1435 3641 1531 3733 quod
1550 3641 1617 3734 ipsi
1635 3637 1805 3716 hactenus
1818 3650 2007 3743 docuistis,
2033 3673 2067 3733 et
2089 3667 2187 3740 scitis

146 3745 404 3830 illecoelestis,
429 3747 560 3840 dequo
576 3744 662 3814 diri.
723 3744 783 3817 Sic
803 3747 914 3835 igitur
935 3739 1140 3817 huichorto
1191 3766 1274 3814 vere
1290 3739 1356 3813 Dei
1372 3764 1494 3811 vocem
1511 3765 1595 3829 esse,
1621 3744 1810 3837 recipiatis.
1861 3747 2044 3832 Omnibus
2060 3772 2186 3841 aetati·

144 3850 290 3942 plantae
315 3848 540 3934 inseruntur,
572 3848 623 3917 sic
651 3849 868 3935 educuntur3
903 3848 953 3918 sic
978 3842 1141 3918 homines
1193 3847 1260 3917 bus
1284 3843 1446 3915 diabolus
1471 3843 1662 3917 insidiatur
1680 3842 1859 3923 Ecclesiae
1872 3851 1958 3946 Dei,
1980 3876 2014 3934 et
2038 3869 2186 3946 artificia

144 3953 192 4023 ad
208 3948 323 4020 Deum
338 3952 510 4028 redeunt,
536 3950 619 4043 qnia
634 3947 730 4023 Deus
746 3950 820 4041 ipse
836 3950 1036 4035 ministros,
1062 3964 1142 4020 tan·
1192 3959 1305 4019 tentat
1328 3946 1444 4030 varia,
1474 3959 1514 4017 ut
1542 3948 1738 4038 praestigiis
1762 3954 1889 4026 obruat
1914 3961 2119 4056 veritatem,
2150 3989 2185 4048 at

144 4077 254 4148 quam
277 4047 372 4123 horti
401 4053 455 4121 sui
480 4048 657 4137 sartorius,
690 4052 895 4144 constituit,
925 4075 1015 4146 quos
1044 4052 1142 4123 iubet
1192 4047 1309 4120 Deum
1342 4049 1557 4119 contumelia
1591 4050 1737 4137 alliciat,
1780 4068 1816 4127 et
1850 4060 1981 4132 multos
2022 4062 2186 4149 bomine,

144 4178 275 4228 sonare
291 4177 412 4223 vocem
429 4149 614 4244 Evangelii
629 4153 696 4227 sui.
747 4150 824 4225 Hac
840 4150 1141 4226 rocedivinaEc-
1192 4148 1460 4221 aDeoavellat.
1514 4149 1633 4239 Quare
1648 4175 1722 4222 uon
1743 4156 1982 4236 existimemus
2007 4162 2075 4243 hoc
2096 4189 2186 4248 tem.

145 4256 254 4331 clesia
269 4255 459 4345 colligitur.
514 4253 597 4327 ldeo
615 4254 732 4350 inquit
748 4260 842 4345 apud
858 4254 1017 4327 Esaiam:
1040 4255 1141 4326 Pono
1193 4276 1279 4345 pore
1294 4248 1389 4322 nihil
1404 4274 1477 4321 esse
1492 4252 1652 4343 periculi,
1681 4258 1742 4325 sed
1760 4282 1826 4329 nos
1840 4262 1936 4353 ipsos
1950 4276 2183 4352 exuscitemus

144 4360 258 4431 cerba
280 4381 359 4428 mea
385 4358 424 4427 in
453 4381 515 4428 ore
537 4370 612 4430 tuo.
675 4354 867 4446 Colligitur
892 4356 1050 4429 Ecclesia
1074 4355 1141 4428 Dei
1193 4356 1238 4424 ad
1262 4353 1430 4425 maiorem
1458 4353 1678 4444 vigilantiam
1707 4356 1746 4427 in
1774 4367 1940 4437 cavendis
1968 4369 2185 4469 imposturis,

145 4477 310 4545 aeterna,
344 4484 418 4529 non
448 4453 636 4531 hominnm
669 4460 861 4551 sapientia,
894 4484 969 4530 non
1005 4461 1142 4549 tegibus
1193 4471 1228 4526 et
1248 4458 1293 4525 ad
1317 4478 1438 4525 curam
1461 4456 1639 4545 cogitandi
1656 4461 1703 4528 de
1717 4459 1878 4536 fontibus
1893 4469 2085 4546 doctrinae.
2135 4479 2184 4557 Et

144 4564 293 4638 Solonis
307 4576 368 4633 aut
382 4558 554 4656 Lycurgi,
581 4586 654 4631 non
670 4563 819 4633 decretis
836 4560 992 4652 Regum,
1017 4559 1143 4632 Ponti·
1193 4558 1299 4628 simul
1315 4579 1456 4627 oremus
1475 4556 1587 4627 filium
1602 4558 1690 4647 Dei,
1713 4586 1758 4633 ne
1776 4565 1869 4639 sinat
1890 4570 2048 4664 extingui
2067 4578 2183 4657 lucem

144 4669 276 4750 ficum,
315 4661 544 4755 Principum,
585 4676 647 4735 aut
674 4665 850 4747 ullorum,
894 4663 1055 4758 qrramvis
1086 4687 1144 4732 sa·
1195 4660 1377 4730 doctrinae
1398 4682 1480 4727 suae
1501 4658 1539 4727 in
1570 4655 1624 4732 his
1648 4663 1868 4753 regionibus,
1902 4671 1991 4746 sicut
2011 4679 2057 4748 de
2078 4680 2184 4760 Petro

144 4771 330 4867 picotum,
361 4766 486 4835 alienis
510 4767 555 4836 ab
578 4762 791 4855 Evangelio,
815 4768 906 4836 sicut
929 4763 1061 4836 Paulus
1084 4767 1144 4834 in·
1194 4762 1326 4856 inqrrit:
1358 4756 1471 4831 Oravi
1486 4784 1551 4853 pro
1573 4777 1607 4833 te
1630 4761 1751 4853 Petre,
1777 4793 1822 4839 ne
1845 4770 1931 4843 fides
1954 4789 2012 4846 tua
2036 4783 2185 4861 deficiat.

145 4872 244 4968 quit:
271 4869 310 4941 Si
332 4868 412 4960 quis
433 4868 529 4937 aliud
548 4864 782 4956 Evangelium
807 4870 925 4951 docet,
957 4861 1143 4937 anathema
1194 4864 1284 4933 Nam
1317 4865 1471 4954 profacto
1494 4865 1790 4938 astutissimorum
1820 4885 1855 4942 et
1879 4874 2185 4962 fallacissimorum

145 4977 208 5049 sit.
265 4965 366 5042 Nihil
391 4970 462 5040 dici
485 4971 620 5042 tristius
645 4983 769 5062 potest.
829 4968 920 5041 Nam
944 4964 1144 5038 Anathema
1195 4965 1384 5057 spirituum
1405 4964 1557 5035 insidiae
1576 4963 2020 5065 solabumanadiligentia
2038 5008 2112 5058 non
2131 5015 2186 5064 sa.

146 5088 325 5148 vocantur
337 5068 501 5143 homines
514 5072 631 5143 reiecti
647 5097 666 5141 a
683 5069 778 5157 Deo,
805 5070 935 5165 quibus
952 5073 1038 5141 adeo
1057 5065 1143 5139 hor·
1196 5069 1241 5139 tis
1262 5068 1378 5136 caveri
1404 5081 1562 5171 possunt.
1627 5068 1696 5141 Sed
1722 5071 1873 5144 affirmat
1900 5076 1994 5150 lilius
2021 5081 2089 5157 Dei
2112 5115 2186 5168 aare

147 5178 305 5251 ribiliter
328 5175 511 5258 irascitur,
540 5191 578 5246 ut
600 5175 669 5243 nisi
687 5175 879 5259 tollantur,
906 5197 1019 5265 poena
1036 5172 1144 5243 simul
1196 5169 1301 5241 nobis
1323 5169 1518 5239 affuturum
1546 5194 1639 5255 esse,
1678 5186 1714 5243 ct
1743 5174 2022 5264 gubernaturum
2050 5210 2187 5269 mente,

148 5295 242 5355 totas
259 5293 396 5369 gentes,
421 5277 582 5367 contagio
601 5276 771 5369 pollutas,
793 5277 932 5345 obruat.
1197 5284 1353 5351 nostras,
1379 5288 1413 5342 et
1437 5271 1585 5340 consilia
1603 5272 1741 5365 Spiritu
1762 5293 1884 5349 sancto
1902 5304 1944 5350 cx
1959 5304 2025 5355 suo
2046 5308 2188 5381 pectore

251 5379 343 5453 Cum
369 5379 477 5468 igitur
491 5376 589 5449 Deus
612 5401 674 5449 vos
699 5380 742 5448 ad
767 5376 1006 5447 ministerium
1024 5371 1146 5447 Evan-
1196 5374 1236 5445 in
1249 5395 1316 5443 nos
1331 5372 1463 5458 effuso,
1487 5373 1551 5467 qui
1566 5374 1612 5445 sit
1628 5377 1755 5447 ductor
1773 5380 1820 5451 ad
1833 5405 1976 5453 omnem
1993 5392 2190 5491 veritatem,

149 5485 233 5581 gelii
247 5483 437 5563 vocaverit,
463 5494 677 5552 mementote
693 5474 921 5552 hoedictum:
948 5476 1050 5549 Pouo
1065 5501 1145 5548 ver·
1197 5489 1236 5548 ut
1252 5474 1327 5569 ipse
1343 5475 1472 5570 inquit.

204 5585 390 5659 blaburra.
418 5586 524 5652 Oera.
551 5585 636 5652 Vos.
662 5586 725 5651 xl.
1479 5571 1526 5647 51
