4664 6022
130 288 207 367 2⁴5
683 284 956 365 necnon
987 284 1290 365 Humili
1319 280 1668 368 nltstotttttt..
1754 406 1760 413 .
1844 306 1850 321 ¹
2102 292 2179 371 246

123 461 276 557 optimis
289 459 488 534 dissimilia.
539 456 688 533 Habetis
704 459 773 532 mei
784 461 926 533 consilii
941 463 1128 550 rationem,
1180 461 1321 538 tuimet,
1345 459 1417 532 nisi
1441 484 1560 531 rernm
1576 460 1739 551 qmvitati
1757 464 2047 539 venustissimum
2062 491 2175 560 genus

123 588 193 639 eur
217 566 433 660 utquisque
455 577 560 634 sutor
579 565 737 656 optimus
758 577 828 647 est,
853 564 902 635 ita
924 566 1128 657 saepissime
1180 563 1371 632 verbenam
1385 575 1555 658 tanquam
1569 563 1752 634 illecebras
1762 569 1932 660 quasdam
1944 570 2172 645 adiunxisset.

124 669 361 757 relegendum
395 688 470 736 esse
499 665 713 750 existimem,
754 668 852 760 quod
883 666 1045 762 quisquis
1071 690 1128 737 se-
1179 662 1262 735 Non
1283 679 1335 736 est
1349 666 1671 737 sutemobscurum
1685 683 1859 761 quantum
1874 672 2028 744 amarint
2043 669 2173 744 Graeci

124 773 316 866 quendum
339 768 410 840 sibi
433 790 508 838 esse
528 780 676 852 statuet,
713 765 746 836 is
769 790 808 837 re
830 768 907 858 ipsa
928 769 1128 861 experietur
1179 762 1248 838 boc
1280 790 1444 851 carmen,
1488 782 1620 861 quauta
1650 792 1734 839 cura
1763 760 2046 860 adunaverint,
2086 777 2172 868 quia

124 894 241 943 unam
270 866 363 940 bane
384 893 459 940 esse
478 873 522 939 ad
543 869 694 939 solidam
718 869 958 940 eruditionem
981 895 1126 960 compa·
1177 865 1373 940 Pausanias
1401 868 1518 940 sitae
1546 869 1678 940 vidisse
1705 869 1744 940 in
1770 867 1944 945 Helieone
1964 876 2172 970 antiquissi-

123 976 281 1045 rendam
306 973 419 1052 viam,
445 971 597 1042 aliorum
621 994 707 1041 vero
730 971 914 1042 laboribus
933 993 973 1042 ae
993 973 1126 1061 vigiliis
1177 993 1277 1041 mum
1297 984 1570 1042 monumentum
1591 970 1775 1062 plumbeas
1795 975 1952 1060 tabulas,
1977 976 2016 1047 in
2038 979 2170 1073 quibus

123 1074 285 1147 isnctmn
302 1074 450 1143 minime
463 1075 692 1165 respondere.
744 1071 814 1144 Sed
831 1096 911 1143 cum
926 1072 1125 1145 Hesiodum
1179 1066 1246 1142 boc
1262 1072 1572 1164 poemasrriptnm
1586 1072 1706 1144 luerit.
1757 1073 1829 1146 Sed
1845 1078 2006 1147 venioad
2021 1080 2169 1151 alteram
2224 1098 2230 1159 ζ

126 1182 270 1269 semper
300 1175 496 1247 doctissimi
526 1170 690 1245 homines
712 1173 860 1268 plurimi
882 1175 1051 1257 iecerint,
1084 1199 1125 1246 ex
1178 1187 1334 1266 partem,
1365 1188 1401 1250 et
1421 1198 1595 1266 exponam
1620 1175 1706 1269 qnid
1724 1177 1901 1248 adrerum
1916 1179 2102 1252 scientiam
2118 1182 2171 1252 le-

132 1302 172 1351 es
192 1300 327 1369 genere
347 1291 514 1347 autorum
537 1272 629 1346 mihi
651 1299 727 1347 esse
751 1277 848 1346 visus
869 1292 939 1362 est,
964 1279 1125 1373 quinon
1178 1277 1248 1346 ctio
1278 1276 1354 1346 eius
1382 1281 1576 1359 conducat,
1608 1276 1647 1345 in
1676 1301 1746 1368 qua
1770 1281 1927 1369 prolecto
1950 1305 2025 1352 non
2049 1284 2170 1354 minus

130 1380 239 1453 semel
255 1392 395 1450 tantum
409 1378 624 1471 inspiciendi
639 1390 738 1464 sunt;
765 1392 876 1472 qnare·
891 1402 983 1459 enm,
1010 1404 1124 1474 quan·
1178 1402 1282 1471 qnam
1297 1378 1336 1446 in
1350 1378 1468 1447 verbis
1483 1377 1740 1449 elaborandum
1754 1395 1817 1454 est.
1862 1378 2046 1471 Quianou
2060 1387 2170 1456 modo

128 1506 239 1579 qnam
262 1504 339 1553 non
360 1481 467 1573 plane
484 1480 645 1571 ignotum
661 1480 764 1551 vobis
781 1481 1009 1570 relegendum
1026 1504 1125 1551 snm·
1177 1480 1295 1549 inanis
1315 1495 1367 1552 est
1386 1479 1519 1564 oratio,
1543 1478 1615 1549 nisi
1636 1502 1692 1550 res
1714 1477 1880 1552 honestas
1901 1498 1937 1555 ct
1957 1487 2061 1556 utiles
2081 1510 2170 1557 oon-

127 1584 198 1681 psi.
251 1580 378 1676 Neque
394 1606 513 1653 meum
531 1582 720 1652 consilinm
735 1578 1020 1675 reprehendetis,
1045 1583 1125 1674 opi·
1176 1581 1306 1672 tineat,
1338 1582 1400 1650 sed
1431 1581 1539 1652 etiam
1560 1581 1699 1673 copiam
1721 1606 1866 1653 omnem
1886 1586 2029 1656 dicendi
2050 1612 2168 1659 rerum

127 1710 220 1772 nor,
258 1684 290 1756 si
323 1685 545 1775 cogitabitis,
582 1698 733 1777 quantas
759 1683 948 1769 utilitates,
986 1684 1125 1757 tametsi
1176 1683 1320 1753 scientia
1336 1682 1471 1775 genuit.
1521 1681 1602 1753 Non
1620 1681 1681 1753 Dii
1696 1697 1834 1756 tantum
1850 1687 1933 1757 mali
1951 1691 2170 1779 permittant,

127 1789 281 1879 aiguas
305 1786 468 1864 tibettm,
499 1786 637 1856 adferre
660 1799 777 1880 queat.
827 1783 875 1857 Et
890 1789 973 1881 quia
990 1786 1125 1879 priuci-
1175 1786 1384 1857 ntcadatin
1400 1808 1459 1853 eos
1473 1784 1689 1878 eloquentia,
1712 1788 1774 1880 qui
1791 1789 1890 1858 nulla
1907 1789 2050 1862 virtutis
2066 1816 2170 1883 prae·

126 1890 192 1984 pio
217 1889 258 1958 in
277 1890 445 1960 omnibus
463 1888 619 1979 negociis
632 1887 920 1960 constituendum
938 1902 1010 1967 est,
1035 1911 1126 1984 quae
1175 1900 1294 1977 cepta,
1317 1888 1417 1956 nulla
1439 1888 1572 1967 cilicia,
1600 1887 1719 1958 nullas
1735 1888 1827 1958 vitae
1844 1890 1954 1980 leges,
1977 1893 2095 1964 nullas
2111 1918 2169 1963 re-
2311 1916 2316 1923 ·

126 1992 268 2065 utilitas
288 2013 330 2061 ex
344 2013 562 2084 unoquoque
578 2012 705 2080 genere
722 1989 854 2060 laboris
871 2004 1033 2081 petatur,
1058 2013 1125 2061 nos
1176 1988 1326 2079 liginnes
1348 2000 1503 2079 norunt,
1528 1989 1662 2083 quique
1683 1990 1819 2060 nullam
1842 1993 2059 2064 naturalium
2084 2018 2169 2065 cau-

127 2116 277 2191 quoqne
306 2092 551 2177 monebimus,
584 2091 671 2186 quid
699 2104 880 2182 expectare
904 2116 945 2162 ae
967 2092 1126 2181 flagitare
1175 2114 1292 2161 sarum
1310 2114 1350 2160 ae
1367 2103 1559 2160 eventuum
1575 2091 1812 2182 cognitionem
1829 2088 1972 2167 babent.
2025 2094 2117 2167 Nam
2133 2113 2168 2170 et

126 2194 313 2271 commodi
334 2218 376 2264 ex
390 2190 540 2264 Hesiodi
563 2192 715 2265 lectione
733 2193 899 2265 debeatis.
949 2188 1015 2264 Est
1029 2194 1124 2264 enim
1174 2190 1347 2261 Horatius
1376 2215 1457 2262 curn
1487 2191 1550 2285 qui
1575 2217 1594 2262 s
1617 2216 1736 2263 rerum
1758 2196 1963 2283 cognitione
1987 2221 2061 2269 non
2084 2201 2168 2271 satis

128 2296 373 2371 nomnibus
403 2295 589 2368 autoribus
619 2295 677 2366 vel
705 2295 894 2366 verbontm
924 2295 980 2365 vel
1004 2318 1124 2365 rerum
1174 2294 1368 2364 instructus
1382 2308 1453 2379 cst,
1478 2306 1582 2383 negat
1595 2295 1764 2364 idoneum
1779 2319 1854 2366 esse
1868 2299 1913 2366 ad
1928 2299 2168 2388 scribendum,
2305 2299 2308 2307 '

129 2397 281 2473 scientia
297 2402 460 2490 petenda.
509 2395 688 2467 Hesiodus
702 2410 820 2468 autem
834 2395 970 2469 Graece
985 2397 1126 2466 discen·
1174 2419 1255 2466 cum
1271 2395 1338 2465 ait:

127 2500 228 2575 libus
252 2514 420 2591 magnum
439 2499 693 2569 vocabulorum
706 2502 895 2569 numerum
911 2499 1125 2590 suppeditat.
1265 2501 1425 2567 Soribendi
1439 2518 1519 2566 rsots
1532 2526 1636 2587 sapere
1649 2518 1694 2567 est
1707 2519 1737 2568 et
1752 2508 1937 2592 principium
1950 2524 1980 2573 et
1996 2511 2075 2573 fons.

130 2598 180 2677 Rs
201 2602 374 2698 qnoniam
396 2602 528 2671 alicubi
551 2595 738 2671 hilariores
760 2600 1016 2692 descriptiones
1036 2624 1125 2670 con·
1175 2594 1222 2671 Et
1243 2601 1365 2670 multis
1381 2600 1542 2670 versibus
1559 2603 1700 2693 exponit
1720 2618 1856 2692 postea,
1881 2628 2032 2697 quarum
2047 2630 2166 2676 rerum

130 2704 241 2786 linet,
267 2703 375 2776 etiam
396 2699 435 2773 bi
452 2704 515 2797 qui
531 2701 659 2774 Latine
677 2702 819 2774 diseunt
834 2704 934 2774 abeo
951 2705 1124 2796 quaedam
1175 2703 1358 2772 seientiam
1381 2702 1540 2796 requirat
1562 2702 1599 2770 in
1622 2727 1682 2786 eo,
1707 2705 1828 2797 quise
1851 2707 2021 2777 disertum
2044 2705 2168 2800 perhi-

129 2802 294 2881 banau·
311 2805 470 2897 exempla
496 2804 629 2896 copiosi
661 2805 853 2891 sermonis,
885 2817 919 2875 et
949 2804 1124 2874 rationem
1175 2806 1252 2874 beri
1275 2806 1371 2875 velit.
1423 2802 1580 2874 Proinde
1594 2805 1640 2874 ita
1657 2803 1814 2876 inducite
1826 2808 2005 2895 animum,
2028 2823 2071 2880 nt
2085 2834 2167 2879 seu·
2302 2798 2308 2811 ⁸

130 2909 315 3007 quandam
336 2908 579 2979 ornandorum
598 2906 852 2977 sententiarum
871 2906 1028 2978 mutuari
1043 2928 1126 2998 pos-
1175 2906 1269 2979 tiatis
1292 2907 1394 2976 vobis
1415 2905 1453 2973 iu
1476 2901 1543 2975 boc
1566 2906 1744 2976 curriculo
1763 2910 1984 2996 studiorum,
2009 2911 2166 3005 primum

134 3025 228 3087 unt.
280 3006 373 3079 Nam
390 3022 423 3079 et
438 3009 469 3079 si
484 3009 604 3098 lingua
620 3009 759 3078 diversa
772 3007 836 3092 sit,
859 3021 978 3081 tamen
995 3009 1127 3078 solun·
1175 3032 1338 3093 magnam
1367 3009 1547 3102 quandam
1571 3023 1606 3078 et
1630 3009 1808 3097 copiosam
1832 3012 2025 3084 verborum
2047 3014 2167 3106 supel-

133 3126 203 3191 tate
224 3110 375 3185 Graecis
390 3108 530 3197 Latini,
553 3112 591 3179 in
616 3111 853 3201 disponenda,
878 3112 1124 3202 amplificanda
1175 3111 1326 3180 lectilem
1343 3111 1537 3199 parandam
1553 3132 1641 3189 esse,
1667 3125 1706 3180 ut
1722 3113 1909 3201 explicare,
1934 3140 2015 3185 curn
2029 3117 2073 3186 de
2087 3140 2168 3207 gra-
2271 3158 2275 3169 ·

130 3232 242 3315 etque
269 3213 480 3284 illustranda
507 3212 668 3283 oratione
695 3211 828 3280 similes
856 3225 952 3285 sunt.
1004 3209 1126 3305 ltaque
1174 3214 1279 3280 vttms
1293 3212 1400 3281 rebus
1412 3211 1474 3280 alii
1487 3212 1639 3281 docendi
1657 3236 1677 3278 a
1694 3213 1796 3282 vobis
1812 3229 1928 3298 erum,
1954 3218 2168 3305 cumdiqni·

133 3320 210 3391 duo
237 3316 371 3387 stammi
399 3316 494 3407 apud
519 3313 668 3385 Latinos
693 3310 842 3396 Po'e'tae,
883 3311 1061 3402 Vergilius
1092 3325 1127 3382 et
1174 3327 1245 3384 tate
1267 3337 1321 3382 res
1345 3314 1532 3395 obscuras,
1564 3313 1686 3406 eisqam
1709 3315 1830 3383 lnrnen
1854 3317 1984 3387 addere
2009 3319 2165 3411 possitis3

136 3418 310 3504 Ovidius,
342 3441 417 3487 non
447 3418 555 3486 modo
582 3414 678 3485 locos
701 3413 777 3482 eius
800 3415 972 3510 quosdam
996 3412 1126 3483 imitati
1175 3415 1305 3483 deinde
1321 3415 1426 3483 etiam
1443 3414 1603 3481 omnium
1619 3435 1738 3482 rerum
1755 3415 2016 3507 percipiendam
2032 3420 2167 3490 doctri-

134 3535 240 3607 sunt,
266 3521 328 3591 sed
349 3519 483 3590 multos
504 3516 696 3588 versiculos
717 3538 807 3608 pene
826 3517 870 3585 ad
895 3517 1042 3586 verbum
1066 3540 1127 3584 ex·
1175 3541 1258 3585 nam
1282 3538 1375 3599 esse,
1397 3538 1487 3607 quae
1509 3528 1585 3584 tum
1610 3516 1655 3584 ad
1679 3529 1835 3584 nostram
1859 3519 1968 3587 vitam
1992 3535 2087 3594 recte
2107 3520 2166 3590 in-

133 3637 359 3719 pressernnt,
404 3643 560 3714 quornm
594 3618 751 3706 exempla
787 3639 854 3687 nos
885 3618 1126 3688 commoueia-
1175 3618 1409 3699 stituendam,
1435 3629 1510 3686 tum
1534 3616 1578 3685 ad
1601 3618 1798 3687 orationem
1816 3618 2063 3692 illustrandam
2079 3646 2166 3692 con·

131 3726 253 3811 ciunt,
288 3725 470 3819 quomodo
498 3721 543 3790 ad
572 3734 713 3791 nostros
741 3743 845 3801 usus,
881 3744 953 3789 non
988 3732 1125 3791 tantum
1174 3723 1321 3791 ductant.
1370 3714 1515 3789 Etenim
1539 3740 1621 3787 cum
1643 3733 1704 3789 snt
1725 3721 1917 3791 denatura
1941 3744 2079 3809 rerum,
2104 3738 2166 3795 aut

131 3831 222 3905 certi
243 3828 390 3921 quidam
415 3823 555 3894 flosculi
575 3846 618 3892 ex
642 3817 849 3892 huiusmodi
865 3823 1048 3891 autoribus
1064 3824 1127 3890 de-
1174 3825 1220 3893 de
1234 3821 1414 3904 moribus,
1439 3832 1500 3890 aut
1515 3821 1560 3889 de
1574 3820 1806 3911 religionibus
1822 3822 1860 3890 in
1877 3817 1943 3893 bac
1958 3824 2055 3894 civili
2072 3826 2166 3895 vitae

132 3929 420 4025 oet-pendisint,
452 3925 580 3996 sedin
601 3925 701 3994 omni
723 3947 885 3994 sermone
909 3923 1126 3993 inveniendo
1176 3922 1433 3995 consuetudine
1459 3945 1562 4012 saepe
1590 3923 1741 3992 docendi
1772 3923 1845 3994 sint
1873 3919 2056 4017 homines,
2096 3927 2166 3998 erit
2299 4012 2302 4017 Ι

130 4031 345 4130 prudentia,
369 4030 409 4099 in
424 4027 631 4120 explicando
650 4025 865 4118 proprietas,
887 4025 1127 4116 perspicuitas,
1175 4027 1281 4119 plene
1307 4022 1395 4104 ὄνος
1413 4018 1506 4118 πρὸς
1525 4016 1663 4117 λύραν,
1696 4025 1744 4107 is,
1777 4025 1840 4116 qui
1862 4050 2065 4121 quanquam
2089 4052 2165 4098 me·

132 4150 170 4211 et
195 4135 321 4226 eopia,
353 4131 392 4201 in
419 4128 643 4222 disponendo
667 4126 852 4216 diligentia
872 4126 1045 4201 imitanda
1067 4126 1127 4197 sit·
1175 4127 1306 4198 diocris
1331 4125 1522 4195 verborum
1550 4125 1650 4215 copia
1679 4126 1718 4194 in
1744 4140 1930 4197 numerato
1949 4128 2012 4214 sit,
2044 4143 2163 4201 tamen

132 4236 206 4313 Sed
230 4238 275 4306 de
295 4230 363 4304 bac
382 4245 484 4325 parte
504 4229 587 4323 quia
611 4229 695 4299 satis
716 4230 805 4314 dici,
829 4228 899 4298 nisi
915 4230 1008 4299 inter
1023 4252 1127 4297 enar·
1175 4252 1231 4300 res
1250 4251 1326 4298 non
1347 4227 1432 4297 satis
1450 4238 1648 4318 perspectas
1662 4240 1697 4298 et
1711 4226 1908 4320 exploratas
1924 4223 2042 4305 habet.
2092 4230 2165 4302 Ne:-

131 4342 288 4413 randnm
302 4330 667 4407 conteranturLatina
679 4329 931 4417 cumGraecis,
955 4345 991 4402 et
1003 4352 1128 4401 omnes
1176 4355 1247 4426 que
1266 4330 1362 4401 enim
1383 4328 1501 4398 dicere
1522 4329 1710 4423 quisquam
1726 4331 1772 4401 de
1787 4353 1826 4400 re
1841 4354 1965 4422 parurn
1982 4347 2066 4403 nota
2082 4357 2164 4425 per-

134 4436 271 4535 figurae
298 4437 410 4528 digito
437 4434 689 4516 ostendantur,
721 4456 793 4502 non
819 4445 952 4523 potest,
980 4434 1066 4502 nolo
1088 4431 1126 4499 in
1176 4434 1294 4525 spicue
1316 4443 1449 4523 potest,
1480 4442 1577 4501 utet
1599 4432 1693 4520 apud
1717 4429 1899 4502 Platonem
1923 4431 2085 4503 Socrates
2105 4434 2165 4502 in-

133 4539 334 4641 praesentia
350 4538 493 4628 longior
509 4558 601 4620 esse,
627 4536 687 4602 sed
705 4535 742 4603 in
759 4533 1051 4625 interpretatione
1066 4556 1128 4603 ve-
1176 4536 1256 4631 quit
1270 4549 1305 4605 et
1317 4556 1420 4623 saepe
1435 4545 1556 4601 mouet
1571 4528 1715 4618 Cicero,
1737 4547 1772 4604 et
1786 4532 1957 4604 Horatius
1970 4558 2049 4603 cum
2065 4534 2131 4605 ait:

134 4647 188 4720 lut
213 4646 253 4715 in
273 4666 313 4715 re
332 4639 508 4732 praesenti
531 4635 789 4720 indicabimus,
811 4635 901 4729 quos
923 4636 1020 4706 locos
1043 4630 1129 4705 hino
1277 4638 1441 4724 Verbaque
1452 4644 1604 4723 provisam
1617 4662 1681 4702 mm
1695 4663 1757 4702 noa
1773 4646 1867 4704 invita
1881 4655 2053 4724 sequautur.

135 4745 352 4841 sumpserint
363 4743 551 4833 scriptores
563 4737 685 4808 Latini
700 4750 735 4808 et
748 4737 836 4831 qnid
852 4737 999 4824 imitari,
1021 4738 1129 4832 quid·
1178 4736 1405 4827 significavit,
1437 4734 1513 4805 fieri
1541 4758 1616 4804 non
1646 4760 1765 4827 posse,
1797 4751 1838 4808 ut
1860 4737 2012 4807 scultro
2033 4760 2163 4827 magno

138 4876 206 4949 qne
234 4868 421 4938 excerpere
447 4843 516 4935 ipsi
538 4843 739 4913 debeamus.
803 4835 948 4910 Etenim
970 4838 1127 4911 tametsi
1176 4862 1325 4907 numero
1347 4837 1500 4908 offerant
1524 4837 1651 4918 verba,
1683 4838 1753 4907 nisi
1776 4860 1915 4907 causam
1937 4837 2028 4908 bene
2049 4840 2165 4910 medi-

137 4956 303 5047 adpareat
315 4961 462 5041 propter
478 4944 579 5015 utilia
594 4955 778 5034 praecepta
792 4941 905 5029 magis
923 4966 1030 5036 quarn
1044 4964 1129 5031 pro·
1177 4953 1286 5011 tatam
1307 4934 1448 5012 babeas.
1500 4936 1607 5027 Quod
1629 4940 1772 5009 comita
1787 4939 1850 5019 sit,
1874 4962 1948 5007 non
1965 4955 2049 5011 sum
2063 4965 2166 5034 prae-

137 5070 215 5147 pter
229 5052 422 5123 verbenam
436 5059 602 5118 ornatum
618 5045 656 5113 in
673 5042 908 5112 admiratione
923 5037 991 5113 hoc
1003 5049 1128 5134 poema
1175 5041 1395 5113 termittendi
1422 5040 1522 5123 libri,
1550 5039 1614 5132 qui
1641 5042 1686 5110 de
1715 5063 1835 5110 rerum
1859 5053 2005 5128 natura,
2036 5058 2097 5114 aut
2121 5046 2165 5112 de

139 5158 264 5241 inisse,
296 5167 416 5225 tamen
441 5146 670 5242 quantumvis
690 5168 748 5214 res
768 5144 928 5213 salubres
947 5168 1051 5213 nemo
1076 5143 1129 5211 le·
1175 5144 1338 5213 moribus
1371 5154 1634 5233 praeceperunt.
1711 5139 1832 5235 Neque
1869 5157 1987 5213 tamen
2025 5145 2164 5233 legendi

141 5261 259 5349 uisset,
285 5255 355 5327 nisi
371 5249 714 5322 commendationem
730 5248 906 5338 quandam
923 5239 1129 5315 habuissent
1176 5267 1317 5329 omnes,
1341 5245 1402 5314 sed
1415 5243 1570 5331 eligendi
1582 5242 1720 5334 optimi,
1744 5244 1877 5337 quique
1890 5245 1983 5314 alere
1995 5246 2166 5338 eloquen-

142 5386 180 5434 ex
196 5382 326 5453 genere
339 5352 531 5437 sermonis,
560 5348 755 5440 etgratiam
771 5347 945 5435 elegantia
962 5346 1129 5418 carminis
1175 5347 1261 5418 tiam
1291 5345 1449 5438 possint,
1481 5345 1563 5438 qnia
1594 5344 1666 5416 lere
1693 5344 1732 5413 in
1756 5345 1915 5415 barbaris
1935 5346 2167 5436 scriptoribus

142 5464 340 5537 addidisset.
391 5456 515 5549 Neque
534 5452 692 5545 prolecto
716 5462 925 5520 vetustatem
948 5450 1041 5520 ferre
1063 5471 1130 5543 po-
1176 5472 1252 5521 non
1278 5460 1418 5519 tantum
1448 5446 1854 5618 scppqnis'sporcicies,
1884 5449 1946 5518 sed
1969 5447 2074 5518 etiam
2097 5448 2167 5519 alia
