4664 6022
154 285 236 365 758
546 280 708 361 uuct,
740 277 819 358 DE
851 278 1061 360 DICTO:
1103 273 1394 360 ATTENDE
1425 274 1710 359 Lucsloul
1733 298 1819 365 stc.
2128 298 2206 377 754

152 461 346 533 universae
360 472 540 531 creaturae
557 459 726 531 omuibus
739 458 875 550 angelis
897 472 931 531 et
947 454 1157 533 bominibus
1309 456 1508 529 Dissimilis
1519 452 1851 547 estigiturEcclesia
1867 462 2016 537 aliarum
2028 470 2200 560 gentium,

152 564 422 659 promulgavit?
473 562 552 634 Hoc
572 577 709 634 tantum
729 562 941 633 heneficium
964 565 1021 634 vel
1035 588 1154 655 asper·
1207 557 1290 652 quia
1306 561 1504 630 doctrinam
1523 556 1628 629 habet
1645 562 1688 630 de
1706 558 1771 631 Dei
1789 566 1939 636 essentia
1958 582 1991 638 et
2006 571 2198 658 voluntate,

152 669 257 751 nari,
294 667 347 735 vel
378 666 572 756 negligere,
603 667 765 735 omnium
787 665 958 733 scelerum
974 666 1154 737 atrocissi.
1204 662 1370 731 traditam
1391 686 1477 731 voce
1499 660 1564 731 Del
1583 663 1686 733 cerlis
1702 681 1736 735 el
1758 665 1956 738 illustribus
1976 673 2197 765 lesllmonlls,

148 797 255 841 mum
280 784 342 838 est.
402 768 474 838 Nec
499 768 593 837 enim
622 767 871 859 patefactiones
899 768 980 837 illae
1004 766 1070 837 Dei
1097 770 1152 839 lo·
1204 788 1294 857 quae
1322 765 1507 849 discenda,
1541 766 1716 835 audienda
1741 780 1775 835 et
1798 772 2038 859 amplectenda
2060 791 2128 860 est,
2163 795 2198 852 et

149 873 297 968 quentis
319 896 398 941 cum
425 866 561 951 Adam,
594 894 675 940 cum
698 865 820 949 Nuba,
854 893 934 940 ctam
957 866 1152 957 Abraham,
1203 890 1308 959 quam
1334 866 1427 936 nulli
1448 881 1628 937 creaturae
1657 882 1792 939 mutare
1818 871 1906 942 licet.
1966 874 2073 963 Quod
2099 882 2194 951 enim

148 999 234 1047 eum
245 973 388 1068 Moyse,
414 997 493 1041 cnm
505 970 688 1056 Samuele,
713 996 794 1041 cum
802 967 958 1059 Davide,
983 997 1064 1042 curn
1077 971 1151 1043 Da.
1202 968 1307 1039 multi
1321 964 1484 1038 homines
1498 970 1666 1040 audacter
1674 971 1850 1043 fiuxemnt
1864 975 1969 1044 aliam
1984 980 2194 1069 doctrinam,

148 1078 270 1161 niele,
296 1088 329 1144 et
345 1076 475 1143 deinde
491 1071 625 1146 Christi
650 1073 725 1145 nati
747 1098 788 1143 ex
811 1074 949 1163 virgine
973 1090 1008 1144 et
1031 1077 1146 1167 palam
1202 1095 1296 1140 nova
1328 1072 1495 1156 numina,
1535 1084 1576 1141 ut
1608 1067 1794 1162 Orpheus,
1832 1073 2026 1160 Hesiodus,
2066 1084 2195 1172 Arius,

148 1178 329 1249 versantis
345 1178 440 1246 inter
465 1176 629 1256 ludaeos,
663 1175 852 1246 conciones
876 1181 1081 1259 tantumad
1103 1178 1150 1246 il·
1202 1169 1467 1258 Machametus,
1500 1187 1534 1243 ct
1559 1174 1622 1242 alii
1646 1174 1924 1249 innumerabiles
1943 1177 1980 1249 hi
1998 1184 2077 1252 tetri
2092 1186 2193 1255 suro-

146 1282 206 1353 los
233 1280 476 1373 pertinebant,
510 1280 573 1371 qui
595 1279 755 1348 miranda
779 1279 980 1348 testimonia
1002 1293 1087 1350 tunc
1110 1280 1147 1349 in
1201 1299 1254 1343 res
1276 1298 1296 1344 a
1318 1277 1463 1346 diabolo
1485 1276 1553 1345 orti
1577 1291 1678 1361 sunt,
1709 1280 1771 1370 qui
1795 1293 1834 1349 ut
1859 1281 1980 1351 odium
2002 1308 2105 1354 suum
2129 1290 2194 1358 de·

146 1408 190 1457 re
208 1383 384 1474 praesenti
402 1382 602 1454 cernebant.
655 1376 712 1451 Ad
732 1404 798 1451 nos
822 1383 1149 1472 omncspcrtinent,
1200 1378 1323 1462 claret,
1363 1375 1478 1448 Deum
1507 1378 1616 1448 tantis
1639 1382 1865 1451 contumeliis
1890 1385 2038 1455 adlicere
2062 1392 2192 1465 studet.

146 1509 278 1559 omnes
314 1510 380 1576 pro
416 1480 472 1553 his
502 1482 708 1573 ingentibus
745 1484 925 1553 beneficiis
954 1499 1148 1575 prostratos
1198 1477 1295 1549 Haec
1318 1481 1475 1570 exempla
1505 1482 1674 1569 fugienda
1702 1483 1805 1552 uobis
1828 1508 1901 1553 esse
1927 1488 2095 1576 sciamus,
2127 1517 2193 1562 nec

144 1589 267 1665 iacere
292 1611 410 1657 coram
433 1583 510 1655 Deo
531 1587 736 1676 oportebat,
767 1609 807 1655 ac
828 1587 957 1676 gratias
979 1589 1010 1657 ei
1034 1612 1148 1677 agere,
1199 1583 1300 1652 aliter
1315 1585 1359 1651 de
1370 1583 1444 1653 Deo
1459 1583 1683 1653 sentiendum
1699 1606 1791 1670 csse,
1814 1610 1919 1678 quam
1937 1590 2026 1659 sicut
2042 1616 2078 1661 se
2094 1609 2193 1682 pate-

144 1715 191 1762 sc
212 1690 391 1760 celebrare
412 1690 621 1758 immensam
646 1688 859 1773 bonitatem,
885 1691 980 1783 quod
1004 1714 1040 1761 se
1064 1687 1148 1761 huie
1197 1683 1295 1753 fecit:
1322 1684 1393 1753 imo
1410 1685 1504 1755 utin
1521 1686 1601 1753 alvo
1619 1686 1740 1754 matris
1756 1689 1852 1757 sedet
1862 1690 1994 1776 foetus,
2021 1695 2093 1762 suis
2110 1697 2192 1789 qui-

144 1795 302 1865 miserae
317 1807 465 1863 naturae
478 1785 665 1860 bominum
680 1791 900 1882 patefecerit,
925 1816 1071 1887 eamque
1086 1817 1147 1863 ve·
1197 1787 1347 1856 busdam
1369 1787 1468 1878 quasi
1493 1787 1646 1857 fasciolis
1668 1787 1865 1870 involutus,
1898 1792 1946 1862 ita
1969 1810 2104 1865 mentes
2125 1822 2191 1867 no-

144 1919 328 1969 roamore
342 1894 527 1987 complecti
540 1917 576 1962 se
591 1894 796 1963 ostenderit.
837 1895 1028 1964 ldeoenim
1043 1920 1146 1966 man·
1198 1904 1289 1959 strae
1306 1884 1390 1959 huic
1406 1890 1587 1959 doctrinae
1601 1890 1701 1983 quasi
1718 1890 1899 1962 involutae
1915 1913 2093 1971 maneant.
2117 1884 2121 1892 ⁴
2147 1898 2198 1991 ln=

147 1997 270 2083 davit,
297 1996 407 2068 literis
423 1993 675 2085 comprehendi
693 1991 1037 2086 haspatelactiones,
1064 2000 1145 2068 ideo
1199 1987 1263 2060 hac
1279 2016 1349 2060 uua
1367 1993 1513 2063 audiant
1525 1991 1710 2061 nobiscum
1727 1993 1929 2086 loquentem
1942 1995 2074 2085 Deum,
2100 2002 2192 2077 sicut

148 2099 307 2170 instituit
342 2099 581 2168 ministerium
617 2098 878 2187 evangelicum,
917 2111 957 2169 ut
997 2099 1147 2169 sciamus
1197 2118 1265 2163 vox
1281 2094 1415 2163 aeterni
1433 2094 1541 2186 patris
1558 2094 1689 2186 inquit:
1714 2091 1821 2166 Hunc
1837 2099 1966 2173 audite.

145 2224 292 2294 semper
307 2226 386 2272 eum
403 2215 436 2271 et
457 2200 590 2269 versari
608 2200 646 2268 in
666 2196 841 2285 Ecclesia,
866 2215 902 2270 et
918 2201 1051 2294 alloqui
1069 2226 1146 2283 nos,
1298 2194 1390 2267 Cum
1414 2198 1522 2287 igitur
1544 2192 1702 2268 Ecclesia
1726 2201 1909 2291 proprium
1928 2225 2038 2292 genus
2054 2206 2190 2275 doctri·

144 2318 185 2375 et
203 2307 246 2373 ad
262 2328 328 2373 nos
344 2326 466 2374 omnes
482 2303 658 2395 pertinere
675 2303 836 2372 onmium
861 2318 1059 2396 temporum
1085 2329 1146 2395 pa·
1171 2372 1175 2389 ,
1198 2323 1264 2369 nac
1280 2314 1410 2373 teneat,
1439 2302 1562 2392 procul
1578 2324 1681 2391 supra
1703 2316 1737 2370 et
1754 2319 1849 2371 extra
1867 2299 2040 2374 humanae
2060 2309 2190 2378 mentis
2230 2294 2233 2301 ¹

143 2409 369 2482 tefactiones.
1198 2403 1348 2485 iudicia,
1382 2398 1650 2490 Philosophiam
1678 2418 1711 2473 ct
1736 2405 1825 2492 leges
1847 2407 2018 2496 positum,
2051 2433 2190 2480 necesse

254 2509 337 2578 Non
353 2511 482 2580 [trustra
497 2534 534 2580 se
550 2509 703 2580 ostendit
725 2510 849 2600 generi
861 2505 1019 2582 humano
1038 2509 1146 2598 Deus,
1196 2519 1247 2575 est
1263 2530 1327 2574 nos
1337 2504 1515 2575 Ecclesiae
1531 2506 1641 2574 libros
1656 2505 1789 2593 legere,
1813 2511 1948 2578 discere
1963 2525 1999 2581 ct
2014 2512 2190 2601 amplecti,

142 2634 229 2683 non
251 2612 462 2696 obscumm,
486 2636 560 2682 non
582 2614 659 2682 leve
682 2613 823 2703 signum
842 2614 978 2684 'amoris
994 2631 1045 2687 est
1063 2640 1144 2707 erga
1197 2620 1232 2678 et
1254 2609 1377 2699 procul
1403 2632 1443 2676 ex
1467 2607 1596 2676 animis
1618 2608 1717 2676 illam
1739 2611 2026 2700 superbissimam
2047 2637 2191 2704 persua-

143 2734 241 2794 nos,
267 2714 359 2805 quod
384 2715 517 2804 prodiit
539 2713 657 2800 Deus,
690 2717 786 2809 quod
808 2739 874 2786 nos
893 2716 1068 2787 allocutus
1085 2732 1146 2803 eat,
1196 2711 1332 2779 sionem
1350 2710 1491 2780 eiicere:
1518 2733 1629 2803 quae,
1651 2723 1692 2780 ut
1705 2709 1877 2797 diximus,
1901 2716 2072 2799 somniat,
2096 2710 2190 2784 nihil

143 2814 247 2906 quod
284 2838 368 2884 voce
402 2839 465 2886 sua
500 2841 566 2889 nos
600 2818 637 2886 in
670 2817 780 2888 vitam
814 2841 856 2888 ex
887 2819 1005 2889 media
1031 2834 1146 2891 morte
1196 2835 1286 2904 opus
1301 2837 1376 2882 esse
1398 2806 1455 2882 his
1471 2813 1592 2896 libris,
1616 2811 1700 2905 quia
1721 2813 1855 2906 alioqui
1874 2830 2037 2886 cernatur
2055 2818 2190 2906 ingenii

140 2928 303 2987 revocat.
1196 2916 1271 2986 acie
1294 2914 1455 2985 doctrina
1482 2916 1584 2985 vitae.
1637 2913 1712 2984 lmo
1729 2940 1794 2984 nec
1813 2914 1961 3005 Angeli,
1987 2943 2051 2987 nec
2070 2915 2190 2989 homi·

148 3040 155 3051 ’
250 3015 324 3087 Nec
338 3022 458 3088 eadem
471 3032 555 3088 suut
568 3020 751 3090 doctrinae
765 3044 910 3109 genera,
936 3033 976 3090 ut
988 3017 1146 3114 propha-
1197 3039 1278 3098 nes,
1320 3017 1593 3106 promissionem
1629 3019 1947 3103 reconciliationis,
1988 3022 2065 3089 sine
2092 3036 2190 3113 pate-

139 3113 474 3189 nibomiuesfalso
494 3118 716 3204 existimant,
750 3115 983 3211 Philosophia
1007 3136 1040 3191 et
1063 3123 1153 3213 ittae,
1195 3117 1348 3184 factione
1378 3140 1482 3185 nosse
1515 3130 1721 3207 potuerunt.
1783 3117 1867 3189 ldco
1896 3120 2028 3191 Paulus
2057 3147 2123 3193 nos
2144 3126 2189 3194 ad

139 3220 404 3317 promissiones
418 3223 462 3289 de
477 3219 584 3289 rebus
602 3221 773 3306 aeternis,
799 3245 887 3314 quas
906 3222 1053 3293 tradidit
1073 3219 1144 3291 Ec·
1195 3218 1383 3287 lectionem
1421 3218 1581 3288 deducit:
1626 3214 1826 3303 Attendite,
1859 3223 1995 3313 inquit,
2027 3225 2191 3308 lectioni,

142 3322 295 3405 elesiae,
328 3346 408 3392 cum
439 3346 476 3393 se
499 3321 620 3410 generi
643 3319 800 3393 humano
829 3322 996 3398 ostendit.
1051 3321 1143 3394 Cum
1195 3318 1296 3412 quasi
1318 3320 1433 3389 dicate
1468 3319 1519 3389 At
1541 3331 1675 3387 certum
1699 3343 1810 3407 geraus
1832 3323 2013 3393 doctrinae
2045 3326 2189 3414 alligata

146 3418 266 3495 Adam
281 3447 362 3493 rcus
372 3438 459 3494 esset
468 3438 550 3495 ante
563 3425 720 3495 auditam
735 3426 1034 3510 consolationem,
1055 3427 1142 3521 quid
1195 3433 1247 3490 est
1269 3416 1425 3491 Ecclesia
1449 3418 1537 3504 Dei,
1569 3444 1634 3489 nec
1656 3422 1762 3491 nohis
1787 3424 1916 3513 lingere
1937 3426 2005 3495 alia
2027 3429 2188 3510 numina,

145 3522 356 3595 ratiocinari
373 3526 470 3633 aljud
486 3540 651 3617 poterant
673 3529 728 3596 vel
744 3528 862 3615 angeli
882 3529 938 3596 vel
956 3528 1049 3618 ipse,
1072 3529 1143 3596 uisi
1195 3523 1283 3592 alios
1299 3521 1393 3592 Deos
1408 3525 1506 3606 licet,
1532 3537 1570 3592 ut
1587 3524 1764 3593 linxerunt
1780 3520 1965 3617 Orpbeus,
1998 3526 2187 3615 Hesiodus,

144 3618 221 3697 hoc
235 3627 371 3718 ipsum,
396 3631 491 3722 quod
516 3631 617 3699 docet
632 3631 747 3701 ratio?
788 3628 886 3700 Dens
901 3631 1015 3700 iustus
1031 3645 1066 3700 et
1083 3656 1144 3699 ve-
1196 3620 1443 3698 Maltometus,
1478 3639 1513 3694 et
1538 3625 1611 3693 alii.
1669 3623 1835 3696 Tradidit
1859 3628 1960 3697 vobis
1984 3632 2188 3700 certissimis

131 3748 231 3813 tux,
262 3730 446 3800 minitatus
468 3731 615 3801 exitium
644 3728 728 3802 huic
749 3732 890 3822 generi,
925 3731 994 3800 iam
1019 3736 1144 3823 perdet
1194 3727 1407 3800 testimoniis
1424 3722 1481 3796 bic
1495 3752 1613 3796 rerum
1629 3728 1810 3815 conditor,
1836 3730 1897 3823 qui
1914 3754 1996 3800 vere
2011 3728 2107 3802 Deus
2122 3748 2186 3814 est,

139 3826 265 3905 Adam
284 3830 485 3924 etHevam,
511 3856 575 3903 nec
591 3832 771 3906 decretum
787 3829 856 3905 boc
869 3833 1033 3908 mutabit.
1073 3832 1144 3905 Hie
1194 3855 1294 3902 suam
1309 3853 1432 3901 vocem
1448 3832 1649 3899 mandatam
1668 3830 1799 3901 literis:
1834 3827 1926 3902 hanc
1946 3835 2186 3906 vultuosau·

134 3932 299 4025 legitate
319 3959 468 4027 quaeso,
502 3951 636 4028 quanto
661 3936 700 4004 in
731 3937 856 4007 dolore
878 3936 1013 4007 fuerint
1036 3937 1141 4028 primi
1193 3934 1292 4018 dire,
1324 3927 1410 4001 baec
1434 3932 1561 4022 scripta
1585 3927 1845 4021 l'ropbetamm
1875 3948 1910 4005 et
1932 3931 2188 4027 Apostolorum

138 4048 332 4131 parentes,
360 4039 435 4108 acie
457 4039 586 4107 mentis
607 4053 693 4109 tunc
715 4038 934 4109 voluntatem
949 4035 1015 4107 Dei
1031 4040 1143 4128 magis
1194 4036 1321 4127 legite,
1353 4040 1392 4103 e'x
1416 4028 1473 4103 his
1493 4033 1622 4103 sumite
1645 4035 1845 4104 doctrinam
1875 4038 1920 4106 de
1942 4039 2123 4110 voluntate
2152 4054 2186 4110 et

137 4152 352 4225 cernentes,
383 4163 490 4232 quam
522 4164 588 4209 nos
616 4134 760 4210 hebetes
785 4154 818 4210 et
843 4139 976 4209 infirmi
997 4165 1142 4210 cernere.
1195 4139 1343 4208 essentia
1358 4135 1442 4207 Dei:
1469 4130 1560 4205 hanc
1576 4150 1651 4206 totu
1668 4151 1807 4225 pectore
1823 4139 2096 4228 amplectimini,
2122 4167 2186 4211 uec

136 4260 346 4337 possumus.
399 4243 467 4312 Sed
482 4242 519 4310 in
537 4237 604 4310 hoc
618 4243 742 4311 dolore
757 4242 840 4312 etin
854 4244 1030 4311 vestilmlo
1045 4268 1142 4311 mor·
1195 4243 1241 4309 ab
1274 4262 1312 4309 ea
1345 4239 1450 4308 avelli
1483 4261 1547 4307 vos
1582 4238 1666 4307 ullis
1692 4239 1772 4306 aliis
1805 4239 2037 4331 opinionibus
2070 4245 2185 4314 sinite.

137 4343 193 4419 tis
212 4364 292 4412 cum
317 4358 449 4427 essent,
474 4367 598 4413 wreus
613 4344 784 4413 immensa
812 4346 968 4413 bonitate
987 4346 1141 4415 ostendit
1194 4342 1437 4433 Quaecunque
1457 4340 1525 4409 alia
1549 4339 1733 4410 doctrinae
1752 4362 1879 4429 genera
1905 4345 1949 4413 de
1973 4341 2048 4414 Deo
2066 4368 2184 4435 sparsa

138 4466 184 4519 ιε
196 4443 312 4515 Deus:
340 4446 535 4539 alloquitur
548 4469 626 4525 eos,
658 4447 774 4537 arguit
789 4461 989 4538 peccatum,
1016 4463 1050 4518 et
1067 4448 1143 4518 edit
1194 4457 1278 4514 sunt
1291 4443 1385 4515 iuter
1403 4437 1585 4525 homines,
1613 4465 1703 4535 quac
1718 4458 1878 4534 pugnant
1897 4469 1978 4514 cum
2002 4442 2185 4537 propheti-

170 4548 420 4617 romissionem
443 4551 488 4617 de
512 4550 693 4616 reddenda
714 4546 813 4617 ¹vita:
846 4548 955 4618 immo
979 4564 1014 4620 et
1038 4551 1142 4622 vestit
1193 4546 1244 4617 cis
1258 4559 1294 4616 et
1316 4544 1519 4637 apostolicis
1534 4543 1695 4633 scriptis,
1718 4546 1801 4617 tetri
1818 4546 2033 4616 etdiabolici
2049 4549 2185 4620 furores

137 4572 242 4725 tanc
266 4651 336 4719 iam
358 4652 587 4720 deformatam
611 4665 794 4733 staturam,
827 4651 926 4743 quasi
952 4651 1025 4743 ipsa
1047 4667 1141 4721 veste
1194 4662 1297 4727 sunt,
1324 4643 1546 4717 horribiliter
1566 4644 1863 4716 aDeodamnati.
1898 4646 1962 4717 .Ut
1980 4650 2086 4736 igitur
2102 4653 2186 4718 uni-

137 4752 349 4843 significans
364 4776 494 4822 novam
511 4767 690 4836 naturam,
714 4775 884 4844 quaenos
899 4766 1139 4842 postmortem
1194 4775 1232 4821 ca
1248 4764 1282 4819 et
1295 4773 1378 4820 vera
1390 4749 1551 4819 doctrina
1567 4744 1697 4816 defleo
1712 4763 1805 4819 extet
1818 4749 1854 4816 io
1872 4774 2000 4836 genere
2017 4744 2184 4836 humano,

123 4854 535 4931 'circundaturusesset
587 4849 634 4924 Et
647 4849 740 4923 hanc
751 4853 1021 4943 promissionem
1034 4856 1142 4925 scribi
1195 4875 1335 4923 necesse
1363 4864 1414 4920 est
1444 4849 1632 4931 custodiri,
1663 4851 1828 4933 retineri,
1860 4851 1946 4937 logi,
1976 4851 2084 4935 disci,
2117 4849 2184 4923 hos

138 4957 283 5037 voluit,
306 4960 350 5026 de
367 4952 433 5027 hac
448 4955 683 5048 promissione
700 4957 814 5045 palam
828 4956 922 5024 filius
935 4957 1040 5025 nobis
1056 4982 1144 5026 con-
1195 4955 1290 5046 ipsos
1303 4955 1415 5024 libros
1428 4948 1655 5044 propheticos
1671 4966 1707 5023 et
1723 4952 1952 5044 apostolicos,
1979 4954 2040 5046 qoi
2062 4977 2107 5023 ne
2121 4960 2183 5024 de-

138 5061 389 5144 cionstusest,
415 5055 888 5149 etperpetuuminEcclesia
904 5058 1141 5130 ministerium
1195 5059 1352 5139 leantur,
1376 5053 1475 5126 Deus
1498 5054 1733 5124 ministerium
1755 5051 2008 5142 Evangelicum
2026 5069 2062 5124 et
2081 5057 2185 5127 insti-

138 5158 259 5237 ltuius
281 5162 378 5231 vocis
400 5159 602 5231 institutum
625 5173 694 5244 est,
726 5161 822 5253 quud
849 5175 951 5230 sonat
971 5186 1046 5230 non
1063 5176 1145 5232 tan·
1195 5159 1265 5231 tuit
1279 5173 1313 5227 et
1329 5170 1463 5241 servat,
1492 5170 1533 5226 ut
1547 5179 1687 5248 semper
1701 5178 1768 5224 vos
1789 5149 1918 5225 horum
1936 5157 2109 5228 librorum
2128 5160 2185 5227 in·

140 5280 226 5341 tum
242 5264 372 5355 legem,
395 5265 457 5333 sed
475 5257 567 5333 hanc
590 5262 862 5353 promissionem
883 5264 1145 5335 reconciliatio·
1197 5277 1250 5331 ter
1284 5253 1448 5330 homines
1480 5271 1593 5330 sonet.
1662 5255 1741 5326 lmo
1771 5269 1811 5327 ut
1843 5257 1914 5328 sint
1946 5259 2085 5352 aliquae
2116 5258 2185 5334 Dei

142 5366 206 5441 nis
229 5378 264 5437 et
287 5366 380 5437 vitae
403 5379 582 5437 aeternae:
610 5388 715 5458 quam
735 5364 836 5434 mula
851 5379 1012 5438 creatura
1027 5367 1143 5437 vidis·-
1197 5357 1454 5444 bibliothecae,
1485 5364 1624 5450 semper
1643 5358 1780 5451 aliquas
1797 5358 1937 5449 politiae
1952 5361 2123 5442 servavit,
2146 5363 2186 5432 iu

143 5484 221 5559 set,
247 5469 317 5538 nisi
331 5464 430 5539 Dens
447 5467 522 5559 ipse
537 5490 615 5536 eam
633 5468 901 5557 promulgasset.
1196 5465 1329 5565 quibus
1345 5460 1404 5536 bic
1429 5458 1616 5537 thesaurus
1631 5459 1828 5532 custoditus
1838 5476 1902 5538 est.
1951 5460 2024 5532 Nec
2046 5487 2187 5535 sverm

200 5576 379 5645 Mesenae.
396 5576 503 5642 Orsa.
518 5571 602 5639 Vos.
617 5569 680 5640 xl.
1703 5557 1753 5634 48
