4664 6022
140 397 144 405 ,
231 321 308 400 sta
621 303 780 420 naen.
818 298 901 401 ⁴aa
935 295 1176 379 sruntts
1208 297 1320 385 arr.
1350 299 1471 381 uon
1502 297 1893 388 nasunannrs.
2214 310 2278 389 tn
2324 292 2328 441 1

336 493 470 566 Veniat
499 483 570 560 hoc
595 505 736 580 quoque
768 478 808 549 3¹¹
833 488 1011 563 mentem,
1044 474 1110 548 elsi
1141 472 1231 546 aliae
1283 501 1369 572 ego,
1395 479 1480 549 nolo
1495 490 1647 549 mortem
1665 477 1876 571 peccatoris,
1901 483 1963 554 sed
1983 495 2025 556 nt
2042 497 2280 570 convertatur,
2326 484 2328 517 ⁵

237 624 363 677 causae
382 608 467 670 sunt
487 591 661 687 potiores,
691 607 801 678 quare
819 576 976 652 Ecclesia
999 592 1071 648 tam
1096 578 1233 649 duriter
1285 597 1319 654 et
1337 583 1451 654 vivat:
1481 583 1611 652 surdae
1636 595 1771 653 mentes
1799 595 1906 676 atque
1930 610 2035 659 aures
2059 600 2170 671 sunt,
2203 614 2281 683 quae

238 716 435 777 exercetur:
460 712 579 768 tamen
598 687 705 760 simul
727 682 784 756 his
799 681 1059 753 calamitatibus
1075 701 1232 752 commo·
1286 709 1352 755 nec
1381 683 1674 778 promissionem,
1705 707 1771 753 nec
1796 684 2048 761 iusiurandum
2075 690 2207 761 audire
2228 717 2281 764 vo-

240 805 364 878 neberi
389 805 502 873 bonas
521 807 676 876 mentes,
706 802 747 860 ut
768 786 878 858 sciant
904 806 1016 877 genus
1038 778 1235 871 humanum
1288 789 1386 872 lunt,
1420 787 1481 857 sed
1508 789 1636 875 docent
1662 781 1885 859 retinendam
1914 814 1988 864 esse
2013 792 2283 879 dubitationem,

142 960 147 968 -
241 935 318 982 non
334 909 378 978 ad
395 899 487 974 hanc
502 912 641 971 tantum
657 910 904 963 aerumnosam
918 887 1029 956 vitam
1052 884 1238 956 conditum
1288 890 1490 984 perisdem
1507 882 1869 976 haeretinfflhnicss,
1895 892 2282 989 ignarfffipvinaepm·
2322 912 2328 951 ,

244 1036 337 1095 esse,
364 1009 423 1077 sed
450 1003 558 1074 alium
583 1009 713 1067 restare
738 1005 901 1084 portum,
925 989 1051 1080 inquo
1073 985 1239 1058 homines
1289 991 1480 1066 missionis.
1531 989 1630 1079 Quid
1654 990 1800 1063 interest
1829 994 1924 1065 inter
1945 992 2150 1069 Ecclesiam
2171 994 2238 1069 Dei
2257 1015 2283 1072 et
2326 1054 2328 1077 .

242 1113 321 1188 Deo
336 1109 407 1181 cari
422 1103 656 1199 acquiescant.
697 1095 928 1188 Nequaquam
941 1091 1037 1159 enim
1053 1101 1240 1161 consenta-
1289 1091 1483 1180 Ethnicos,
1526 1094 1639 1162 deleta
1666 1093 1928 1184 promissione?
1968 1123 2063 1194 quae
2095 1103 2282 1173 comolgfio
2324 1088 2328 1149 l

245 1239 352 1288 neum
367 1224 441 1294 est,
464 1202 558 1276 hanc
572 1216 737 1272 naturam
752 1196 930 1266 conditam
945 1196 989 1263 ad
1005 1190 1073 1263 Dei
1088 1191 1242 1284 agnitio-
1292 1198 1394 1267 firma
1419 1197 1457 1265 in
1480 1219 1618 1266 summo
1641 1196 1766 1266 dolore
1786 1202 1966 1272 mentibus
1990 1203 2155 1295 proponi
2174 1219 2285 1297 potest,

245 1341 328 1388 nem
356 1337 397 1383 ac
422 1306 714 1386 celebrationem,
740 1300 785 1368 ad
806 1310 966 1367 aeternas
981 1308 1118 1365 tantum
1136 1295 1242 1363 mise·
1293 1300 1324 1370 si
1349 1300 1498 1369 tolletur
1523 1321 1564 1367 ex
1592 1313 1781 1390 conspectu
1808 1303 1930 1373 divina
1958 1305 2184 1397 promissio?
2227 1306 2285 1379 Sed

247 1422 317 1492 rias
341 1415 456 1497 nasci,
481 1413 519 1480 in
539 1408 670 1502 quibus
690 1403 867 1471 celebrare
883 1396 998 1467 Deum
1022 1421 1095 1467 non
1119 1396 1242 1490 possit.
1293 1402 1420 1473 omitto
1445 1424 1542 1471 nnnc
1564 1399 1862 1492 disputationem,
1888 1429 1995 1499 quam
2011 1408 2172 1502 quidem
2191 1411 2286 1501 attigi,

248 1520 346 1592 Haec
369 1510 460 1587 mihi
487 1508 654 1600 cogitatio
683 1527 784 1594 saepe
815 1500 918 1570 leniit
943 1499 1121 1581 dolorem,
1153 1520 1244 1590 quae
1294 1518 1336 1574 ut
1356 1503 1572 1573 nuncvalde
1595 1526 1685 1594 opus
1708 1526 1781 1574 esse
1802 1507 1928 1577 studiis
1953 1510 2150 1581 literarum
2171 1511 2286 1583 ingeni.

150 1704 154 1711 ,
250 1625 393 1719 quidem
409 1618 516 1688 etiarn
531 1611 641 1699 magis
657 1619 776 1676 movet
792 1605 951 1686 animos,
976 1625 1059 1671 cum
1078 1626 1120 1670 ex
1143 1596 1244 1670 omni
1295 1606 1404 1697 gatis,
1428 1619 1464 1676 et
1478 1629 1524 1674 ne
1539 1605 1713 1676 obruatur
1727 1608 1889 1681 doctrina
1904 1607 2090 1683 Ecclesiae
2105 1615 2281 1708 propriaet

250 1722 462 1818 antiquitate
484 1712 663 1787 Ecclesiae
683 1708 875 1799 repetimus
895 1704 1056 1795 exempla
1083 1702 1246 1772 miseria·
1294 1708 1509 1792 necessaria,
1534 1718 1571 1776 et
1586 1730 1631 1777 ne
1645 1730 1709 1778 vos
1723 1709 1792 1801 ipsi
1807 1692 2096 1785 consolationem
2110 1717 2283 1790 salomem

249 1853 342 1912 rum,
360 1846 446 1918 quas
457 1820 508 1911 pii
520 1815 692 1888 tulerunt:
710 1833 864 1903 qnorum
877 1806 1113 1877 consideratio
1127 1818 1246 1875 osten·
1296 1810 1480 1882 amittatis.
1528 1807 1619 1879 Nam
1636 1810 1673 1878 in
1692 1805 1759 1881 hoc
1774 1828 1881 1906 portu
1899 1828 2046 1895 ,tantum
2067 1820 2285 1913 acquiescunt
2325 1784 2328 1843 ἰ

131 2022 136 2029 Ι
251 1932 306 2002 dit
328 1941 527 2017 utrunque,
554 1929 587 1987 et
602 1915 670 1985 Dei
694 1911 842 1982 consilio
867 1931 933 1979 nos
947 1909 1119 1992 exerceri,
1144 1921 1179 1977 et
1192 1930 1247 1976 se-
1296 1914 1377 2006 piae
1407 1925 1559 1996 mentes,
1596 1914 1693 2005 quod
1713 1915 1893 1989 intuentes
1919 1920 2202 2011 promissionem
2222 1924 2285 2010 fide,

253 2047 416 2103 cuturam
431 2048 504 2095 esse
525 2016 792 2098 liberationem,
817 2012 847 2083 si
866 2024 984 2082 tamen
1000 2010 1200 2082 doctrinam
1213 2021 1247 2078 et
1297 2028 1459 2089 statuunt
1482 2037 1518 2084 se
1548 2014 1660 2106 recipi
1685 2028 1721 2084 et
1743 2021 1903 2089 exaudiri
1929 2044 1950 2090 a
1970 2018 2074 2109 Deo,
2107 2037 2145 2095 et
2171 2040 2283 2098 eamn

253 2130 517 2204 invocationem
533 2145 609 2192 non
627 2116 871 2191 abiecerimus.
1297 2143 1396 2209 spem
1427 2113 1560 2188 habent
1594 2117 1717 2186 auxilii
1744 2120 1877 2207 divini,
1908 2136 1950 2194 ut
1975 2147 2046 2194 vox
2075 2124 2143 2197 illa
2167 2128 2282 2224 inquit:

1299 2221 1373 2312 Qui
1389 2220 1575 2292 confidunt
1590 2217 1628 2288 in
1642 2242 1742 2307 eum,
1768 2247 1843 2294 non
1857 2225 2145 2305 confundentur.

354 2334 524 2410 Dulciora
540 2329 686 2401 fortasse
699 2325 816 2398 studia
838 2336 922 2395 sunt
940 2323 978 2393 in
999 2322 1105 2393 rebus
1121 2342 1247 2391 secun·

255 2445 329 2527 dis,
355 2441 413 2511 sed
432 2435 536 2506 multi
552 2447 637 2504 tunc
654 2430 888 2501 blandiuntur
902 2426 973 2496 sibi
988 2425 1068 2517 ipsi,
1092 2436 1127 2494 et
1141 2445 1249 2517 quae·
1387 2420 1442 2497 Eo
1457 2443 1572 2500 autem
1588 2430 1691 2500 vobis
1706 2441 1739 2500 et
1757 2427 1968 2500 iucundpom
1983 2444 2020 2503 et
2034 2432 2191 2504 facffim
2202 2428 2280 2504 hm

255 2558 342 2617 runt
357 2538 552 2613 ambitione
565 2546 625 2606 aut
637 2524 862 2630 φιλονεικίᾳ,
889 2528 1078 2621 opiniones
1094 2523 1249 2595 inutiles.
1299 2530 1414 2600 studia
1430 2553 1503 2600 esse
1517 2546 1695 2625 poterunt,
1723 2532 1807 2625 quia
1821 2529 1888 2602 Dei
1905 2533 2106 2622 beneficio,
2128 2551 2216 2609 recte
2227 2563 2279 2607 vo-

256 2649 363 2720 Hane'
391 2639 629 2713 curiositatem
659 2657 848 2703 aerumnae
875 2643 1122 2722 wmpessfflssls
1160 2649 1250 2719 quae
1298 2631 1355 2701 his
1369 2633 1502 2703 semina
1525 2634 1654 2706 artium
1673 2635 1776 2705 initio
1795 2634 1923 2705 tradita
1940 2649 2047 2722 sunt,
2074 2651 2113 2710 ct
2125 2633 2277 2710 Ecclesiae

256 2774 322 2820 uos
345 2748 389 2817 ad
413 2739 607 2814 necessaria
627 2736 767 2808 timoris
788 2747 823 2805 et
843 2733 927 2802 fidei
950 2731 1114 2802 exercitia
1135 2729 1250 2799 dedu-
1299 2735 1499 2805 doctrinam
1513 2731 1680 2807 hausistis
1696 2762 1736 2807 ει
1755 2736 1915 2830 limpidis
1931 2739 2120 2813 fontibus:
2147 2764 2211 2813 nee
2225 2742 2272 2811 ini

169 2937 175 2946 ι
257 2863 362 2934 cunt,
386 2860 425 2917 ut
444 2867 541 2915 nunc
562 2841 651 2911 seria
672 2837 862 2908 certamina
879 2858 998 2904 rerum
1015 2830 1250 2901 maximarum
1299 2837 1350 2908 tio
1367 2835 1557 2908 instillatae
1576 2851 1660 2908 sunt
1681 2839 1784 2909 vobis
1807 2839 1948 2932 ineptae
1968 2839 2190 2933 opiniones,
2208 2866 2267 2939 par

257 2949 526 3045 explicationem
563 2941 765 3035 requirunt.
834 2935 1003 3031 Synodus
1036 2932 1250 3003 'l'ridentina
1299 2951 1420 3031 postea
1437 2939 1630 3011 offundunt
1646 2941 1831 3031 caliginem
1848 2942 2052 3030 mentibus,
2079 2949 2265 3041 qnaoiope

258 3051 474 3144 corruptelas
489 3048 659 3140 quasdam
676 3041 788 3111 edidit
803 3041 847 3109 de
861 3039 936 3128 lege
950 3035 1034 3122 Dei,
1059 3049 1094 3107 et
1108 3037 1153 3106 de
1167 3058 1251 3128 pro-
1300 3041 1356 3111 dit
1378 3054 1474 3112 recta
1499 3041 1641 3116 iudicia.
1693 3041 1895 3114 Plurimum
1919 3045 2015 3115 enim
2039 3050 2176 3132 refert,
2202 3046 2297 3144 qudi

258 3154 508 3234 missionibus,
533 3171 623 3241 quae
640 3146 711 3214 duo
735 3143 849 3234 capita
871 3152 955 3211 sunt
974 3139 1156 3210 doctrinae
1171 3160 1251 3207 ooe-
1300 3142 1464 3214 doctrina
1478 3144 1656 3239 principio
1672 3145 1776 3217 rudia
1790 3158 1932 3240 pectora
1947 3147 2182 3229 imbuantur.

260 3260 356 3331 lestis
379 3252 579 3349 praecipua.
630 3246 760 3335 Legem
786 3245 996 3328 obscurant,
1019 3265 1101 3311 cum
1121 3251 1252 3331 negant

259 3360 511 3438 dubitationes,
525 3375 615 3445 quae
630 3361 712 3419 sunt
728 3348 766 3414 in
781 3342 988 3416 hominibus
1004 3344 1048 3412 de
1061 3339 1151 3428 Deo,
1166 3343 1251 3414 item
1403 3345 1472 3418 Hir
1493 3347 1602 3438 igitur
1622 3349 1840 3440 argumentis
1863 3350 2089 3441 confirmati,
2114 3381 2165 3427 ne
2184 3354 2283 3428 sinatis

258 3465 403 3534 vitiosas
419 3455 653 3547 cupiditatum
672 3451 833 3517 flammas
848 3448 940 3516 mala
958 3469 1031 3516 esse
1057 3444 1251 3535 pugnantia
1302 3449 1405 3520 vobis
1421 3451 1535 3521 excuti
1549 3451 1732 3522 doctrinae
1748 3453 1878 3524 studia.
1912 3451 2284 3544 Cogitatemandstoo

259 3590 339 3636 cnm
356 3564 431 3650 lege
446 3557 525 3628 Dei.
577 3552 703 3624 Postea
719 3548 990 3642 promissionem
1008 3548 1146 3632 delent,
1170 3569 1251 3616 cum
1301 3551 1478 3633 Deiesse,
1499 3554 1747 3626 utdigcamu„
1772 3554 1899 3626 efflet,
1922 3559 2130 3632 ,mesore
2176 3586 2288 3633 mm,

215 3698 219 3703 ·
260 3670 385 3738 iubent
400 3660 564 3730 dubitare
581 3679 628 3725 an
646 3654 685 3722 in
702 3652 849 3742 gratiam
866 3650 1096 3742 recipiamur,
1121 3670 1191 3742 qna
1212 3647 1252 3715 in
1300 3655 1518 3725 strilsbom
1535 3655 1607 3726 sine
1625 3655 1736 3737 irriti,
1761 3616 2164 3757 ,iffltpaulmgnquitz
2189 3663 2289 3737 Im

259 3764 481 3840 dubitatione
506 3759 536 3829 si
557 3756 811 3848 relinquuntur
826 3752 953 3836 animi,
978 3775 1044 3821 nec
1061 3752 1106 3820 dc
1122 3750 1252 3820 timore
1302 3771 1416 3829 voster
1432 3780 1506 3826 non
1520 3758 1587 3829 0112
1602 3757 1721 3826 inani,
1743 3757 1781 3827 in
1795 3757 1964 3835 Domino·
2014 3757 2067 3835 E,
2086 3791 2168 3860 quo
2189 3764 2290 3839 dim

259 3884 353 3941 recte
381 3869 555 3937 docentur
583 3854 766 3935 homines,
799 3878 864 3924 nec
890 3853 1085 3926 consolatio
1115 3850 1253 3945 paridis
1302 3858 1496 3953 tranquilla
1513 3872 1564 3929 est
1579 3860 1663 3941 vita,
1686 3882 1728 3929 eo
1743 3862 1855 3950 magis
1870 3885 1960 3954 opus
1975 3887 2052 3936 esse
2067 3870 2292 3943 meditatione

260 3968 495 4065 pr⁰90ssifflrs
520 3957 986 4035 01⁰¹ssuliunl¹¹fissv⁰fflfi⁰
1005 3969 1039 4026 tl
1055 3976 1147 4049 ⁸90⁸.
1172 3977 1253 4024 tum
1302 3961 1502 4046 doctrinae,
1523 3962 1614 4030 etad
1637 3961 1857 4033 excitandam
1880 3965 2177 4059 invocationem,
2208 3988 2242 4046 et
2258 3972 2294 4043 nd

261 4088 396 4144 mentes
420 4092 495 4138 non
516 4065 648 4137 audent
673 4061 711 4130 in
736 4056 812 4129 Deo
836 4060 1067 4153 acquiescere.
1124 4051 1171 4127 Et
1199 4078 1254 4125 se-
1304 4063 1505 4132 leniendam
1535 4054 1773 4149 moesticiam,
1814 4079 1849 4137 et
1880 4091 1925 4137 ne
1957 4069 2142 4144 obruatur
2171 4076 2296 4149 verim

261 4189 417 4269 quentur
431 4169 499 4240 alia
515 4170 653 4238 decreta
666 4161 887 4233 absurdiora.
937 4159 1042 4231 Nunc
1056 4157 1165 4249 igitur
1178 4181 1252 4226 non
1304 4165 1467 4258 Denique
1487 4160 1573 4235 haee
1594 4165 1668 4256 ipsa
1692 4169 1866 4239 modestia
1887 4192 2013 4261 magna
2029 4173 2153 4248 virtus
2171 4194 2224 4253 est
2265 4178 2295 4247 in

261 4278 441 4367 litigamus
463 4294 543 4341 cum
568 4263 777 4337 adversariis
791 4265 835 4333 de
850 4262 968 4356 parvis
983 4262 1111 4348 rebus,
1131 4260 1195 4330 'sed
1210 4262 1255 4329 de
1304 4262 1360 4337 his
1382 4266 1538 4338 motibus
1560 4269 1714 4340 retinere
1736 4264 1828 4340 hanc
1850 4271 1961 4341 animi
1988 4234 2296 4372 tranquillitat’cm,

261 4375 475 4471 gravissimis
490 4370 669 4454 materiis,
691 4389 781 4462 quae
797 4366 842 4435 ad
860 4363 1078 4456 agnitionem
1099 4374 1134 4433 et
1149 4361 1254 4440 invo·
1304 4392 1349 4438 ne
1364 4369 1622 4459 indignatione,
1647 4382 1708 4439 aut
1723 4371 1967 4463 desperatione
1983 4378 2107 4449 amia
2123 4382 2296 4457 doctrinae

262 4483 437 4553 rationem
450 4475 517 4546 Dei
532 4472 722 4566 pertinent,
748 4470 793 4538 de
809 4466 939 4561 quibus
954 4491 1019 4537 suo
1034 4465 1114 4535 loco
1131 4464 1255 4533 dicen·
1304 4471 1465 4556 obiicias,
1490 4486 1550 4542 aut
1566 4474 1695 4542 [msera
1716 4474 1961 4557 mammetis,
1987 4480 2051 4549 ,gd
2068 4484 2171 4556 νοῶ
2191 4499 2253 4559 tm
2269 4498 2296 4557 a

262 4588 348 4655 dum
368 4581 444 4651 erit.
487 4575 562 4650 lam
577 4598 662 4642 vero
676 4573 756 4640 ideo
771 4582 911 4639 tantum
922 4562 991 4637 boc
1004 4589 1254 4650 commemoro,
1305 4572 1446 4666 publiea
1462 4575 1552 4643 mala
1574 4575 1691 4644 levare
1709 4577 1867 4661 studeas,
1892 4590 1925 4646 et
1950 4577 2099 4652 interim
2122 4587 2296 4661 doctrina

261 4702 301 4756 ut
323 4710 402 4755 curn
425 4677 491 4750 hae
513 4675 675 4745 miseriae
690 4672 880 4763 praebeant
899 4669 1118 4739 occasionem
1137 4668 1181 4737 de
1198 4691 1254 4736 re·
1304 4675 1609 4752 conservationem
1637 4691 1698 4747 tuo
1722 4679 1799 4748 loco
1823 4679 1981 4752 modeste
2002 4652 2171 4764 adiures.
2228 4689 2294 4763 flat

261 4789 330 4856 bus
351 4780 553 4854 necessariis
577 4774 789 4858 disserendi,
815 4771 933 4842 sciatis
950 4771 1110 4841 discendi
1133 4793 1253 4839 curam
1304 4777 1420 4869 ipsum
1445 4790 1496 4846 est
1520 4779 1635 4848 levare
1657 4779 1775 4872 aliqua
1797 4805 1838 4850 ex
1860 4795 1957 4874 pm,
1970 4808 2189 4864 commune,
2203 4795 2294 4865 min·

263 4912 337 4957 non
360 4883 606 4956 remittendam
637 4901 725 4947 esse.
783 4872 860 4945 lmo
884 4897 990 4967 quarn
1019 4886 1181 4944 tenerent
1202 4871 1254 4962 pii
1305 4880 1394 4958 rios,
1421 4902 1507 4971 quas
1532 4893 1572 4950 ut
1592 4878 1689 4950 Deus
1708 4895 1871 4953 aeternus
1894 4899 1996 4976 pater
2016 4882 2177 4965 Domini
2196 4896 2291 4971 nostri

263 4987 541 5062 consolationem
566 4983 604 5049 in
630 4975 686 5049 his
708 4977 794 5069 ipsis
816 4975 1093 5058 calamitatibus,
1118 4973 1149 5042 si
1168 4968 1254 5042 haec
1304 4980 1381 5053 lesu
1393 4976 1548 5066 Christi,
1573 4982 1738 5053 conditor
1751 4985 1887 5074 generis
1905 4981 2056 5059 humani
2073 5006 2112 5065 et
2129 4993 2291 5073 Ecclesiae

262 5090 437 5164 dubitatio
458 5084 701 5155 confirmanda
723 5079 835 5149 esset?
887 5076 927 5148 si
942 5077 1081 5147 dubitet
1094 5073 1254 5144 Lauren·
1305 5107 1387 5154 suae
1402 5082 1556 5174 mitiget,
1582 5098 1656 5155 toto
1672 5109 1752 5156 eum
1772 5103 1913 5178 pectore
1928 5114 2003 5161 oro.
2055 5090 2150 5171 Dixi

262 5200 350 5276 tius,
376 5214 421 5259 art
436 5181 512 5257 De'o
527 5187 660 5277 placeat
676 5181 868 5260 confessio,
895 5203 967 5273 quo
982 5178 1100 5247 animo
1117 5177 1254 5268 suppli.
2135 5154 2164 5205 -'

261 5300 356 5369 cium
373 5287 509 5362 adibit?
534 5288 628 5382 qttod
646 5285 714 5357 erit
728 5286 840 5355 robur
855 5283 892 5350 in
908 5280 1020 5369 rogo?
1051 5275 1143 5350 Cum
1158 5276 1253 5349 Deus

262 5417 296 5468 et
319 5392 568 5488 promissiones
595 5387 798 5470 tradiderit,
829 5398 863 5453 et
887 5382 1117 5452 iureiurando
1149 5378 1253 5448 nobis

259 5498 519 5579 dubitationem
542 5490 693 5560 eximere
710 5488 810 5571 velit,
834 5498 874 5556 ut
894 5508 974 5556 curn
998 5481 1132 5575 inquit:
1160 5478 1252 5551 Vivo
