4664 6022
164 330 236 405 sn
855 307 1019 396 unco
1055 309 1134 390 ns
1168 309 1493 391 ausnosto
1868 398 1873 407 .
2128 317 2208 394 ere

165 524 245 572 cum
263 508 380 589 postea
396 485 563 581 Episcopi
580 482 714 555 functio
728 483 762 553 ei
778 487 944 556 mandata
961 499 1059 573 esset,
1085 485 1159 558 Va·
1313 482 1375 557 Est
1391 500 1427 556 et
1441 481 1508 556 hoc
1525 486 1762 558 admiratione
1777 489 1938 579 dignum,
1962 493 2072 564 talem
2088 494 2206 563 virum

164 598 382 672 lentinianus
403 591 540 682 reipub.
559 586 755 676 gratulatus
772 602 823 658 est
838 613 914 659 earn
938 591 1158 674 electionem,
1208 588 1271 683 qui
1291 613 1385 659 unus
1410 589 1460 659 ibi
1485 590 1692 659 turbulento
1718 605 1876 684 tempore
1898 594 2052 666 idonens
2075 597 2207 686 guber·

165 720 198 773 et
220 701 359 792 gavisus
372 706 505 768 tantam
521 713 593 760 esse
614 688 779 780 pietatem
798 692 836 760 in
858 695 1074 783 praesideat
1096 717 1158 763 cu-
1207 706 1313 763 nator
1333 693 1476 762 futurus
1500 705 1593 776 erat,
1627 716 1700 760 non
1728 718 1768 762 ex
1794 695 1943 786 collegio
1961 697 2207 784 Sacerdotem,

78 860 83 869 .
165 808 264 877 stode
279 819 486 891 corporum,
512 805 552 863 ut
565 789 662 863 Deus
676 793 851 865 censuerit
865 795 1001 864 animas
1016 796 1048 865 ei
1060 819 1158 865 corn·
1208 797 1267 864 scd
1288 817 1329 863 ex
1347 795 1478 863 sorensi
1498 796 1664 864 tnrbaad
1687 808 1825 865 tantum
1843 822 1977 870 munus
1997 801 2207 874 accersitum

165 904 479 978 mendandasesse.
523 893 622 965 Idem
638 907 783 966 testatus
798 912 849 969 est
865 898 1062 967 libertatem
1082 898 1158 968 eius
1208 919 1292 969 esse.
1345 894 1471 966 Sedut
1490 896 1666 967 incastris
1681 911 1715 967 et
1736 899 1774 967 in
1791 900 1865 969 acie
1889 902 1988 973 locus
2004 915 2057 973 est
2073 903 2208 995 pietati,

164 1009 205 1078 in
218 1003 367 1081 decretis
380 999 503 1073 aulicis
516 995 831 1088 etMagistratuum
847 999 1056 1070 inferiorum
1073 1001 1159 1070 actis
1208 998 1302 1068 acin
1320 997 1381 1068 illa
1398 1022 1518 1067 rerum
1532 999 1777 1088 magnitudine
1791 1006 1981 1095 praecipue
1998 1005 2093 1077 lucet
2110 1004 2205 1093 fides,

166 1103 466 1202 reprehendendis
486 1125 522 1171 se
539 1100 748 1190 comperisse
766 1105 985 1193 et'probare.
1038 1100 1159 1192 Popu·
1208 1115 1249 1170 nt
1271 1100 1310 1169 in
1324 1098 1462 1170 Daride
1489 1115 1524 1172 et
1545 1101 1737 1171 similibus:
1764 1103 1812 1173 ita
1834 1106 1873 1173 in
1889 1120 2009 1202 togata
2026 1109 2205 1197 guberna-

166 1215 223 1283 lus
239 1234 322 1280 vcro
344 1208 393 1277 sic
412 1230 493 1276 eum
510 1203 650 1287 dilexit,
677 1215 717 1273 ut
732 1229 811 1273 cum
832 1205 981 1275 fuissent
998 1219 1097 1274 antea
1115 1206 1159 1274 de
1208 1203 1307 1273 tione
1332 1203 1430 1271 acin
1455 1204 1533 1273 foro
1557 1205 1687 1274 multos
1711 1228 1785 1273 esse
1806 1207 1904 1297 pios,
1934 1233 2010 1280 non
2035 1210 2202 1281 dubitan-

166 1314 336 1385 electione
371 1331 498 1399 magna
526 1306 716 1376 certamina
743 1300 839 1375 hunc
866 1308 1045 1379 communi
1073 1330 1160 1377 con·
1209 1308 1296 1374 dum
1313 1320 1382 1386 est,
1410 1329 1450 1374 ac
1464 1305 1653 1397 praecipue
1669 1320 1754 1376 tunc
1777 1324 1894 1393 erant,
1917 1337 1998 1399 cum
2015 1313 2200 1404 disciplina

167 1440 270 1487 sensu
286 1416 329 1485 ad
344 1409 511 1504 Episcopi
529 1431 659 1478 munus
674 1411 818 1478 vocarit.
1208 1403 1494 1478 Christianorum
1516 1410 1673 1479 severior
1691 1423 1791 1483 esset.
1845 1409 2006 1483 Fratrem
2022 1412 2198 1510 Satynrm,

253 1517 483 1588 Pervaserant
499 1511 538 1578 in
553 1507 690 1580 ltaliam
709 1511 867 1599 contagia
885 1511 976 1581 labis
994 1507 1159 1602 Arianae,
1209 1510 1266 1579 cui
1283 1522 1354 1580 tota
1371 1510 1442 1580 vita
1460 1510 1497 1578 in
1514 1511 1592 1580 soro
1605 1525 1680 1581 acta
1696 1525 1761 1596 est,
1787 1513 1835 1583 ita
1852 1516 2033 1605 praedicat
2049 1516 2196 1589 Ambro-

166 1635 200 1691 et
222 1616 420 1689 Auxentius
446 1612 645 1682 Mediolani
668 1608 887 1704 Episcopus,
921 1639 1001 1683 cum
1026 1614 1160 1685 faveret
1209 1614 1302 1698 sius,
1333 1627 1374 1683 ut
1388 1612 1458 1683 sibi
1475 1612 1579 1682 etiam
1594 1614 1778 1685 anteferat.

166 1720 311 1793 Arianis
343 1729 512 1809 sparserat
550 1738 673 1784 eorum
707 1738 883 1784 venenum
908 1715 945 1784 in
973 1716 1158 1807 populum.
1311 1711 1464 1786 Etcum
1487 1715 1605 1784 omnis
1625 1716 1834 1804 gubernatio
1856 1717 2056 1809 plurimum
2079 1712 2193 1792 habeat

165 1823 260 1895 Hinc
277 1837 353 1892 orta
371 1817 546 1889 discordia
562 1816 703 1887 duravit
720 1831 798 1908 post
812 1831 961 1887 mortem
976 1814 1158 1888 Auxentii.
1209 1816 1466 1908 periculorum,
1501 1819 1631 1887 multae
1657 1841 1692 1886 se
1715 1819 1754 1886 in
1778 1819 1874 1888 curia
1905 1820 1974 1911 piis
2003 1824 2192 1894 occasiones

166 1925 390 2015 Flagitabant
403 1920 512 2010 igitur
529 1919 578 2009 pii
596 1915 809 2010 Episcopum
830 1933 921 1989 recte
937 1921 1159 2007 sentientem,
1209 1920 1421 1989 exercendae
1437 1919 1516 1988 fidei
1532 1919 1697 1989 offerunt.
1741 1918 1880 1990 Deinde
1902 1923 2058 1993 lorensis
2083 1926 2191 2020 dispu-

166 2027 293 2098 caeteri
308 2048 391 2094 vero
415 2021 535 2091 inlecti
550 2020 630 2091 Arii
648 2045 784 2089 veneno
798 2023 1014 2114 quaerebant
1030 2024 1084 2091 sui
1102 2047 1158 2092 er·
1207 2022 1294 2091 tatio
1319 2022 1395 2089 viro
1418 2023 1514 2090 bono
1543 2022 1668 2090 eximia
1694 2026 1865 2115 quaedam
1884 2018 2120 2118 Philosophia
2141 2042 2190 2103 est.

165 2131 257 2207 roris
273 2137 583 2221 propugnatorem.
633 2119 788 2192 Duravit
810 2137 987 2194 certamen
1010 2125 1157 2216 perali·
1208 2120 1276 2192 Hic
1311 2124 1415 2193 discit
1448 2124 1562 2214 legum
1591 2148 1730 2209 causas,
1772 2126 1902 2219 quibus
1935 2127 2189 2215 animadversis,

141 2222 254 2326 'quot
275 2229 366 2301 dies:
395 2250 476 2296 narn
500 2246 638 2317 praeses
662 2220 874 2294 Ambrosius
897 2225 1001 2295 initio
1024 2251 1060 2296 se
1082 2251 1159 2297 non
1208 2226 1318 2316 leges,
1352 2225 1518 2316 imperia,
1548 2225 1737 2312 iustitiam,
1762 2229 1859 2297 videt
1883 2253 1938 2298 res
1961 2230 2108 2302 divinas
2128 2256 2187 2303 esse

165 2331 371 2415 admiscuit,
402 2352 448 2397 ne
471 2325 760 2417 suffragationem
783 2327 905 2420 populi
923 2343 1064 2420 praeter
1081 2355 1158 2400 mo·
1207 2342 1241 2397 et
1257 2327 1364 2418 magis
1379 2340 1578 2398 veneratur.
1621 2323 1729 2398 Acnit
1744 2329 1848 2399 etiam
1867 2328 2009 2421 ingenia
2027 2336 2187 2407 subtilitas

164 2461 239 2508 rem
266 2431 656 2526 impedireviderecur.
707 2426 869 2498 Tandem
900 2454 979 2499 cum
1004 2431 1158 2501 incensis
1208 2429 1507 2520 disputationum,
1553 2443 1587 2499 et
1621 2432 1769 2500 varietas
1810 2434 2042 2523 prudentiam
2083 2438 2182 2511 adfert

165 2539 313 2618 animis,
349 2532 539 2604 seditiones
566 2543 600 2600 et
621 2530 743 2601 caedes
756 2531 1029 2624 impenderent,
1060 2533 1157 2604 venit
1189 2592 1190 2596 ,
1208 2529 1304 2622 Quid
1324 2534 1418 2624 quod
1442 2532 1493 2600 ibi
1515 2533 1812 2622 introspiciuntur
1830 2528 2021 2606 hominum
2040 2554 2187 2611 moreset

164 2643 202 2710 in
220 2638 401 2732 templum,
424 2649 458 2706 et
474 2629 639 2703 hortatur
654 2648 829 2726 utranque
844 2649 977 2727 partem
994 2638 1037 2705 ad
1057 2650 1156 2707 tran·
1207 2648 1372 2717 naturae,
1399 2658 1550 2726 quarum
1568 2635 1723 2722 cognitio
1741 2638 1990 2724 gubernatori,
2018 2641 2067 2711 ad
2080 2666 2187 2712 caven-

164 2743 397 2839 quillitatem,
418 2747 670 2805 commemorat
684 2734 858 2806 divinitus
872 2737 948 2804 dari
966 2734 1080 2806 bonos
1095 2763 1158 2829 pa·
1207 2742 1270 2805 das
1292 2736 1466 2804 malornm
1492 2737 1637 2805 insidias
1665 2749 1698 2805 et
1722 2741 1764 2806 ad
1792 2738 1985 2809 flectendos
2002 2746 2187 2816 moderatos

164 2862 290 2928 stores,
313 2856 354 2912 ut
369 2838 503 2909 Paulus
518 2836 651 2921 scribit,
678 2850 711 2905 et
725 2834 841 2906 Deum
858 2839 1055 2927 rogandum
1073 2863 1157 2920 esse,
1207 2860 1420 2928 magnopere
1445 2838 1624 2908 conducit.
1685 2837 1766 2907 Non
1792 2853 1907 2931 potest
1937 2843 2054 2933 igitur
2085 2845 2187 2938 negari

163 2961 204 3018 ut
231 2940 518 3032 suffragationem
543 2950 656 3028 regat,
688 2953 722 3008 et
736 2952 870 3010 mentes
887 2939 1005 3012 flectat
1026 2942 1069 3010 ad
1092 2941 1157 3009 eli·
1205 2941 1326 3010 futuro
1342 2940 1585 3029 gubernatori,
1607 2941 1736 3026 forum,
1760 2943 1945 3032 palestram
1963 2969 2042 3017 esse
2059 2948 2187 3021 utilissi-

164 3050 317 3139 gendum
341 3044 511 3113 idoneum
538 3037 773 3131 Episcopum,
807 3064 847 3110 ac
878 3040 1006 3111 omissa
1040 3043 1156 3113 ambi·
1206 3065 1320 3122 mam,
1360 3044 1564 3132 praesertim
1591 3043 1619 3110 si
1654 3047 1793 3113 accedat
1818 3040 2008 3135 Evangelii
2039 3050 2178 3142 cognitio

164 3151 271 3235 tione,
297 3161 329 3216 et
344 3143 513 3237 depositis
526 3141 666 3212 iniustis
682 3141 949 3233 cupiditatibus,
976 3169 1157 3238 quaeren-
1205 3142 1277 3213 Nec
1297 3145 1405 3213 luerit
1426 3144 1554 3214 inutile
1570 3145 1656 3215 tales
1674 3146 1788 3229 viros,
1814 3147 1876 3239 qui
1893 3138 2182 3224 coniunctamln-

163 3256 248 3323 dum
276 3273 349 3320 esse
374 3246 493 3315 virum
520 3244 678 3328 bonum,
710 3244 767 3312 cui
794 3260 886 3316 recte
913 3247 1155 3318 commendari
1205 3247 1290 3314 bent
1319 3248 1481 3335 pietatem
1513 3261 1545 3316 et
1581 3248 1817 3316 eruditionem
1844 3246 2093 3325 Christianam
2123 3260 2186 3327 cun

161 3353 298 3428 functio
316 3348 437 3444 possit.
775 3417 787 3426 ,,
1205 3348 1301 3418 civili
1319 3349 1543 3437 prudentiam
1559 3351 1601 3418 ad
1618 3351 1787 3438 regendas
1803 3345 1979 3424 Ecclesias
1995 3353 2188 3448 provehere

263 3453 381 3526 Tanta
399 3462 475 3521 erat
489 3448 527 3517 in
543 3448 704 3519 oratione
717 3444 895 3518 Praesidis
914 3448 1046 3540 pietas,
1073 3476 1155 3520 mox
1303 3447 1411 3520 Extat
1426 3464 1541 3520 autem
1559 3447 1719 3541 Epistola
1735 3450 1878 3544 Basilii,
1899 3457 2034 3547 scripta
2052 3462 2097 3530 ad
2117 3456 2189 3532 Am·

160 3575 202 3632 ut
218 3553 447 3629 conclamarit
462 3565 613 3644 utraque
629 3573 724 3641 pars,
749 3545 857 3620 huius
874 3551 942 3620 viri
957 3551 1154 3622 orationem
1204 3550 1364 3621 brosium
1386 3576 1507 3622 recens
1531 3569 1693 3623 vocatum
1718 3556 1762 3622 ad
1780 3551 1947 3648 Episcopi
1967 3561 2188 3647 functionem,

162 3674 196 3731 et
217 3659 382 3751 pietatem
406 3654 596 3725 convenire
616 3648 807 3742 Episcopo.
859 3650 913 3722 lta
933 3649 1155 3735 Ambrosius,
1204 3676 1330 3745 exque
1350 3653 1503 3745 intelligi
1528 3667 1661 3747 potest,
1686 3670 1770 3725 tunc
1793 3682 1935 3751 quoque
1956 3659 2189 3738 inAsiaArn·

162 3761 224 3857 qui
260 3783 338 3830 cum
371 3757 524 3847 fascibus
551 3767 625 3822 erat
652 3751 690 3819 in
716 3753 917 3842 provincia,
955 3767 990 3822 et
1019 3771 1155 3845 praeter
1204 3754 1315 3823 brosii
1345 3779 1475 3826 nomen
1506 3771 1651 3848 propter
1679 3759 1842 3827 eximiam
1866 3761 2038 3834 virtutem
2071 3768 2189 3839 clamo

160 3887 261 3935 suam
283 3860 490 3952 opinionem
519 3867 553 3924 et
583 3868 721 3944 praeter
743 3878 878 3924 morem
900 3857 1155 3928 consentienti·
1203 3856 1319 3925 fnisse.
1372 3857 1430 3928 Sic
1451 3859 1546 3928 enim
1570 3861 1619 3929 ait
1640 3858 1810 3930 Basilius:
1838 3859 2016 3952 Magnum
2034 3866 2104 3940 Dei
2125 3892 2189 3940 mu-

159 3969 227 4037 bus
243 3961 403 4034 omnium
413 3955 596 4046 ,suffragiis
611 3955 753 4047 eligitur
766 3954 975 4049 Episcopus.
1025 3956 1154 4030 Recla-
1205 3983 1271 4027 nus
1292 3982 1383 4042 esse,
1411 3965 1504 4054 quod
1524 3962 1639 4031 virum
1664 3979 1785 4032 natum
1810 3964 1846 4031 in
1862 3967 1951 4035 urbe
1968 3970 2121 4043 domina
2135 3972 2189 4041 im·

161 4080 234 4137 mat
250 4065 341 4156 ipse,
367 4084 473 4155 seque
495 4071 652 4143 excusat,
677 4061 771 4152 quod
792 4063 953 4130 nondum
978 4062 1153 4154 baptismo
1203 4060 1312 4151 perii,
1339 4062 1400 4155 qui
1417 4064 1657 4151 magistratum
1683 4066 1806 4154 gessit,
1834 4069 2069 4141 excellentem
2086 4071 2189 4145 consi

159 4170 321 4239 initiatus
353 4165 418 4249 sit,
459 4163 554 4256 quod
589 4175 683 4249 gerat
718 4160 968 4252 Magistratnm
1002 4164 1153 4248 civilem,
1202 4163 1272 4247 lio,
1298 4167 1435 4252 generis
1459 4178 1493 4234 et
1510 4167 1602 4235 vitae
1623 4167 1830 4257 splendore,
1856 4170 2065 4263 eloquentia
2083 4176 2189 4247 etels-

159 4274 257 4366 quod
279 4270 317 4337 in
341 4290 381 4336 ea
403 4263 563 4336 doctrina
588 4263 731 4354 quaein
750 4260 928 4356 Episcopo
947 4267 1152 4360 requiritur,
1201 4289 1280 4333 rum
1312 4269 1418 4351 rebus
1449 4268 1554 4357 gestis
1580 4269 1725 4338 traxerit
1752 4273 1794 4337 ad
1820 4273 2038 4361 pascendum
2063 4300 2189 4370 gregem

157 4399 232 4444 non
266 4370 350 4440 satis
371 4379 527 4437 versatus
555 4363 615 4433 sit:
647 4367 706 4433 sed
732 4365 889 4437 vincitur
915 4370 1039 4461 populi
1066 4394 1152 4437 con·
1201 4360 1346 4439 Christi.
1400 4366 1495 4438 Haec
1518 4385 1601 4440 sunt
1624 4373 1727 4439 verba
1749 4369 1873 4441 Basilii
1905 4399 1945 4444 ex
1976 4398 2107 4467 graeco
2128 4404 2189 4452 ser·

158 4499 263 4548 sensu
280 4486 314 4541 et
332 4467 559 4561 Imperatoris
577 4468 843 4557 adprobatione.
1202 4493 1308 4538 mone
1324 4495 1494 4562 expressa.

259 4572 376 4647 Multa
402 4570 578 4641 studiosos
603 4564 689 4638 haec
711 4570 835 4640 electio
858 4595 1004 4642 monere
1024 4585 1150 4663 potest.
1188 4645 1194 4651 ,
1301 4570 1391 4642 Cum
1409 4587 1526 4643 antem
1547 4569 1761 4665 Episcopum
1780 4576 1928 4645 nomino
1946 4577 1988 4647 in'
2003 4574 2075 4653 hac
2090 4579 2190 4657 histo-

157 4678 317 4750 Primum
355 4675 515 4742 videmus
550 4671 664 4738 bonos
691 4685 847 4761 pastores
882 4698 955 4740 non
985 4670 1151 4742 humanis
1200 4673 1272 4756 ria,
1296 4689 1412 4742 vetera
1429 4672 1605 4745 Ecclesiae
1626 4691 1785 4766 tempora
1801 4679 1908 4746 velim
1924 4703 1990 4750 vos
2008 4685 2190 4759 animuin-

156 4779 314 4853 consiliis
340 4773 516 4854 inveniri,
541 4774 602 4841 sed
619 4771 790 4862 singulari
813 4770 880 4843 Dei
903 4799 968 4865 ope
984 4771 1151 4844 Ecclesiis
1182 4776 1293 4843 'tueri
1358 4774 1438 4844 Non
1456 4792 1528 4845 erat
1546 4778 1674 4860 ocium,
1703 4794 1740 4849 nt
1757 4804 1852 4848 nunc
1868 4776 2042 4876 Episcopi
2060 4812 2189 4871 munna

156 4880 316 4975 praefici,
342 4892 383 4947 ut
398 4878 442 4946 ad
459 4867 633 4966 Ephesios
653 4874 821 4962 scriptum
846 4889 912 4945 estc
942 4874 1150 4946 Ascendisse
1200 4891 1259 4946 aut
1277 4880 1448 4969 quaedam
1468 4892 1604 4947 tantum
1622 4883 1900 4950 ceremoniarum
1918 4890 2115 4977 tractatio,
2132 4894 2190 4963 mi·

156 4978 338 5054 Christum
354 4979 393 5046 in
408 4978 544 5060 coelos,
571 4991 610 5046 ut
625 4978 684 5046 det
700 4977 794 5045 dona
815 4973 1033 5064 hominibus,
1059 4978 1150 5048 Pro·
1200 4978 1274 5047 litia
1293 4994 1367 5049 erat
1392 4981 1552 5051 omnium
1569 4983 1795 5051 difficillima:
1827 5008 1892 5053 nec
1909 5000 2053 5059 tanturn
2069 4994 2190 5066 acerri-

155 5080 296 5178 phetas,
325 5079 536 5173 Apostolos,
560 5075 740 5164 Pastores,
765 5091 805 5148 ut
834 5081 985 5150 subinde
1007 5097 1151 5173 propter
1200 5104 1254 5148 me
1271 5081 1515 5153 dimicationes
1530 5108 1610 5153 cum
1627 5085 1854 5170 adversariis,
1880 5090 2076 5164 sedetiam
2098 5118 2190 5190 saepe

154 5211 248 5259 nova
266 5182 458 5254 certamina
473 5181 571 5251 Deus
588 5180 794 5251 excellentes
817 5183 999 5253 ministros
1019 5184 1147 5254 excita·
1198 5195 1381 5272 potentum
1413 5186 1496 5254 odia
1523 5199 1557 5255 et
1588 5186 1705 5257 omnis
1730 5188 1868 5278 generis
1896 5193 2059 5283 pericula
2089 5198 2189 5272 susci·

154 5292 224 5373 vit,
253 5284 418 5356 videlicet
437 5280 573 5367 Eliam,
603 5277 780 5368 Eliseum,
805 5281 967 5371 Esaiam,
981 5328 984 5333 >
997 5300 1031 5356 et
1051 5285 1148 5355 alios.
1199 5284 1327 5375 pienda
1343 5298 1454 5359 erant.

153 5390 279 5463 Postea
306 5385 517 5476 Apostolos,
551 5383 682 5453 deinde
703 5380 958 5474 Athanasium,
992 5386 1149 5458 Ambro-
1300 5384 1351 5456 Ac
1368 5383 1550 5457 Ambrosii
1574 5390 1834 5461 administratio
1858 5396 2052 5490 praecipue
2074 5403 2189 5473 incidit

154 5495 266 5576 sium,
293 5488 552 5579 Augustinum‚
578 5501 613 5559 et
627 5486 761 5558 similes
777 5492 960 5584 quosdam.
1150 5552 1154 5557 .
1198 5488 1236 5557 in
1253 5489 1462 5560 difficillima
1478 5505 1647 5582 tempora,
1672 5493 1764 5564 vidit
1780 5495 1948 5570 florentes
1966 5499 2188 5602 imperatores
