4664 6022
124 310 172 387 et
628 304 788 388 DECL.
823 305 899 383 DE
933 300 1241 388 GRADIBUS
1272 302 1661 380 DISCllNTlUM.
1698 296 1702 321 '
2110 320 2160 393 98

123 480 224 555 conio
243 506 380 553 ornans
392 478 520 554 Deum.
573 478 716 554 Etenim
733 507 812 552 cum
830 481 975 575 quidam
993 482 1119 552 admo·
1168 479 1295 549 saetam
1318 477 1525 569 deploretis:
1560 476 1694 549 Verum
1723 481 1853 554 interea
1878 492 2016 574 postulo
2039 508 2156 567 tamen

123 599 220 657 umet
236 586 358 657 favere
371 582 487 655 Deum
503 585 663 671 afflictis,
690 586 764 675 ipse
779 584 927 654 subiecit
943 585 1037 653 clara
1054 610 1117 652 vo·
1167 581 1206 650 in
1223 574 1279 648 lris
1294 581 1463 671 querelis,
1486 595 1524 649 ut
1542 582 1648 650 officii
1665 583 1769 653 ctiam
1785 589 1891 656 vestri
1912 600 2157 687 recordemini,

123 710 156 759 cc
176 700 291 779 atque
312 688 437 757 alacri:
470 685 509 756 ld
527 713 610 758 vero
631 682 720 756 mihi
737 701 939 756 constanter
959 689 1003 755 de
1023 686 1116 776 opti·
1166 706 1205 752 ac
1220 682 1349 770 gratias
1372 683 1531 751 referatis
1546 680 1622 752 Deo
1640 710 1702 773 pro
1720 686 1783 755 illo
1808 693 1950 761 cumulo
1968 697 2156 772 beneficio-

123 787 273 861 nobee
297 813 376 859 meo
399 790 582 882 promittot
633 786 749 859 Multa
775 789 920 878 insuper
943 802 1116 881 precatus,
1165 808 1263 864 rum,
1290 785 1354 875 qui
1381 786 1442 854 tali
1466 783 1631 876 Principe
1656 788 1757 856 vobis
1775 792 1939 880 contigit,
1970 814 2156 872 ermemo.

123 890 318 963 condonari
337 892 405 960 sibi
423 891 453 961 si
471 915 576 985 quem
593 891 766 961 laesisset:
792 892 926 960 mentio
944 890 1046 960 etiarn
1062 890 1114 958 fa-
1164 887 1254 956 riam
1280 887 1452 958 virtutum
1482 885 1657 979 Principis
1685 891 1814 961 animis
1842 898 1966 967 vestris
1995 901 2157 993 inligatis,

123 1006 166 1065 cta
186 1016 339 1074 eornm,
366 993 496 1086 quibus
519 993 707 1063 videbatur
728 993 923 1079 subiratus,
946 1006 987 1062 ut
1003 993 1113 1061 senti·
1165 988 1394 1082 cogitetisque
1410 988 1494 1081 quid
1514 989 1609 1058 illius
1627 991 1732 1060 etiam
1757 996 1919 1066 manibus
1938 1025 2001 1090 pro
2016 1027 2155 1075 summo

123 1109 192 1166 rent
228 1095 434 1185 depositum
462 1096 585 1164 odium
612 1088 730 1168 luisse.
790 1093 908 1164 Multa
932 1094 1114 1164 constituit
1164 1091 1285 1159 labore
1302 1107 1334 1161 et
1355 1090 1493 1180 magnis
1506 1093 1704 1177 aerumnis,
1730 1111 1843 1165 restra
1860 1123 1961 1171 causa
1976 1108 2156 1199 susceptis,
2214 1106 2233 1131 ''

123 1194 329 1287 deRepub.
363 1199 477 1289 dequ'e
505 1197 654 1288 privatis
679 1196 803 1280 rebus,
846 1198 969 1287 eodem
993 1197 1113 1284 vigore
1164 1192 1331 1262 debeatis.
1909 1190 1912 1197 '

123 1297 246 1378 mimi,
284 1322 356 1391 quo
388 1298 428 1394 in
452 1301 584 1388 optima
608 1298 812 1368 valetudine
835 1299 970 1378 luerat,
1004 1322 1113 1390 quae·
1265 1291 1410 1362 Debetis
1434 1306 1550 1361 autem
1567 1288 1635 1363 boc
1654 1295 1827 1385 primum,
1853 1313 1891 1369 ut
1909 1303 2056 1374 salutem
2077 1310 2156 1378 ani-

123 1402 197 1471 dem
222 1400 302 1491 ipse
326 1398 431 1489 legit,
456 1400 568 1471 multa
588 1400 752 1491 dictavit,
776 1400 895 1469 verbis
919 1413 953 1468 ct
968 1415 1111 1468 senten·
1163 1420 1241 1465 mae
1257 1395 1354 1465 illius
1368 1396 1437 1486 piis
1453 1395 1616 1485 precibus
1632 1399 1711 1466 Deo
1729 1406 2000 1486 commendetis,
2026 1410 2155 1480 deinde

123 1502 174 1575 tiis
187 1502 240 1571 ita
257 1500 457 1582 collocatis,
483 1515 524 1572 ut
538 1502 722 1594 pristinam
740 1503 869 1572 mentis
884 1501 1113 1571 acrimoniam
1163 1512 1202 1568 ut
1210 1497 1373 1587 religiose
1389 1497 1540 1587 pareatis
1555 1499 1697 1586 optimis
1711 1497 1956 1592 Principibus,
1978 1509 2040 1600 qui
2050 1504 2157 1583 liuius

123 1625 336 1699 ignosceres,
359 1617 537 1696 postremo
550 1629 592 1674 ex
601 1603 772 1674 sententia
784 1604 986 1673 constitutis
996 1604 1113 1672 omni·
1163 1600 1275 1668 vicem
1290 1600 1464 1681 subeunt,
1490 1612 1525 1667 et
1546 1600 1708 1688 publicae
1731 1604 1853 1673 salutis
1871 1611 2156 1700 tranquillitatis-

123 1707 198 1791 ω,
224 1702 411 1774 lenissimo
430 1727 558 1793 genere
575 1706 698 1776 mortis
715 1706 888 1775 extinctus
906 1718 976 1789 cst,
1000 1719 1040 1775 ut
1056 1729 1114 1773 sa·
1163 1725 1231 1795 que
1246 1702 1417 1781 tuendae,
1440 1701 1748 1771 turbulentissimo
1762 1719 1856 1776 statu
1872 1709 1979 1779 totius
1992 1708 2156 1806 Europae

123 1806 160 1881 Γπ
191 1808 403 1898 adpareret,
436 1820 472 1877 et
497 1807 631 1876 morbis
654 1809 814 1897 corporis
837 1806 932 1876 vires
956 1807 1020 1875 diu
1043 1807 1111 1875 iarn
1162 1803 1381 1894 provinciam
1412 1803 1619 1891 suscipiunt.
1684 1802 1786 1874 Hanc
1816 1832 1881 1898 pro
1905 1807 2157 1902 pulcherrimis

123 1908 246 1979 buttes
270 1907 397 1993 luisse,
423 1921 459 1980 ct
479 1909 640 1977 animum
664 1909 746 1979 satis
764 1909 1036 2001 obsequentem,
1061 1908 1113 1978 fa·
1163 1904 1299 1974 meritis
1327 1902 1500 1973 Friderici
1527 1927 1650 2003 manes
1680 1908 1828 1994 gratiam
1863 1912 2018 1982 debitam
2051 1941 2156 2009 repo.
2279 1911 2282 1915 ’

123 2010 295 2103 cilcmquc
317 2012 361 2080 ad
387 2004 485 2079 hunc
507 2026 700 2080 extremum
727 2024 843 2081 actum
865 2010 1007 2080 tabulae
1030 2034 1113 2080 suae
1163 2019 1282 2086 scunt,
1314 2029 1421 2098 quam
1443 2004 1514 2072 nisi
1539 2005 1635 2095 large
1662 2011 1925 2098 praestiteritis,
1957 2018 2155 2107 suscipietis

123 2113 314 2185 nescisse.
364 2108 1114 2205 MagnusquidamvirinterGraecosseri-
1163 2132 1238 2176 non
1262 2107 1457 2198 simplicem
1481 2108 1653 2197 culpam·
1693 2108 1776 2179 Non
1799 2113 1894 2182 enim
1920 2116 2050 2207 ingrati
2075 2137 2155 2191 tan·

123 2213 209 2309 psit,
235 2208 508 2305 Philosophiam
532 2213 657 2282 mortis
680 2213 1012 2283 commentationem
1031 2238 1114 2298 esse,
1165 2223 1239 2280 turn
1270 2210 1437 2278 adversus
1471 2209 1755 2281 benemerentem
1792 2211 2014 2287 Fridericnm
2047 2225 2156 2310 eritis,

123 2327 292 2411 putatque
322 2313 361 2384 in
390 2339 432 2384 eo
460 2338 634 2385 summam
656 2338 729 2383 esse
752 2314 981 2407 sapientiam,
1015 2316 1044 2385 si
1069 2316 1111 2384 ad
1163 2312 1224 2381 sed
1239 2310 1341 2400 impii
1356 2310 1460 2379 etiarn
1476 2310 1513 2377 in
1530 2310 1643 2379 Deum
1660 2326 1695 2381 et
1715 2327 1874 2383 autorem
1892 2319 2155 2406 beneficiorum,

123 2430 271 2489 mortem
296 2416 500 2486 obeundam
525 2418 616 2486 bene
638 2431 861 2508 comparatus
883 2417 1113 2488 assuefactus-
1164 2437 1254 2506 quae
1291 2412 1389 2482 illius
1416 2410 1566 2501 imperio
1594 2414 1776 2506 accepistis
1801 2430 1836 2485 et
1867 2421 2044 2510 auspicem
2068 2429 2154 2496 novi

123 2518 326 2615 quelucrit.
378 2516 448 2589 Sed
466 2542 547 2588 eum
563 2530 647 2610 puta
664 2530 757 2587 recte
775 2519 1025 2600 assuefactum,
1052 2518 1114 2611 qui
1164 2512 1320 2604 imperii.
1369 2511 1443 2583 Nec
1459 2513 1526 2582 erit
1540 2512 1687 2603 impune
1702 2516 1957 2605 ingratitudine
1971 2520 2084 2595 Deum
2100 2530 2156 2597 of-

123 2615 317 2693 stbristi
338 2620 560 2712 exemplum,
583 2616 770 2709 Evangelii
792 2645 893 2690 causa
920 2621 1032 2691 multa
1057 2634 1114 2689 tu·
1162 2616 1320 2690 frendere.
1379 2612 1510 2683 Precor
1530 2626 1647 2683 autem
1673 2614 1808 2703 Deum,
1833 2619 2158 2700 ntFridericiani-

123 2722 214 2799 lecit.
274 2719 344 2791 llic
366 2746 449 2792 vero
474 2736 595 2793 noster
616 2746 724 2814 quam
747 2723 844 2791 varie
869 2739 1053 2816 quassatus
1075 2746 1115 2790 ac
1165 2742 1257 2787 mam
1272 2741 1336 2809 pro
1352 2740 1412 2785 sua
1429 2717 1670 2786 misericordia
1682 2735 1796 2790 servet
1811 2746 1850 2789 ac
1868 2736 2027 2812 tueatur,
2051 2732 2155 2800 dein-

123 2838 267 2895 rexatus
295 2838 346 2893 est
375 2847 488 2893 annos
517 2825 588 2894 iam
617 2823 753 2916 aliquot
781 2824 963 2913 religionis
988 2824 1116 2893 causa?
1164 2821 1229 2905 de,
1260 2832 1301 2888 ut
1325 2842 1458 2889 novum
1476 2811 1748 2902 hocimperium
1772 2822 1891 2892 fratris
1913 2827 2087 2917 fortunet‚
2120 2851 2155 2904 et

123 2922 224 3017 Quae
252 2925 381 2997 mortis
412 2940 446 2996 et
476 2926 574 2996 exitii
599 2921 812 2997 simulachra
836 2927 969 2996 interea
993 2926 1115 2996 animo
1165 2917 1223 2990 his
1244 2918 1382 2988 miseris
1406 2921 1625 3009 temporibus
1649 2916 1712 2989 lras
1734 2925 1893 3012 regiones
1917 2945 2156 3020 protegat,.er

123 3028 305 3098 obversata
333 3028 443 3098 sunt?
476 3041 516 3097 ut
536 3050 673 3119 sperem
697 3029 834 3096 venisse
855 3028 1114 3119 ard-extremam
1167 3025 1268 3092 vobis
1289 3034 1442 3090 mentem
1469 3023 1545 3102 det,
1571 3023 1733 3111 publicae
1751 3029 2016 3121 tranquillitatis
2034 3057 2157 3105 aman-

123 3123 214 3200 banc
236 3152 395 3221 pugnam
420 3130 693 3220 paratissimum.
753 3127 861 3217 Quod
886 3154 965 3199 cum
991 3133 1037 3199 ita
1061 3131 1116 3212 sit,
1166 3140 1256 3210 tem,
1288 3136 1327 3193 ut
1351 3121 1534 3212 Principes
1555 3139 1708 3208 vestros,
1741 3133 2037 3217 queamdmodum
2063 3139 2157 3207 divi·
2246 3170 2255 3187 ·

123 3244 151 3303 ct
173 3254 261 3302 cnm
284 3230 346 3299 ille
361 3234 547 3303 commode
565 3227 656 3300 hanc
670 3230 908 3300 calamitosam
926 3230 1035 3301 vitam
1053 3233 1117 3298 de-
1166 3230 1262 3297 nitus
1286 3237 1526 3315 praeceptum,
1555 3247 1691 3294 summa
1715 3227 1783 3295 lide
1805 3231 2044 3327 religioneque
2062 3240 2158 3310 cola-

123 3333 302 3427 posuerit,
326 3333 547 3422 gratulemur
562 3332 592 3398 c'
610 3331 726 3439 aptius
741 3333 849 3402 talem
864 3331 956 3400 vitae
970 3333 1115 3411 exitum,
1166 3330 1223 3401 tis.
1273 3324 1371 3396 Diri.

123 3435 159 3505 in
174 3460 251 3531 quo
267 3448 339 3506 tam
354 3435 467 3506 multa
482 3434 581 3523 signa
598 3420 735 3516 eatbnt,
760 3447 800 3502 nt
814 3433 1115 3503 immortalitatem

124 3540 295 3628 adeptus,
329 3560 404 3606 non
431 3536 590 3607 amisisse
619 3535 751 3620 vitam,
783 3535 912 3605 merito
934 3535 1031 3604 credi
1054 3535 1116 3602 de·
1171 3559 2158 3591 --—--·--··---—---—-·----...-..

124 3639 218 3711 beat.
271 3634 318 3709 llt
335 3662 417 3709 cum
432 3638 508 3729 ipsc
523 3661 636 3730 aequo
652 3637 773 3716 animo
789 3636 985 3706 discesserit
999 3660 1018 3704 e
1034 3637 1117 3721 vita,
1175 3704 1179 3711 ,

123 3742 279 3811 ieramus
300 3739 368 3830 ipsi
386 3739 493 3810 ctiam
515 3740 690 3832 patienter
711 3739 927 3808 voluntatem
951 3738 1039 3822 Dei,
1063 3751 1116 3808 at·
1165 3737 1234 3813 No.
1252 3738 1311 3814 10.
1987 3776 2034 3821 m,
2053 3760 2146 3826 1525⁸

126 3866 193 3937 que
209 3856 374 3934 optemus
387 3842 524 3932 potius,
547 3854 587 3911 ut
601 3841 710 3911 simili
727 3840 853 3912 mortis
867 3864 1011 3930 genere,
1036 3864 1116 3909 cum
1168 3837 1292 3863 Μ’
1979 3847 2152 3880 '⁶⁴⁸‘

127 3938 210 4015 binc
232 3943 477 4028 evocabimur,
502 3944 748 4033 defungantur.
799 3941 975 4012 Foelicem
997 3942 1117 4010 existi·
1337 3942 1414 4027 Dp
1445 3944 1670 4055 gradibug
1706 3946 1988 4038 dipcengfum·

127 4069 265 4117 memus
294 4044 517 4116 Fridericum
548 4046 674 4128 fnisse,
717 4046 757 4113 in
787 4044 886 4112 cicius
919 4045 990 4112 vita
1021 4056 1116 4112 tanta

130 4148 235 4219 luerit
258 4147 492 4240 aequabilitas
513 4149 694 4231 fortunae,
728 4145 860 4239 quique
884 4146 983 4214 illam
1006 4145 1117 4213 animi
1237 4101 1349 4228 prsslll.
1368 4104 1844 4241 ppp'qqqaeapreiqedfipppuqqpaq
1860 4107 2070 4247 lidril'tslrfwss
2081 4122 2159 4245 ἓξὲξ

132 4251 181 4320 sui
201 4251 385 4321 lenitatem
406 4249 758 4339 moderationemque
781 4248 824 4314 ad
847 4262 1041 4316 extremum
1058 4271 1112 4314 us
1268 4240 1301 4298 T·
1317 4242 1340 4299 t.
1358 4260 1384 4313 Ρ·
1399 4243 1476 4302 4η·
1499 4241 1628 4298 Richard.
1646 4240 1681 4301 Τ·
1698 4242 1722 4297 ¹·
1740 4262 1769 4315 t·
1784 4243 1844 4301 ¹⁸⁰·
2011 4222 2020 4252 ⁹
2151 4231 2159 4245 ⁴

177 4377 196 4422 e
224 4376 239 4421 s
269 4352 391 4421 iritum
422 4350 620 4420 retinuerit.
680 4349 807 4419 Pacem
838 4351 969 4417 dedere
999 4372 1038 4416 su
1067 4347 1115 4415 eri
1405 4406 1413 4422 ,
1536 4406 1544 4422 ,
1654 4406 1662 4422 ,
1848 4410 1857 4426 ‚
1967 4414 1975 4430 ,

134 4376 190 4544 leur
212 4377 358 4525 olienem
380 4454 511 4536 vitam,
536 4475 637 4521 mens
658 4452 805 4539 contigit
828 4475 916 4541 quae
940 4463 972 4518 et
996 4373 1118 4538 inpge-
1220 4402 1280 4472 De
1301 4399 1481 4498 Ψαάώω
1504 4400 1729 4475 mmmm
1753 4415 1877 4479 ‘’nm‘'
1902 4407 1999 4482 ΡΜ·
2022 4414 2110 4485 Mel·

136 4559 237 4627 reuda
251 4554 390 4647 Repub.
406 4555 488 4647 quia
503 4568 576 4624 tuta
594 4576 732 4642 semper
747 4552 893 4621 consilia
907 4553 1001 4621 bello
1020 4576 1119 4641 prae·
1169 4540 1212 4624 N
1215 4567 1295 4623 otus
1318 4566 1369 4621 est
1390 4548 1500 4620 Ennii
1525 4552 1718 4623 versiculus
1741 4555 1785 4623 dc
1811 4559 1985 4628 veteribus
2003 4563 2162 4634 moribus

137 4656 282 4742 larebat,
315 4681 492 4750 nusquam
516 4679 536 4725 a
561 4656 702 4724 fortuna
728 4655 894 4724 destituta
920 4668 990 4739 est,
1023 4655 1119 4722 etin
1171 4654 1439 4724 conservandis:

139 4760 278 4848 privatis
310 4759 416 4828 rebus
445 4759 564 4851 siquid
594 4757 732 4826 adversi
761 4757 849 4840 fult,
881 4768 922 4825 ul
946 4770 1030 4826 sunt
1052 4749 1121 4823 lm-
1273 4760 1410 4824 Moribus
1423 4765 1555 4845 antiquis
1570 4784 1615 4822 res
1630 4776 1688 4824 stat
1700 4760 1839 4826 Romana
1858 4769 1998 4849 virisque.

139 4881 254 4947 nana,
297 4860 541 4930 moderatione
577 4858 688 4927 animi
724 4857 992 4950 constantiaque
1028 4858 1122 4927 vicit·
1175 4858 1272 4928 ldem
1289 4859 1443 4949 prolecto
1459 4858 1726 4927 inreliteraria
1750 4861 1960 4951 praestiterit
1975 4867 2108 4933 servari
2125 4867 2164 4935 in

139 4956 199 5034 llic
211 4964 267 5033 illi
283 4965 373 5033 vitae
389 4985 512 5035 cursus
525 4961 593 5030 luit
608 4983 770 5044 securus,
792 4974 825 5029 ct
838 4960 962 5043 loelix,
983 4959 1121 5052 qualem
1174 4960 1343 5030 iaciendis
1362 4959 1530 5048 gradibus
1553 4959 1783 5044 discentium,
1810 4961 1871 5054 qui
1896 4988 1967 5032 non
1994 4968 2163 5037 mediocri

141 5078 253 5158 optare
278 5065 346 5135 sibi
370 5065 432 5133 alii
455 5062 638 5153 Principes
657 5063 784 5131 merito
806 5063 968 5133 debeant.
1028 5056 1123 5150 Aga·
1176 5062 1364 5154 prudentia
1379 5084 1400 5129 a
1415 5060 1610 5129 maioribus
1631 5062 1804 5145 instituti,
1828 5087 1922 5133 nunc
1938 5091 2057 5137 errore
2075 5094 2165 5162 quo-

142 5188 211 5237 mus
235 5169 354 5259 itaque
376 5166 503 5256 gratias
518 5162 612 5248 Deo,
636 5165 698 5256 qui
720 5163 773 5231 illi
797 5176 900 5232 autor
916 5176 1033 5233 tantae
1049 5165 1123 5231 soe·
1175 5168 1256 5234 dam
1277 5158 1483 5247 hominnm,
1517 5162 1579 5254 qui
1603 5163 1771 5232 videntur
1796 5167 2014 5257 conspirasse
2037 5174 2079 5237 ad
2101 5172 2165 5237 ab·

143 5265 276 5341 licitatis
299 5269 384 5353 fuit,
416 5268 548 5360 quique
572 5266 777 5354 regionibus
793 5263 924 5333 nostris
940 5278 1012 5335 tam
1030 5264 1123 5332 salu·
1175 5266 1323 5336 olendos
1348 5264 1455 5331 semel
1479 5286 1601 5331 omnes
1634 5254 1766 5333 vetere's
1788 5290 1922 5348 mores,
1960 5269 2166 5339 delendam-

144 5380 257 5456 tarcm‚
284 5385 425 5462 tamque
441 5369 600 5438 foelicem
616 5366 817 5458 Principem
833 5367 994 5435 donavit.
1041 5363 1124 5435 Non
1176 5391 1244 5461 que
1277 5365 1478 5435 universam
1515 5364 1654 5433 civilem
1690 5367 1935 5458 disciplinam,
1977 5362 2178 5463 antiquan-¹

148 5469 246 5541 debeo
261 5468 462 5564 prohibere,
484 5494 529 5538 ne
542 5469 712 5555 iacturam
729 5467 908 5561 publicam
919 5463 986 5538 hoc
996 5468 1124 5537 amisso
1176 5483 1248 5543 tur.
1298 5466 1422 5560 Neque
1437 5487 1501 5556 ego
1518 5489 1615 5535 nunc
1631 5482 1831 5559 suggestum
1847 5473 2036 5540 conscendi
2053 5473 2169 5565 digla-

187 5579 365 5644 llssrsrn.
391 5577 496 5646 Orsa.
522 5564 606 5644 Vos.
634 5574 700 5641 xl.
1223 5604 1226 5611 ·
1530 5563 1554 5635 7
