4664 6022
150 285 227 363 sse
735 275 896 355 unct.
928 274 1008 355 nn
1038 276 1282 357 assuto
1320 276 1630 360 ttPtSCOPO.
2096 318 2099 323 >
2136 289 2216 365 sae
2259 244 2273 261 ⁶

260 455 347 529 Post
385 478 516 549 paucos
546 476 662 529 annos
688 477 774 529 sene
803 448 983 549 Episcopo
1013 468 1157 528 mortuo
1208 452 1448 528 Ecclesiamm
1479 454 1797 551 tranquillitatem,
1834 459 2060 553 disciplinam
2085 476 2121 537 et
2152 464 2213 555 pia

149 560 310 637 Basilius
333 560 512 650 suffragiis
531 559 696 630 omniurn
718 558 889 630 ordinum
913 555 1158 652 creaturEpi-
1208 560 1326 631 studia
1344 561 1552 633 turbarunt:
1578 582 1669 653 quae
1688 584 1743 631 res
1762 561 1943 652 ingentem
1959 567 2121 637 dolorem
2137 565 2211 639 Ba·

146 688 300 760 scopus,
326 663 476 735 minime
491 663 686 757 tranquillo
702 676 873 757 tempore.
923 659 1016 733 Nam
1031 676 1067 734 et
1083 660 1156 734 Va-
1207 662 1289 734 silio
1313 662 1444 737 attulit.
1497 660 1567 734 Sed
1587 663 1771 758 aliquanto
1792 679 1874 757 post
1892 669 2061 740 accersito
2086 665 2209 741 Theo-

148 769 261 845 lentis
275 767 517 860 limperatoris
538 767 640 839 furor
664 767 860 853 crescebat,
895 766 958 860 qui
980 765 1156 839 antistites
1207 768 1310 839 dosio
1337 781 1372 839 et
1393 766 1538 837 barbari
1562 767 1713 858 repressi
1737 781 1840 856 sunt,
1874 782 1909 842 et
1932 773 2115 845 restitutae
2137 769 2211 845 Ec-

149 886 249 946 recte
278 872 470 943 sentientes
498 870 628 962 passim
650 870 797 941 sedibus
817 869 891 941 suis
915 869 1089 962 pellebat,
1120 883 1157 941 et
1208 869 1351 958 clasiae,
1373 870 1467 941 bella
1489 883 1609 943 tamm
1623 864 1885 963 Episcoporum
1906 873 2069 964 regiones
2092 892 2127 949 et
2150 900 2207 947 re-

148 975 378 1071 imperatoris
402 973 538 1045 rabiem
561 971 659 1045 Deus
677 974 770 1044 lame
792 986 826 1044 et
845 972 949 1044 bellis
973 973 1156 1065 puniebat,
1207 973 1307 1044 ditus'
1325 986 1518 1049 mutarent.
1575 973 1664 1043 Inde
1688 974 1862 1045 etiamad
1886 992 2083 1051 extremum
2110 978 2208 1049 rixae

149 1095 188 1154 et
210 1092 350 1151 secutae
372 1089 457 1148 sunt
479 1077 597 1148 variae
609 1072 850 1149 Ecclesiarnm
869 1076 1153 1149 dilacerationes.
1207 1102 1289 1149 cum
1311 1076 1439 1147 vicinis
1454 1073 1643 1170 Episcopis
1659 1074 1795 1149 Basilio
1820 1092 1918 1150 ortae
1942 1095 2045 1167 sunt,
2071 1082 2109 1152 in
2126 1086 2210 1176 qui-

147 1183 227 1258 Has
249 1181 409 1253 miserias
429 1180 622 1252 domestica
638 1175 815 1251 Ecclesiae
832 1178 1023 1250 concordia
1042 1180 1155 1251 lenic-
1209 1182 1276 1251 bus
1292 1205 1331 1251 ca
1347 1179 1594 1253 moderatione
1610 1202 1695 1251 usus
1711 1181 1898 1268 scribitur,
1923 1198 1963 1254 ut
1977 1184 2115 1256 reditus
2130 1186 2209 1257 adi-

148 1290 233 1375 bat,
256 1310 363 1381 quam
380 1285 517 1374 magnis
532 1283 659 1354 officiis
674 1281 828 1352 Basilius
845 1284 1022 1359 tuebatur.
1075 1282 1154 1354 An·
1209 1283 1257 1355 mi
1280 1283 1349 1355 sibi
1370 1305 1494 1376 passus
1517 1283 1581 1368 sit,
1606 1285 1668 1353 sed
1688 1284 1857 1377 pristinas
1871 1287 2036 1377 regiones
2050 1311 2135 1360 suae
2150 1289 2209 1358 in-

147 1414 249 1465 nona
272 1391 387 1459 laxata
410 1402 479 1473 est,
504 1386 633 1479 partim
658 1384 743 1480 quia
767 1387 957 1457 autoritate
972 1410 1036 1457 sua
1053 1387 1153 1456 locu·
1207 1387 1397 1477 spectionis
1418 1387 1627 1472 retinuerit,
1653 1411 1699 1457 ne
1720 1387 1770 1456 ibi
1793 1390 1956 1460 doctores
1977 1391 2077 1484 impii
2095 1391 2209 1461 collo-

147 1493 265 1591 pletes
294 1490 491 1583 permovit,
524 1502 566 1562 ut
593 1490 814 1561 frumentum
839 1488 1011 1559 mediocri
1036 1490 1153 1582 precio
1207 1490 1277 1560 cari
1304 1503 1459 1582 possent.
1511 1487 1610 1561 Inter
1634 1504 1685 1561 tot
1708 1491 1901 1562 certamina
1927 1494 2115 1565 consenuit
2136 1491 2209 1565 Ba·

147 1597 365 1670 vendcrent:
401 1592 530 1684 partim
555 1591 640 1687 quia
664 1616 705 1661 ex
726 1592 863 1663 aerario
887 1586 1087 1680 Ecclesiae,
1119 1604 1153 1664 et
1207 1594 1325 1678 silius,
1366 1617 1408 1664 ex
1439 1594 1572 1687 quibus
1602 1593 1774 1664 eluctatus
1804 1596 1992 1682 omnibus,
2034 1596 2209 1668 foeliciter

146 1697 308 1773 venditis
323 1695 478 1791 propriis
495 1695 669 1788 praediis,
693 1718 798 1787 opem
813 1695 898 1767 tulit
913 1694 1112 1788 egentibus.
1208 1696 1349 1767 lloreuti
1363 1691 1521 1767 Ecclesia
1538 1697 1605 1767 sub
1620 1696 1721 1768 initia
1739 1698 1881 1789 imperii
1899 1695 2117 1785 Theodosii,
2142 1701 2206 1770 de-

256 1798 349 1874 Cum
371 1797 479 1889 igitur
492 1796 626 1870 Valens
644 1799 837 1890 imperator
859 1798 929 1868 iam
954 1798 993 1868 in
1017 1823 1057 1870 ea
1075 1799 1152 1869 loca
1206 1800 1309 1872 cessit
1336 1824 1377 1871 cx
1408 1794 1475 1870 hac
1497 1800 1582 1871 vita.
1634 1797 1738 1871 Hanc
1760 1798 1887 1870 Basilii
1913 1797 2100 1874 historiam
2124 1826 2208 1895 par-

148 1906 315 1986 veniens,
342 1903 664 1995 iuberetBasilium
682 1901 854 1973 adsentiri
863 1897 1027 1988 Arianis,
1049 1903 1153 1997 eique
1207 1904 1270 1974 tim
1294 1927 1335 1975 ex
1355 1903 1510 1974 aliorum
1533 1903 1776 1975 monumentis
1799 1904 2056 1996 excerpsimus,
2080 1907 2207 1999 inqua

147 2010 223 2083 nisi
245 2011 525 2099 obtemperaret,
561 2004 666 2076 exilia
690 2019 725 2076 ct
747 2005 923 2098 supplicia
945 2007 1153 2076 minaretur.
1208 2007 1362 2098 primum
1386 2008 1430 2076 de
1450 2019 1620 2099 perpetua
1634 2002 1814 2077 Ecclesiae
1833 2008 2093 2098 gubernatione
2110 2008 2208 2098 cogi·

150 2110 278 2187 Pueris
312 2107 469 2206 (inquit)
506 2109 567 2178 illa
605 2109 891 2179 terriculamenta
919 2110 1151 2207 proponenda
1207 2125 1332 2184 temus.
1382 2106 1556 2179 Videmus
1579 2103 1637 2178 hic
1661 2134 1805 2203 quoque
1828 2134 1903 2182 non
1919 2105 2087 2182 humanis
2103 2136 2207 2203 prae-

149 2239 246 2302 esse,
273 2214 340 2285 sibi
356 2236 441 2282 vero
457 2213 565 2282 vitam
579 2211 669 2304 eripi
683 2234 796 2303 posse,
822 2214 881 2282 sed
894 2211 1152 2282 consessionem
1205 2212 1307 2285 sidiis
1331 2224 1505 2283 servatam
1529 2235 1604 2282 esse
1620 2207 1816 2282 Ecclesiam
1840 2212 1935 2283 inter
1949 2226 2003 2284 tot
2021 2216 2206 2305 procellas,

151 2317 312 2391 recitatis
330 2314 422 2408 eripi
437 2339 512 2385 non
528 2339 641 2406 posse.
693 2313 924 2409 Fueruntqne
940 2316 1068 2385 diebus
1084 2314 1153 2385 ali·
1205 2316 1336 2410 quibus
1364 2330 1449 2387 tunc
1471 2328 1634 2407 quassata
1658 2327 1722 2387 est.
1783 2313 1895 2386 Multi
1917 2315 2057 2386 furores
2078 2319 2206 2387 eodem

146 2433 240 2518 quot
261 2420 453 2493 continnae
473 2432 508 2489 et
529 2442 626 2489 acres
642 2418 736 2489 inter
751 2416 939 2489 Valentem
958 2417 1152 2510 imperato-
1206 2433 1363 2513 tempore
1391 2418 1659 2509 gemmantur,
1696 2413 1843 2499 Ariani,
1877 2414 2104 2505 Manichaei,
2135 2416 2206 2490 Ca·

148 2548 230 2597 rem
251 2536 286 2595 et
302 2520 477 2594 Basilium
498 2520 766 2607 contentiones,
791 2545 879 2616 quas
901 2522 1045 2591 tandem
1065 2521 1151 2591 illu·
1206 2517 1310 2593 thari.
1367 2517 1416 2592 Et
1440 2520 1633 2613 imperator
1653 2519 1788 2591 Valens
1816 2521 1855 2591 in
1885 2521 2073 2593 foelicibus
2097 2522 2206 2593 armis

148 2627 220 2700 stri
242 2625 402 2715 exemplo
415 2622 512 2697 Deus
527 2625 684 2696 diremit.
736 2624 828 2701 Cum
843 2624 939 2694 enim
955 2623 1067 2697 iratus
1084 2624 1152 2694 im·
1204 2620 1403 2698 attrahebat
1416 2639 1535 2715 gentes
1549 2624 1753 2695 barbaricas
1768 2625 1862 2695 intra
1878 2624 1966 2695 fines
1981 2626 2035 2696 sui
2050 2625 2207 2716 imperii,

152 2741 300 2823 perator
314 2727 464 2800 venisset
479 2728 518 2797 in
535 2729 708 2821 templum
722 2753 803 2801 cum
817 2742 952 2799 arenam
969 2727 1150 2816 satellitio,
1204 2742 1239 2799 et
1259 2730 1359 2800 domi
1384 2727 1603 2822 perniciosae
1626 2727 1792 2798 factionis
1815 2729 1937 2799 studio
1953 2730 2115 2800 vastabat
2133 2725 2207 2799 Ec·

150 2845 195 2903 nt
212 2827 387 2901 Basilinm
408 2831 495 2902 inde
516 2833 728 2919 abduceret,
758 2855 839 2903 cum
859 2833 904 2902 ad
927 2832 1150 2903 sacerdotum
1205 2833 1339 2906 clesias.
1407 2828 1451 2901 ln
1475 2825 1531 2899 his
1555 2831 1664 2902 tantis
1688 2829 1960 2903 difficultatibus
1984 2844 2103 2901 tamen
2129 2854 2205 2901 non

147 2934 253 3006 sedes
270 2933 478 3017 accessisset,
502 2935 619 3006 subita
633 2936 770 3025 vertigo
783 2936 1034 3028 imperatorem
1051 2958 1152 3004 over·
1205 2949 1257 3006 est
1276 2935 1429 3006 extincta
1453 2932 1515 3004 lux
1537 2933 1720 3005 doctrinae
1740 2934 1916 3006 coelestis.
1968 2932 2091 3024 Quare
2107 2957 2206 3004 nunc

145 3037 213 3123 tit,
240 3036 289 3107 ita
311 3050 353 3107 nt
375 3038 447 3107 nisi
463 3036 615 3107 Diaconi
631 3038 786 3129 proximi
804 3038 973 3107 manibus
986 3051 1152 3129 exceptus
1205 3062 1349 3132 quoque
1366 3037 1404 3106 in
1424 3050 1496 3106 tarn
1512 3036 1607 3107 tristi
1621 3037 1831 3107 confusione
1847 3037 2080 3131 imperiorum
2097 3031 2207 3108 huius

145 3152 184 3213 ct
206 3150 425 3211 sustentatus
446 3138 589 3223 luisset,
620 3139 797 3231 collapsus
818 3139 895 3208 solo
918 3161 1047 3231 corpus
1069 3138 1152 3208 alli·
1205 3141 1348 3224 aetatis,
1381 3160 1563 3230 speremus
1594 3152 1713 3208 tamen
1736 3135 1854 3211 Deum
1883 3153 2107 3210 servaturum
2132 3162 2206 3210 esse

145 3264 257 3315 urus
273 3240 395 3315 fuerit.
447 3237 622 3311 Tremens
641 3240 752 3333 igitur
766 3253 800 3311 et
816 3240 990 3312 attonitus
1004 3264 1045 3310 ex
1060 3254 1151 3312 tem·
1206 3242 1279 3311 filio
1310 3237 1584 3331 haereditatem,
1615 3237 1793 3311 Ecclesias
1825 3242 1991 3312 videlicet
2019 3255 2053 3311 ct
2084 3242 2207 3312 litera-

145 3344 212 3439 plo
231 3367 254 3415 a
273 3342 449 3414 ministris
464 3343 628 3415 effertur:
655 3358 696 3416 ut
710 3341 929 3414 Heliodorus
943 3343 1076 3413 dicitur
1090 3366 1151 3413 su·
1206 3370 1284 3416 rum
1307 3368 1347 3414 ac
1368 3343 1551 3413 doctrinae
1574 3342 1767 3415 domicilia.
1821 3340 1947 3413 Basilii
1965 3367 2050 3414 vero
2066 3343 2206 3413 foelici-

146 3446 227 3521 Rta
246 3446 534 3519 consternatione
554 3468 743 3540 oppressus
759 3468 851 3532 esse,
879 3470 962 3518 cum
976 3447 1150 3540 templum
1206 3461 1312 3520 tatem
1335 3445 1597 3537 praedicemus,
1623 3445 1686 3538 qui
1706 3468 1748 3515 ex
1764 3446 1872 3517 tantis
1889 3446 2057 3516 {luctibus
2070 3446 2205 3517 elucta-

146 3546 297 3622 innrbe
313 3549 561 3646 Hierosolyma
576 3551 794 3645 spoliaturus
808 3564 908 3623 esset.
1204 3567 1280 3632 tus,
1313 3549 1410 3620 salva
1443 3550 1527 3617 navi
1547 3571 1611 3618 sua
1634 3549 1674 3617 in
1696 3562 1840 3641 portum
1862 3550 2042 3643 pervenit:
2078 3549 2114 3618 id
2139 3561 2204 3635 est,

253 3651 333 3724 Hoc
357 3654 517 3746 exemplo
541 3652 806 3749 aliquantulum
826 3674 984 3746 repressa
1004 3665 1058 3723 est
1078 3649 1151 3723 Va·
1205 3653 1353 3725 retinuit
1370 3652 1464 3745 piam
1477 3647 1657 3723 Ecclesiae
1674 3652 1920 3737 concordiam,
1947 3653 2066 3745 quoad
2082 3652 2182 3725 vixit.

141 3755 258 3833 lentis
272 3757 470 3829 iracundia.
504 3755 574 3827 Sed
588 3757 792 3829 discedente
804 3756 1028 3848 imperatore,
1048 3780 1151 3844 prae-
1305 3753 1469 3850 Cumque
1490 3751 1569 3829 Deo
1590 3755 1721 3847 gratias
1741 3778 1903 3845 agemus,
1929 3757 2024 3849 qnod
2050 3756 2203 3826 subinde

140 3862 264 3935 tectos
287 3860 443 3930 edictum
466 3861 737 3952 proscriptionis
752 3860 977 3953 pronunciat.
1028 3854 1150 3930 Etiam
1205 3861 1376 3931 salutares
1398 3861 1562 3930 doctores
1581 3859 1724 3930 excitat:
1752 3860 1796 3929 de
1817 3858 1923 3930 nobis
1946 3858 2051 3949 ipsis,
2076 3861 2120 3927 de
2136 3881 2204 3927 no·

141 3965 195 4039 ad
209 3963 279 4034 iter
293 3963 415 4032 omnia
432 3962 793 4054 paraveratBasilius.
831 3962 929 4034 Turn
943 3986 1027 4032 vero
1043 3963 1152 4032 bene
1204 3977 1278 4035 stro
1309 3984 1435 4049 cursu,
1467 3962 1512 4031 de
1544 3962 1676 4032 nostris
1704 3961 1834 4033 studiis
1855 3985 1942 4030 vcro
1965 3984 2046 4030 cum
2069 3959 2204 4050 gemitu

140 4066 308 4139 volentia
332 4061 511 4137 Ecclesiae
534 4088 615 4157 erga
640 4061 858 4159 Episcopum
884 4077 1065 4158 perspecta
1087 4079 1151 4152 est,
1204 4067 1416 4157 cogitemus,
1448 4088 1489 4135 ac
1509 4077 1591 4135 vota
1613 4063 1800 4149 faciamus,
1832 4077 1873 4134 ut
1891 4060 1989 4133 Deus
2010 4085 2076 4135 nos
2098 4062 2204 4134 iaciat

140 4193 244 4269 quae
257 4192 474 4240 concurrens
488 4168 665 4260 flagitavit
678 4193 761 4240 eum
777 4169 846 4240 sibi
865 4169 988 4255 reddi,
1014 4192 1054 4239 ac
1069 4167 1151 4239 eiici
1203 4167 1370 4241 minutia
1395 4192 1529 4256 organa
1545 4164 1723 4259 Reipub.,
1752 4189 1814 4236 seu
1829 4180 1870 4237 ut
1886 4165 2047 4261 loquitur
2059 4163 2204 4249 Paulus,

139 4267 333 4371 prohibet.
385 4270 489 4345 Metu
504 4272 613 4362 igitur
627 4287 804 4368 tyrannus
819 4261 978 4357 coactus,
1004 4271 1150 4363 permit·
1205 4296 1285 4344 vasa
1303 4271 1585 4346 misericordiae,
1609 4294 1675 4341 nec
1687 4268 1900 4340 abiiciamur
1912 4269 2006 4339 inter
2021 4292 2100 4338 vasa
2118 4268 2202 4347 irae,

142 4377 193 4453 tit
218 4388 259 4446 ut
275 4373 431 4446 Basilius
452 4388 605 4449 maneat.
656 4373 729 4446 Nec
752 4374 868 4447 multo
889 4387 968 4467 post
990 4397 1072 4444 cum
1094 4373 1151 4446 in·
1203 4374 1324 4471 qualia
1346 4375 1491 4444 luerunt
1506 4370 1669 4455 Pharao,
1693 4370 1808 4459 Nero,
1836 4371 1986 4456 Valens,
2011 4367 2142 4454 Arius,
2168 4383 2203 4441 et

141 4478 429 4553 foelicitatem·
456 4473 605 4551 Gotthis
628 4478 852 4565 dimicasset,
877 4500 985 4573 seque
1006 4476 1046 4546 in
1067 4477 1151 4568 luga
1203 4478 1265 4550 alii
1294 4476 1594 4557 innumerabiles,
1627 4475 1689 4567 qrri
1721 4477 1867 4547 iuerrmt
1891 4487 2005 4567 pestes
2021 4469 2202 4543 Ecclesiae

142 4584 189 4655 in
214 4605 330 4652 casam
353 4582 522 4653 rusticam
545 4581 757 4667 abdidisset,
781 4603 860 4651 caea
883 4580 1151 4675 esequentibus
1204 4594 1237 4653 et
1257 4578 1397 4671 generis
1419 4575 1581 4650 humani.
1630 4575 1729 4648 Haec
1744 4578 1905 4671 quotidie
1923 4599 2048 4666 magna
2065 4600 2149 4646 cura
2167 4589 2202 4648 et

141 4685 329 4759 militibus
345 4683 506 4770 incensa,
531 4684 583 4755 ibi
599 4685 807 4757 combustus
820 4683 940 4777 periit.
992 4680 1061 4753 llic
1077 4683 1150 4753 exi-
1202 4681 1447 4755 sollicitudine
1466 4682 1653 4770 cogitanda
1675 4695 1769 4755 sunt.
1821 4678 1984 4753 Recitavi
2004 4702 2061 4748 res
2075 4692 2201 4768 gestas,

142 4800 208 4863 tus
238 4787 307 4859 luit
338 4787 501 4882 tyranni,
533 4787 597 4881 qrxi
627 4787 707 4880 pios
731 4788 894 4858 doctores
917 4810 960 4856 ex
980 4781 1151 4857 Ecclesiis
1203 4787 1242 4857 in
1256 4785 1388 4881 quibus
1405 4799 1440 4856 et
1454 4807 1566 4876 genus
1581 4784 1764 4855 doctrinae
1775 4781 2010 4874 conspicitur,
2036 4795 2070 4853 et
2080 4781 2200 4853 lucent

141 4889 281 4987 passim
306 4890 473 4976 eiecerat,
499 4905 533 4960 et
555 4890 624 4962 late
644 4886 821 4962 hrianum
843 4889 943 4961 virus
965 4903 1149 4980 sparserat.
1202 4887 1329 4961 Basilii
1358 4887 1508 4959 virtutes
1538 4887 1689 4971 multae,
1722 4888 1768 4955 de
1789 4884 1922 4980 quibus
1943 4883 2117 4976 prolixius
2143 4883 2201 4953 di-

141 4992 392 5071 Rctinnerant
419 5007 539 5064 tamen
568 4993 608 5065 in
631 4993 750 5065 officio
772 5005 809 5066 et
833 4990 994 5065 veritatis
1015 4992 1151 5084 proies-
1201 5015 1338 5077 cerem,
1369 4991 1400 5061 si
1433 5003 1573 5082 tempus
1600 5003 1792 5083 pateretur.
1860 4984 1986 5072 Fides,
2028 4998 2202 5080 quaeest

142 5097 252 5171 sione
276 5119 441 5187 magnam
467 5093 574 5167 Asiae
601 5111 759 5190 partem,
799 5109 841 5168 nt
862 5094 957 5179 dixi,
993 5091 1151 5165 Basilius
1201 5095 1364 5166 omniurn
1385 5093 1560 5165 virtutum
1583 5106 1714 5178 mater,
1748 5091 1787 5161 in
1810 5111 1938 5180 genere
1959 5090 2144 5162 doctrinae
2167 5102 2201 5158 et

140 5213 183 5275 ct
212 5199 324 5270 vicini
347 5195 517 5292 Episcopi
548 5199 659 5293 ipsius
684 5199 830 5283 iratres,
861 5197 980 5271 etalii
1003 5197 1150 5293 quidam
1202 5197 1399 5269 constantia
1435 5194 1669 5267 confessionis
1698 5193 1865 5266 cernitur.
1938 5187 2074 5263 Extant
2104 5191 2201 5260 enim

142 5302 346 5377 coniuncti.
1201 5300 1332 5392 scripta
1363 5298 1511 5383 Basilii,
1549 5322 1641 5392 quae
1673 5320 1754 5367 cum
1782 5295 1912 5366 meritas
1942 5293 2202 5366 controversias

251 5402 338 5477 Post
360 5405 506 5501 tyranni
529 5405 714 5479 interitum
737 5404 885 5498 impune
898 5417 972 5477 tota
986 5398 1073 5476 Asia
1088 5428 1151 5476 va·
1201 5404 1408 5494 dogmatum
1437 5400 1663 5486 contineant,
1695 5399 1891 5471 ostendunt
1921 5412 2015 5469 recte
2045 5420 2126 5467 essm
2157 5396 2201 5465 de

142 5508 222 5605 goti
242 5521 328 5580 sunt
344 5509 522 5583 barbarici
538 5510 728 5599 exercitos,
753 5532 910 5607 quornm
926 5531 1027 5580 arma
1043 5507 1151 5582 nhm
1201 5506 1372 5579 omnibus
1390 5502 1550 5579 articulis
1568 5500 1754 5595 Evangelii
1777 5501 1937 5575 sanstae.
1988 5498 2201 5592 Propugna-
