4664 6022
76 366 92 405 a
134 340 213 416 867
576 332 740 413 nect,
789 332 867 414 DE
899 334 1124 416 STUDlO
1156 330 1425 414 LINGUAE
1453 328 1740 413 llBRAllAll.
1862 347 1865 355 '
2100 341 2173 419 868

137 529 191 586 tra
207 513 290 582 illos
304 512 450 605 laqueos
462 521 608 578 satanae
624 505 846 576 communire
861 529 902 577 ae
923 526 1132 598 praeparare
1184 526 1348 574 enarrare
1371 502 1556 584 discimus,
1580 527 1661 574 cum
1683 501 1837 596 Reipub.
1861 502 2071 575 barbaricae
2088 505 2176 576 ima·

137 615 323 708 possimus.
377 612 438 683 Sic
453 613 549 681 enim
568 608 665 679 Deus
679 607 848 701 praecipit
865 606 1035 678 Proverb.
1049 602 1130 680 27.:
1185 605 1301 697 ginem
1316 596 1419 676 nohis
1434 604 1622 696 pingimus,
1646 629 1721 675 non
1735 605 1850 674 solum
1867 606 2046 677 sermonis
2058 605 2175 679 Latini

137 715 243 788 Disce
268 715 318 785 fili
347 715 395 783 mi
423 712 652 803 sapientiam,
685 724 726 782 ut
749 711 893 780 refutari
921 710 1057 801 possint
1081 704 1134 792 hi,
1185 709 1372 800 puritatem
1389 720 1423 777 et
1436 721 1654 779 venustatem
1670 709 1849 799 corrumpi
1865 708 1979 794 aiunt,
1992 710 2055 778 sed
2074 710 2175 781 etism

137 820 200 912 qui
233 816 322 885 mihi
360 813 740 887 conviciumtaciunt.
792 807 839 882 Et
871 813 1038 903 gaudebit
1071 834 1133 881 cor
1185 810 1322 904 aliquid
1346 809 1476 879 accersi
1497 809 1725 900 ineptiarum:
1762 823 1801 880 ut
1825 810 1864 878 in
1893 812 2078 900 tragoedia
2100 809 2175 881 Me-

138 945 269 991 meum.
320 917 414 994 Dixi.
1185 913 1307 983 nelaus
1322 912 1452 982 dicitur
1467 912 1580 983 factus
1596 913 1788 997 barbarus,
1813 912 1987 983 diuturna
2010 914 2174 984 barbaro·

1185 1038 1265 1084 rum
1291 1012 1556 1089 consuetudine.
1613 1011 1710 1083 Haec
1739 1036 1842 1105 saepe
1865 1012 2074 1085 Politianna
2097 1012 2174 1087 Pico

137 1142 1136 1163 ----—----—----—-----·-·
1185 1116 1340 1186 obiicere
1372 1116 1497 1186 solitus
1529 1129 1598 1187 est:
1637 1128 1672 1186 et
1704 1116 1914 1185 incredibile
1946 1128 2018 1202 est,
2052 1118 2174 1188 multos

222 1276 225 1283 .
988 1260 991 1264 Δ
1186 1231 1306 1309 captos
1328 1220 1499 1287 suavitate
1523 1215 1680 1287 Graecae
1710 1233 1745 1289 et
1766 1216 1914 1287 Latinae
1941 1218 2175 1312 eloquentiae,

139 1310 207 1387 No.
233 1310 319 1382 109.
964 1330 1014 1374 ⁸¹¹·
1039 1307 1135 1373 ¹549·
1187 1333 1222 1390 et
1237 1344 1355 1389 rerum
1371 1319 1572 1406 dulcedine,
1603 1334 1791 1414 quaesunt
1808 1322 1844 1388 in
1862 1315 2028 1390 historiis
2044 1344 2087 1390 ac
2101 1328 2175 1412 poi·

150 1408 321 1487 ᾖ
955 1395 1127 1425 Μ
1187 1423 1307 1505 matis,
1339 1418 1485 1506 Graecis
1504 1423 1726 1514 praesertim,
1759 1418 1824 1492 hac
1843 1422 2018 1493 oratione
2038 1423 2175 1507 moreti,

204 1536 210 1553 “
264 1516 342 1600 De
371 1511 525 1597 studio
554 1510 747 1620 linguae
775 1498 1000 1591 Ebraeae.
1187 1539 1226 1594 ut
1244 1519 1417 1594 Ebraeam
1433 1524 1590 1613 lingnam
1606 1524 1718 1613 magis
1732 1525 1926 1594 fastidiant.

210 1696 242 1751 ln
257 1694 350 1748 relect.
361 1662 513 1747 lleclamat.
528 1688 617 1744 Ἢν.
632 1689 796 1758 ρΑΒῚιηφ,
815 1686 942 1766 Richard.
955 1684 1016 1741 ΤΙ
1028 1684 1135 1756 pm,
1261 1623 1348 1744 ,An
1369 1649 1555 1719 qumquam
1583 1641 1653 1742 talu
1671 1640 1935 1769 ”gregi-{ammo
1950 1639 2029 1710 ἐπ’
2057 1639 2173 1697 num

243 1763 361 1818 sema.
378 1762 412 1814 r.
429 1759 474 1814 tv,
497 1780 523 1829 p.
537 1759 596 1812 aas.
615 1767 640 1810 a
661 1759 688 1808 a,
705 1759 788 1811 ra...
801 1754 847 1810 tu.
866 1754 975 1808 arafa.
993 1755 1032 1810 n.
1047 1774 1084 1822 a,
1099 1756 1135 1819 a,
1187 1728 1286 1797 matut
1315 1728 1431 1817 legare
1458 1725 1633 1799 Herodou
1663 1722 1845 1798 bistonum
1877 1741 2120 1819 perpetuam,
2139 1732 2171 1796 de

242 1832 288 1887 uti
303 1833 454 1900 adscriptus
469 1839 507 1883 0⁸¹
520 1845 607 1883 *⁰⁰⁰⁸
623 1826 700 1880 1549.
1188 1830 1348 1897 maximis
1365 1830 1470 1899 rebus
1489 1830 1592 1920 gestis
1613 1830 1697 1898 inde
1711 1853 1821 1923 usque
1843 1855 1861 1898 a
1876 1827 2019 1901 Croeso
2036 1833 2084 1901 ad
2099 1829 2174 1901 Xer·

1187 1955 1281 2013 rem,
1307 1933 1350 1999 de
1373 1931 1606 2022 plurimorum
1629 1954 1817 2022 regnorum
1840 1932 2113 2003 mutationibus
2132 1955 2173 2002 sa-

1018 2104 1021 2109 ,
1189 2032 1403 2123 pientissime
1427 2046 1462 2103 et
1483 2034 1685 2103 dulcissime
1713 2051 1917 2103 narrantem
1940 2035 2102 2105 consilia
2124 2058 2174 2124 go·

141 2122 241 2213 Cum
268 2138 312 2206 de
337 2137 478 2225 linguae
496 2130 653 2204 Ebraeae
677 2132 804 2202 studiis
830 2127 917 2200 mihi
944 2132 1133 2201 dicendum
1189 2138 1433 2218 bernatorum,
1460 2158 1579 2205 causas
1602 2137 1799 2221 bellorum,
1824 2137 1942 2205 exitus
1964 2138 2130 2227 placidos
2145 2136 2173 2204 in

140 2262 215 2313 esse
231 2239 484 2328 intelligerem,
510 2236 611 2305 valde
628 2236 836 2325 gaudebam,
863 2259 935 2303 non
951 2234 1045 2303 inter
1062 2233 1135 2301 illi·
1187 2237 1337 2327 negotiis
1354 2239 1555 2322 moderatis,
1580 2237 1696 2308 tristes
1709 2262 1794 2307 vcro
1809 2238 1846 2305 in
1862 2239 1978 2307 rebus
1993 2240 2173 2330 cupiditate

140 2354 289 2425 teratos,
322 2341 383 2435 qui
415 2352 552 2410 tanturn
580 2351 806 2431 quaestuosas
826 2351 917 2406 artes
940 2336 1133 2404 mirantur:
1188 2352 1219 2410 et
1242 2338 1434 2407 ambitione
1457 2338 1641 2431 susceptis:
1668 2362 1774 2432 qnam
1793 2340 1905 2429 legere
1920 2335 2171 2411 Thalmudisot

140 2468 205 2515 nec
231 2445 323 2515 inter
345 2436 548 2534 prophanos
572 2434 751 2523 homines,
783 2440 845 2531 qui
870 2435 1046 2507 Ecclesiae
1070 2440 1134 2505 do-
1188 2441 1346 2524 libellos,
1373 2441 1565 2533 inquibus
1595 2455 1627 2511 et
1652 2454 1810 2532 tempora
1835 2441 1969 2511 mundi
1999 2445 2169 2512 manifesto

141 2545 291 2617 ctrinam
317 2556 571 2625 contemnunt,
602 2540 798 2610 orationem
823 2535 1024 2609 habendam
1046 2562 1134 2608 esse:
1187 2565 1305 2612 errore
1320 2543 1480 2612 mutilata
1497 2557 1597 2628 strnt,
1620 2555 1806 2612 ettantum
1823 2557 1874 2612 cst
1889 2544 2125 2630 insulsitatis,
2141 2558 2169 2613 nt

141 2647 262 2717 sedin
287 2659 471 2729 eocoetu,
507 2644 570 2738 qui
591 2668 672 2714 cum
696 2666 779 2735 pars
798 2643 842 2713 sit
864 2638 1041 2712 Ecclesiae
1055 2638 1134 2723 Dei,
1188 2645 1428 2713 Alexandrum
1452 2645 1630 2713 somnient
1653 2645 1796 2734 gessisse
1816 2644 1957 2715 bellum
1978 2671 2069 2717 cum
2084 2646 2166 2718 Dan‘o
2212 2642 2214 2649 ’

141 2748 366 2841 praecipuam
402 2748 569 2816 virtutem
605 2768 697 2827 esse,
737 2768 858 2815 curam
888 2743 1133 2831 cognoscendi,
1186 2746 1260 2814 filio
1279 2744 1481 2839 Hystaspis,
1507 2743 1949 2841 quisuccessitCambysi.
2008 2748 2055 2822 si
2076 2770 2162 2821 remo

141 2849 382 2930 custodiendi,
416 2861 451 2918 et
484 2847 528 2915 ad
564 2861 721 2933 posteros
753 2845 972 2936 propagandi
1005 2845 1132 2935 scripta
1185 2846 1338 2918 suavitas
1349 2860 1384 2916 et
1396 2848 2069 2942 exemplamemorabilisquaeruntur,
2082 2852 2157 2922 mults

143 2944 350 3041 prophetica
368 2962 402 3017 ct
418 2945 608 3039 apostolica
625 2945 744 3015 sentit.
1185 2963 1236 3020 est
1256 2948 1447 3032 iucundius
1465 2960 1500 3017 et
1529 2949 1654 3019 utilius
1675 2950 1900 3020 considerare
1927 2948 2149 3026 Themied‘·

243 3047 317 3119 Nec
334 3072 416 3118 vcro
435 3047 577 3118 difficile
594 3061 655 3130 est,
681 3048 833 3118 refutare
849 3047 1045 3129 illiteratos,
1071 3049 1133 3141 qui
1184 3050 1412 3142 sapientiam,
1437 3051 1475 3118 in
1490 3052 1658 3120 omnibus
1673 3050 1758 3120 belli
1772 3053 1969 3122 momentis
1993 3057 2152 3146 provisa

141 3167 232 3224 artes
249 3174 323 3220 non
339 3150 535 3222 metiuntur
551 3146 723 3239 dignitate
744 3173 823 3230 sua,
848 3175 913 3218 nec
934 3152 1134 3241 attendunt,
1185 3154 1258 3239 dis,
1280 3166 1314 3222 et
1330 3152 1497 3222 Aristidis
1514 3152 1686 3223 iusticiam
1704 3168 1808 3247 atque
1825 3157 2161 3241 moderationem!

142 3278 230 3350 quos
242 3253 411 3343 'singulae
436 3252 564 3343 gradus
583 3252 676 3321 vitae
697 3266 838 3341 regant,
863 3254 921 3321 sed
946 3253 1130 3343 pecuniam
1186 3252 1355 3325 Graeciae
1370 3254 1557 3325 universae
1572 3256 1798 3325 constitutam
1813 3260 2058 3331 concordiam
2075 3262 2109 3329 in
2121 3259 2164 3327 dr·

142 3380 322 3435 summum
339 3357 473 3423 bonum
498 3376 571 3421 esse
587 3346 730 3438 dicunt,
757 3369 791 3424 et
805 3377 861 3423 eas
883 3369 1019 3425 tantum
1041 3369 1132 3424 artes
1183 3357 1343 3426 fensione
1375 3356 1527 3447 patriae,
1561 3381 1668 3451 quarn
1698 3358 1812 3447 legere
1841 3358 2030 3433 fanaticos
2056 3364 2167 3432 sumt!

140 3461 423 3551 probant,qnae
437 3470 519 3524 sunt
536 3457 684 3545 aucupia
702 3458 935 3525 cumulandae
951 3456 1132 3548 pecuniae.
1183 3455 1260 3528 Ben
1275 3457 1428 3528 Cosban.
1499 3498 1502 3509 ‚

240 3557 380 3627 Horum
399 3556 528 3627 iniusta
545 3557 696 3640 indicia,
727 3583 790 3627 nec
809 3585 886 3626 mco
905 3559 1040 3644 studio,
1068 3584 1131 3629 nec
1287 3559 1423 3632 Nolunt
1443 3561 1551 3652 igitur
1567 3584 1587 3631 a
1605 3557 1751 3630 Graecis
1771 3574 1806 3630 et
1822 3560 1969 3634 Latinis
1994 3566 2110 3637 literis
2126 3563 2171 3631 in·

140 3661 225 3731 ullis
239 3656 414 3729 Ecclesiae
430 3660 582 3742 artibus,
609 3660 679 3726 imo
706 3682 770 3727 nec
792 3654 1044 3749 Philosophiae
1066 3687 1131 3753 op-
1185 3665 1284 3754 genia
1299 3665 1445 3743 abduci,
1471 3687 1656 3756 quaecum
1674 3664 1873 3734 universam
1892 3661 2171 3760 Philosophiam,

117 3763 414 3853 ,ponendasnnt
466 3758 595 3828 Colrmt
620 3761 715 3828 enim
736 3756 797 3827 has
818 3763 1032 3847 artesboni,
1058 3765 1130 3832 vir·
1184 3791 1245 3836 seu
1267 3780 1378 3835 totum
1401 3767 1523 3833 orbem
1547 3765 1696 3849 artium,
1723 3779 1763 3835 ut
1786 3780 1958 3853 vocatur,
1986 3780 2173 3864 quaesunt

140 3864 225 3935 tutis
249 3885 371 3946 cansa,
403 3875 547 3954 propter
573 3863 789 3951 agnitionem
812 3862 896 3944 Dei,
931 3878 966 3934 et
988 3879 1132 3954 propter
1184 3868 1276 3937 vitae
1309 3868 1543 3950 necessariae,
1585 3867 1714 3935 deinde
1746 3868 1958 3938 continuam
1999 3867 2172 3942 historiam

140 3963 373 4057 Reipublicae
394 3964 604 4049 utilitatem,
646 3988 720 4033 non
744 3976 783 4034 ut
805 3963 926 4035 Midae
958 3981 991 4037 et
1014 3965 1131 4037 Crassi
1183 3969 1343 4039 omnium
1367 3978 1585 4060 temporum,
1611 3968 1762 4039 illustria
1786 3972 1946 4062 exempla
1974 3974 2015 4042 in
2044 3981 2173 4066 poema·

140 4089 224 4155 opes
243 4079 429 4136 venentur.
448 4063 537 4154 ‚Nec
553 4067 710 4155 ignotum
728 4081 779 4135 cst
793 4069 916 4147 nohis,
942 4069 1026 4162 quid
1045 4094 1130 4138 con·
1183 4073 1244 4153 tis,
1270 4086 1380 4141 artem
1396 4070 1587 4156 medicam,
1613 4084 1647 4142 et
1664 4071 1887 4162 praecipuam
1905 4075 2104 4166 religionis
2117 4078 2173 4143 do·

139 4180 193 4237 tra
206 4167 267 4235 illa
285 4168 413 4235 insulsa
429 4168 559 4236 iudicia
573 4169 762 4236 dicendam
779 4172 834 4254 sit,
852 4173 978 4239 rohare
994 4182 1130 4240 tantum
1183 4175 1352 4258 ctrinam,
1380 4174 1540 4242 videlicet
1558 4173 1810 4266 Apostolorum
1826 4194 2072 4249 monumenta
2089 4200 2173 4247 com·

140 4269 248 4339 animi
265 4294 354 4359 opus
370 4283 419 4336 cst
434 4272 476 4337 ad
495 4293 534 4337 ea
552 4275 808 4340 contemnenda
826 4286 859 4341 et
876 4276 1079 4341 execranda.
1184 4278 1303 4366 plexae
1325 4277 1414 4354 sint,
1446 4299 1492 4341 ne
1513 4298 1651 4344 causam
1676 4277 1818 4367 quidem
1843 4298 1918 4346 esse
1944 4283 2172 4365 arbitrantur,

242 4370 310 4440 Sed
329 4370 626 4461 aliisquibusdam
638 4375 698 4464 qui
715 4375 865 4463 ingeniis
883 4389 916 4444 rt
931 4375 1130 4445 eruditione
1183 4402 1245 4447 cur
1258 4374 1395 4447 Ebraea
1413 4377 1533 4465 lingna
1550 4377 1778 4446 desideretur.

140 4472 334 4555 excellunt,
366 4485 398 4539 et
418 4472 625 4561 elegantiam
649 4477 889 4544 doctrinarum
913 4502 952 4545 ac
974 4477 1128 4548 suavita·
1283 4477 1360 4548 Etsi
1382 4494 1497 4548 antem
1520 4480 1687 4549 usitatum
1705 4491 1756 4548 est
1780 4478 1818 4545 in
1833 4478 2036 4553 collatione
2050 4485 2173 4555 doetri-

141 4587 210 4643 tem
227 4588 364 4659 amant,
392 4574 534 4642 difficile
551 4587 600 4643 est
619 4579 849 4666 respondere,
877 4579 936 4670 qui
952 4602 972 4647 a
986 4579 1128 4669 linguae
1181 4606 1306 4652 narum
1327 4581 1413 4650 alias
1438 4578 1587 4648 aliarum
1612 4581 1857 4650 extenuatione
1877 4604 2034 4673 augere:
2065 4601 2172 4657 tamen

137 4670 309 4745 Ebraicae
328 4675 454 4745 studiis
470 4676 601 4745 multos
614 4677 792 4748 deterrent
806 4680 986 4750 mentione
1001 4682 1129 4751 barba·
1181 4685 1263 4778 quia
1288 4684 1420 4753 iustum
1443 4696 1500 4765 est,
1515 4704 1617 4751 strum
1638 4682 1765 4774 cuique
1781 4679 1966 4770 tribuere,
1989 4702 2025 4759 ct
2044 4713 2111 4780 ego
2124 4691 2172 4757 in·

139 4775 215 4847 rici.
242 4777 342 4845 aiunt
362 4777 519 4867 linguam
546 4770 728 4848 horridam
751 4805 840 4862 csse,
867 4796 902 4852 et
916 4806 1005 4875 pene
1022 4784 1129 4852 amis-
1180 4808 1293 4875 genae
1313 4784 1458 4854 caeteris
1480 4782 1611 4873 linguis
1633 4806 1735 4852 suum
1751 4785 1856 4852 decus
1871 4783 2061 4875 tribuam,
2087 4806 2120 4864 et
2135 4790 2172 4860 ab

281 1993 409 2060 Oratio
432 1986 480 2057 cle
499 1984 627 2056 studio
648 1987 803 2080 linguae
817 1981 996 2056 Eborac.

139 4898 230 4944 sam:
258 4903 321 4947 nec
340 4881 449 4961 multo
473 4877 602 4949 certius
624 4905 698 4949 eam
723 4884 856 4976 percipi
877 4909 996 4977 posse,
1019 4910 1127 4979 quarn
1176 4887 1252 4965 ,iltis
1268 4887 1486 4974 elegantibus
1501 4899 1537 4956 et
1552 4887 1664 4957 doctis
1685 4880 1894 4954 bominibus
1909 4901 2022 4978 peto,
2048 4907 2173 4965 utmo-

137 4977 166 5048 si
182 5002 278 5045 ntrnc
295 4980 442 5051 velimus
460 4977 717 5074 Aegyptiorum
745 4981 1026 5080 hieroglyphicas
1046 4987 1127 5056 lite·
1179 4989 1359 5059 numentis
1373 4984 1521 5058 Ebraeis
1542 4990 1645 5058 etiarn
1671 5012 1771 5057 suum
1796 4987 1918 5058 locum
1941 4998 2097 5067 concedi
2120 5020 2172 5087 pa·

138 5104 194 5150 ras
220 5079 455 5170 interpretari.
514 5081 652 5154 Deinde
678 5110 732 5156 res
756 5091 956 5160 anteferunt
982 5086 1127 5159 Graecis
1179 5091 1323 5163 tiantur.
1382 5091 1590 5176 Adsentior,
1623 5083 1891 5179 Philosophiam
1912 5090 2063 5185 integre
2086 5122 2172 5169 coar-

138 5182 317 5252 etLatinis
334 5183 442 5252 literis
458 5185 611 5255 traditas.
645 5184 786 5258 Etdum
803 5186 909 5259 haas
925 5192 1126 5261 barbaricae
1178 5190 1390 5285 prehensam
1421 5216 1493 5262 esse
1526 5191 1673 5264 Graecis
1705 5191 1833 5274 literis,
1864 5206 1900 5263 et
1928 5189 2172 5287 historiarum,

138 5284 279 5372 linguae
301 5284 424 5353 sibilos
441 5310 481 5355 ac
504 5289 673 5359 stridores
695 5305 875 5386 utcunque
900 5294 1032 5363 imitari
1051 5310 1126 5364 stu·
1178 5302 1397 5387 poe'matum,
1423 5308 1456 5366 et
1472 5307 1654 5364 oratorum
1669 5290 1888 5362 Graecorum
1913 5296 2077 5373 lectione
2092 5298 2170 5372 nibil

138 5387 279 5471 demus,
311 5387 341 5454 si
368 5400 484 5457 tamen
509 5390 640 5461 imitari
663 5393 849 5486 qrrisquam
877 5411 1007 5484 potest,
1039 5398 1125 5466 dum
1178 5398 1318 5467 dulcius
1335 5422 1425 5484 esse,
1456 5400 1546 5466 etad
1563 5397 1750 5487 regendam
1768 5399 1876 5465 sitam
1892 5399 2048 5473 civilem
2065 5428 2169 5476 exem·

136 5481 281 5577 phrases
309 5488 539 5561 alienissimas
570 5518 589 5563 a
616 5491 753 5564 Graeca
785 5511 818 5568 et
846 5494 974 5568 Latina
1004 5499 1126 5587 lingua
1177 5501 1235 5593 pla
1259 5500 1411 5571 illustria
1435 5513 1470 5571 et
1490 5499 1574 5571 satis
1598 5499 1708 5568 multa
1737 5498 1775 5567 in
1797 5495 1954 5573 Graecis
1981 5520 2020 5578 et
2044 5505 2169 5579 Latinis
