<?xml version="1.0" encoding="UTF-8"?>
<!DOCTYPE html PUBLIC "-//W3C//DTD XHTML 1.0 Transitional//EN"
    "http://www.w3.org/TR/xhtml1/DTD/xhtml1-transitional.dtd">
<html xmlns="http://www.w3.org/1999/xhtml" xml:lang="en" lang="en">
 <head>
  <title>
</title>
<meta http-equiv="Content-Type" content="text/html;charset=utf-8" />
  <meta name='ocr-system' content='tesseract 3.04.00' />
  <meta name='ocr-capabilities' content='ocr_page ocr_carea ocr_par ocr_line ocrx_word'/>
</head>
<body>
  <div class='ocr_page' id='page_1' title='image "./philippimelanth00bretgoog_0218.png"; bbox 0 0 4664 6022; ppageno 0'>
   <div class='ocr_carea' id='block_1_1' title="bbox 143 245 2197 392">
    <p class='ocr_par' dir='ltr' id='par_1_1' title="bbox 143 245 2197 392">
     <span class='ocr_line' id='line_1_1' title="bbox 143 245 2197 392; baseline -0.003 -11"><span class='ocrx_word' id='word_1_1' title='bbox 143 300 224 383; x_wconf 76' lang='lat' dir='ltr'><strong>ros</strong></span> <span class='ocrx_word' id='word_1_2' title='bbox 654 302 815 383; x_wconf 77' lang='lat' dir='ltr'><strong>uror.</strong></span> <span class='ocrx_word' id='word_1_3' title='bbox 849 304 925 382; x_wconf 87' lang='lat' dir='ltr'><strong>uu</strong></span> <span class='ocrx_word' id='word_1_4' title='bbox 957 245 1248 384; x_wconf 68' lang='lat' dir='ltr'><strong>euasere.</strong></span> <span class='ocrx_word' id='word_1_5' title='bbox 1277 300 1336 375; x_wconf 85' lang='lat' dir='ltr'><strong>1u</strong></span> <span class='ocrx_word' id='word_1_6' title='bbox 1367 297 1686 379; x_wconf 84' lang='lat' dir='ltr'><strong>uouuuuu.</strong></span> <span class='ocrx_word' id='word_1_7' title='bbox 2122 311 2197 392; x_wconf 79' lang='lat' dir='ltr'><strong>toa</strong></span> 
     </span>
    </p>
   </div>
   <div class='ocr_carea' id='block_1_2' title="bbox 93 475 2193 5467">
    <p class='ocr_par' dir='ltr' id='par_1_2' title="bbox 93 475 2193 5467">
     <span class='ocr_line' id='line_1_2' title="bbox 93 475 2191 576; baseline 0.015 -45"><span class='ocrx_word' id='word_1_8' title='bbox 93 526 96 531; x_wconf 92' lang='lat'><em>.</em></span> <span class='ocrx_word' id='word_1_9' title='bbox 141 478 217 551; x_wconf 51' lang='lat' dir='ltr'><strong>sul</strong></span> <span class='ocrx_word' id='word_1_10' title='bbox 239 498 306 568; x_wconf 60' lang='grc' dir='ltr'><strong>,μ</strong></span> <span class='ocrx_word' id='word_1_11' title='bbox 327 476 531 564; x_wconf 60' lang='lat' dir='ltr'><strong>videamus,</strong></span> <span class='ocrx_word' id='word_1_12' title='bbox 563 480 649 573; x_wconf 68' lang='lat' dir='ltr'><strong>quid</strong></span> <span class='ocrx_word' id='word_1_13' title='bbox 674 482 730 551; x_wconf 71' lang='lat'><strong>5111</strong></span> <span class='ocrx_word' id='word_1_14' title='bbox 752 482 831 551; x_wconf 74' lang='lat' dir='ltr'><strong>vim</strong></span> <span class='ocrx_word' id='word_1_15' title='bbox 853 483 1007 569; x_wconf 69' lang='lat' dir='ltr'><strong>tribuae,</strong></span> <span class='ocrx_word' id='word_1_16' title='bbox 1039 506 1143 576; x_wconf 72' lang='lat' dir='ltr'><strong>quem</strong></span> <span class='ocrx_word' id='word_1_17' title='bbox 1195 475 1309 545; x_wconf 86' lang='lat' dir='ltr'><strong>virtus</strong></span> <span class='ocrx_word' id='word_1_18' title='bbox 1333 475 1485 545; x_wconf 84' lang='lat' dir='ltr'><strong>exerceri</strong></span> <span class='ocrx_word' id='word_1_19' title='bbox 1511 500 1551 547; x_wconf 91' lang='lat' dir='ltr'><strong>ac</strong></span> <span class='ocrx_word' id='word_1_20' title='bbox 1572 478 1721 566; x_wconf 87' lang='lat' dir='ltr'><strong>spectari</strong></span> <span class='ocrx_word' id='word_1_21' title='bbox 1746 479 1845 550; x_wconf 81' lang='lat' dir='ltr'><strong>solet.</strong></span> <span class='ocrx_word' id='word_1_22' title='bbox 1899 480 2136 562; x_wconf 76' lang='lat' dir='ltr'>Memorabile</span> <span class='ocrx_word' id='word_1_23' title='bbox 2157 509 2191 569; x_wconf 90' lang='lat' dir='ltr'><strong>et</strong></span> 
     </span>
     <span class='ocr_line' id='line_1_3' title="bbox 140 574 2191 678; baseline 0.008 -29"><span class='ocrx_word' id='word_1_24' title='bbox 140 580 353 673; x_wconf 84' lang='lat' dir='ltr'><strong>politicum,</strong></span> <span class='ocrx_word' id='word_1_25' title='bbox 385 605 491 673; x_wconf 91' lang='lat' dir='ltr'><strong>quem</strong></span> <span class='ocrx_word' id='word_1_26' title='bbox 517 580 718 676; x_wconf 86' lang='lat' dir='ltr'>Principem</span> <span class='ocrx_word' id='word_1_27' title='bbox 744 585 781 653; x_wconf 93' lang='lat' dir='ltr'><strong>iu</strong></span> <span class='ocrx_word' id='word_1_28' title='bbox 809 582 951 676; x_wconf 88' lang='lat' dir='ltr'><strong>Repub.</strong></span> <span class='ocrx_word' id='word_1_29' title='bbox 973 610 1076 678; x_wconf 91' lang='lat' dir='ltr'><strong>quem</strong></span> <span class='ocrx_word' id='word_1_30' title='bbox 1100 584 1144 653; x_wconf 87' lang='lat' dir='ltr'><strong>iis</strong></span> <span class='ocrx_word' id='word_1_31' title='bbox 1196 574 1263 648; x_wconf 90' lang='lat' dir='ltr'><strong>boc</strong></span> <span class='ocrx_word' id='word_1_32' title='bbox 1289 589 1358 662; x_wconf 90' lang='lat' dir='ltr'><strong>est,</strong></span> <span class='ocrx_word' id='word_1_33' title='bbox 1383 581 1479 671; x_wconf 92' lang='lat' dir='ltr'><strong>quod</strong></span> <span class='ocrx_word' id='word_1_34' title='bbox 1504 583 1653 648; x_wconf 88' lang='lat' dir='ltr'><strong>eundem</strong></span> <span class='ocrx_word' id='word_1_35' title='bbox 1677 596 1712 650; x_wconf 90' lang='lat' dir='ltr'><strong>et</strong></span> <span class='ocrx_word' id='word_1_36' title='bbox 1726 585 2040 672; x_wconf 89' lang='lat' dir='ltr'><strong>prudentissimum</strong></span> <span class='ocrx_word' id='word_1_37' title='bbox 2057 595 2139 665; x_wconf 83' lang='lat' dir='ltr'><strong>facit</strong></span> <span class='ocrx_word' id='word_1_38' title='bbox 2158 615 2191 671; x_wconf 87' lang='lat' dir='ltr'><strong>et</strong></span> 
     </span>
     <span class='ocr_line' id='line_1_4' title="bbox 141 679 2190 779; baseline 0.01 -28"><span class='ocrx_word' id='word_1_39' title='bbox 141 682 284 777; x_wconf 75' lang='lat' dir='ltr'><strong>ingenii</strong></span> <span class='ocrx_word' id='word_1_40' title='bbox 302 681 465 765; x_wconf 90' lang='lat' dir='ltr'><strong>dotibus,</strong></span> <span class='ocrx_word' id='word_1_41' title='bbox 491 682 606 776; x_wconf 88' lang='lat' dir='ltr'><strong>iisque</strong></span> <span class='ocrx_word' id='word_1_42' title='bbox 620 686 757 755; x_wconf 89' lang='lat' dir='ltr'><strong>artibus</strong></span> <span class='ocrx_word' id='word_1_43' title='bbox 774 712 812 756; x_wconf 89' lang='lat' dir='ltr'><strong>ac</strong></span> <span class='ocrx_word' id='word_1_44' title='bbox 828 687 1018 757; x_wconf 84' lang='lat' dir='ltr'><strong>virtutibus</strong></span> <span class='ocrx_word' id='word_1_45' title='bbox 1041 710 1143 779; x_wconf 89' lang='lat' dir='ltr'><strong>prae·</strong></span> <span class='ocrx_word' id='word_1_46' title='bbox 1195 679 1533 772; x_wconf 84' lang='lat' dir='ltr'><strong>eloquentissimum,</strong></span> <span class='ocrx_word' id='word_1_47' title='bbox 1552 682 1749 775; x_wconf 74' lang='lat' dir='ltr'>tribuitque</span> <span class='ocrx_word' id='word_1_48' title='bbox 1763 685 1793 751; x_wconf 87' lang='lat' dir='ltr'><strong>ei</strong></span> <span class='ocrx_word' id='word_1_49' title='bbox 1810 689 2008 761; x_wconf 89' lang='lat' dir='ltr'><strong>orationem</strong></span> <span class='ocrx_word' id='word_1_50' title='bbox 2027 696 2190 773; x_wconf 89' lang='lat' dir='ltr'><strong>similiter</strong></span> 
     </span>
     <span class='ocr_line' id='line_1_5' title="bbox 140 775 2188 888; baseline 0.007 -33"><span class='ocrx_word' id='word_1_51' title='bbox 140 786 261 857; x_wconf 84' lang='lat' dir='ltr'><strong>ditum</strong></span> <span class='ocrx_word' id='word_1_52' title='bbox 284 783 407 873; x_wconf 82' lang='lat' dir='ltr'><strong>lingit,</strong></span> <span class='ocrx_word' id='word_1_53' title='bbox 442 785 573 878; x_wconf 91' lang='lat' dir='ltr'><strong>quibus</strong></span> <span class='ocrx_word' id='word_1_54' title='bbox 598 788 756 858; x_wconf 86' lang='lat' dir='ltr'><strong>civitates</strong></span> <span class='ocrx_word' id='word_1_55' title='bbox 781 791 819 857; x_wconf 92' lang='lat' dir='ltr'><strong>iu</strong></span> <span class='ocrx_word' id='word_1_56' title='bbox 846 814 927 879; x_wconf 90' lang='lat' dir='ltr'><strong>pace</strong></span> <span class='ocrx_word' id='word_1_57' title='bbox 950 790 1078 858; x_wconf 82' lang='lat' dir='ltr'><strong>llorere</strong></span> <span class='ocrx_word' id='word_1_58' title='bbox 1103 813 1142 857; x_wconf 89' lang='lat' dir='ltr'><strong>ac</strong></span> <span class='ocrx_word' id='word_1_59' title='bbox 1195 782 1405 851; x_wconf 72' lang='lat' dir='ltr'><strong>fluminibus</strong></span> <span class='ocrx_word' id='word_1_60' title='bbox 1433 775 1593 851; x_wconf 65' lang='lat' dir='ltr'><strong>hibernis</strong></span> <span class='ocrx_word' id='word_1_61' title='bbox 1624 785 1768 855; x_wconf 67' lang='lat' dir='ltr'><strong>nivibus</strong></span> <span class='ocrx_word' id='word_1_62' title='bbox 1801 790 1910 858; x_wconf 68' lang='lat' dir='ltr'><strong>auctis</strong></span> <span class='ocrx_word' id='word_1_63' title='bbox 1939 792 2128 888; x_wconf 83' lang='lat' dir='ltr'><strong>fluentem,</strong></span> <span class='ocrx_word' id='word_1_64' title='bbox 2156 820 2188 877; x_wconf 84' lang='lat' dir='ltr'><strong>et</strong></span> 
     </span>
     <span class='ocr_line' id='line_1_6' title="bbox 141 884 2188 994; baseline 0.005 -38"><span class='ocrx_word' id='word_1_65' title='bbox 141 886 339 979; x_wconf 76' lang='lat' dir='ltr'><strong>gubernari</strong></span> <span class='ocrx_word' id='word_1_66' title='bbox 353 886 489 972; x_wconf 83' lang='lat' dir='ltr'><strong>solent,</strong></span> <span class='ocrx_word' id='word_1_67' title='bbox 517 887 551 955; x_wconf 90' lang='lat' dir='ltr'><strong>id</strong></span> <span class='ocrx_word' id='word_1_68' title='bbox 569 890 666 958; x_wconf 86' lang='lat' dir='ltr'><strong>enirn</strong></span> <span class='ocrx_word' id='word_1_69' title='bbox 681 904 928 980; x_wconf 71' lang='lat' dir='ltr'><strong>argumentum</strong></span> <span class='ocrx_word' id='word_1_70' title='bbox 946 905 1067 960; x_wconf 79' lang='lat' dir='ltr'><strong>nostro</strong></span> <span class='ocrx_word' id='word_1_71' title='bbox 1086 891 1142 959; x_wconf 87' lang='lat' dir='ltr'><strong>in.</strong></span> <span class='ocrx_word' id='word_1_72' title='bbox 1194 885 1344 975; x_wconf 88' lang='lat' dir='ltr'><strong>opponit</strong></span> <span class='ocrx_word' id='word_1_73' title='bbox 1364 906 1404 952; x_wconf 86' lang='lat' dir='ltr'><strong>ac</strong></span> <span class='ocrx_word' id='word_1_74' title='bbox 1426 884 1563 954; x_wconf 80' lang='lat' dir='ltr'><strong>confert</strong></span> <span class='ocrx_word' id='word_1_75' title='bbox 1583 886 1677 954; x_wconf 89' lang='lat' dir='ltr'><strong>inter</strong></span> <span class='ocrx_word' id='word_1_76' title='bbox 1699 911 1736 955; x_wconf 89' lang='lat' dir='ltr'><strong>sc</strong></span> <span class='ocrx_word' id='word_1_77' title='bbox 1756 891 1827 958; x_wconf 93' lang='lat' dir='ltr'><strong>duo</strong></span> <span class='ocrx_word' id='word_1_78' title='bbox 1851 893 2100 993; x_wconf 79' lang='lat' dir='ltr'><strong>perfectissima</strong></span> <span class='ocrx_word' id='word_1_79' title='bbox 2127 928 2188 994; x_wconf 74' lang='lat' dir='ltr'><strong>ge.</strong></span> 
     </span>
     <span class='ocr_line' id='line_1_7' title="bbox 141 985 2185 1091; baseline 0.007 -32"><span class='ocrx_word' id='word_1_80' title='bbox 141 988 268 1059; x_wconf 83' lang='lat' dir='ltr'><strong>stituto</strong></span> <span class='ocrx_word' id='word_1_81' title='bbox 293 989 441 1080; x_wconf 86' lang='lat' dir='ltr'><strong>propius</strong></span> <span class='ocrx_word' id='word_1_82' title='bbox 466 1011 540 1059; x_wconf 85' lang='lat' dir='ltr'><strong>esse</strong></span> <span class='ocrx_word' id='word_1_83' title='bbox 563 990 713 1062; x_wconf 89' lang='lat' dir='ltr'><strong>videtur.</strong></span> <span class='ocrx_word' id='word_1_84' title='bbox 774 992 933 1063; x_wconf 84' lang='lat' dir='ltr'><strong>Primum</strong></span> <span class='ocrx_word' id='word_1_85' title='bbox 960 994 1086 1063; x_wconf 82' lang='lat' dir='ltr'><strong>triluiit</strong></span> <span class='ocrx_word' id='word_1_86' title='bbox 1108 993 1139 1060; x_wconf 87' lang='lat' dir='ltr'><strong>ei</strong></span> <span class='ocrx_word' id='word_1_87' title='bbox 1193 1009 1277 1054; x_wconf 84' lang='lat' dir='ltr'><strong>nera</strong></span> <span class='ocrx_word' id='word_1_88' title='bbox 1295 986 1456 1070; x_wconf 89' lang='lat' dir='ltr'><strong>dicendi,</strong></span> <span class='ocrx_word' id='word_1_89' title='bbox 1487 988 1524 1054; x_wconf 90' lang='lat' dir='ltr'><strong>in</strong></span> <span class='ocrx_word' id='word_1_90' title='bbox 1541 985 1705 1056; x_wconf 89' lang='lat' dir='ltr'><strong>Menelao</strong></span> <span class='ocrx_word' id='word_1_91' title='bbox 1721 1003 1755 1059; x_wconf 92' lang='lat' dir='ltr'><strong>et</strong></span> <span class='ocrx_word' id='word_1_92' title='bbox 1773 989 1908 1084; x_wconf 82' lang='lat' dir='ltr'><strong>Ulysse.</strong></span> <span class='ocrx_word' id='word_1_93' title='bbox 1962 995 2081 1091; x_wconf 86' lang='lat' dir='ltr'><strong>Fingit</strong></span> <span class='ocrx_word' id='word_1_94' title='bbox 2100 1007 2185 1079; x_wconf 89' lang='lat' dir='ltr'><strong>item</strong></span> 
     </span>
     <span class='ocr_line' id='line_1_8' title="bbox 144 1087 2185 1185; baseline 0.01 -25"><span class='ocrx_word' id='word_1_95' title='bbox 144 1090 324 1179; x_wconf 83' lang='lat' dir='ltr'><strong>ingentem</strong></span> <span class='ocrx_word' id='word_1_96' title='bbox 347 1114 504 1160; x_wconf 89' lang='lat' dir='ltr'><strong>amorem</strong></span> <span class='ocrx_word' id='word_1_97' title='bbox 528 1115 608 1182; x_wconf 88' lang='lat' dir='ltr'><strong>erga</strong></span> <span class='ocrx_word' id='word_1_98' title='bbox 639 1096 806 1185; x_wconf 89' lang='lat' dir='ltr'><strong>patriam,</strong></span> <span class='ocrx_word' id='word_1_99' title='bbox 838 1120 918 1164; x_wconf 89' lang='lat' dir='ltr'><strong>eum</strong></span> <span class='ocrx_word' id='word_1_100' title='bbox 943 1097 1036 1163; x_wconf 86' lang='lat' dir='ltr'><strong>enim</strong></span> <span class='ocrx_word' id='word_1_101' title='bbox 1065 1108 1140 1185; x_wconf 91' lang='lat' dir='ltr'><strong>post</strong></span> <span class='ocrx_word' id='word_1_102' title='bbox 1194 1112 1273 1156; x_wconf 80' lang='lat' dir='ltr'><strong>eum</strong></span> <span class='ocrx_word' id='word_1_103' title='bbox 1307 1087 1380 1177; x_wconf 88' lang='lat' dir='ltr'><strong>regi</strong></span> <span class='ocrx_word' id='word_1_104' title='bbox 1415 1102 1450 1159; x_wconf 92' lang='lat' dir='ltr'><strong>et</strong></span> <span class='ocrx_word' id='word_1_105' title='bbox 1482 1089 1650 1157; x_wconf 89' lang='lat' dir='ltr'><strong>custodiri</strong></span> <span class='ocrx_word' id='word_1_106' title='bbox 1684 1115 1703 1158; x_wconf 87' lang='lat' dir='ltr'><strong>a</strong></span> <span class='ocrx_word' id='word_1_107' title='bbox 1733 1090 1918 1182; x_wconf 89' lang='lat' dir='ltr'><strong>Minerva,</strong></span> <span class='ocrx_word' id='word_1_108' title='bbox 1952 1115 1992 1170; x_wconf 93' lang='lat' dir='ltr'><strong>ut</strong></span> <span class='ocrx_word' id='word_1_109' title='bbox 2024 1112 2185 1185; x_wconf 89' lang='lat' dir='ltr'><strong>ostendat</strong></span> 
     </span>
     <span class='ocr_line' id='line_1_9' title="bbox 141 1187 2186 1290; baseline 0.009 -27"><span class='ocrx_word' id='word_1_110' title='bbox 141 1189 259 1263; x_wconf 85' lang='lat' dir='ltr'><strong>Deum</strong></span> <span class='ocrx_word' id='word_1_111' title='bbox 282 1191 438 1284; x_wconf 88' lang='lat' dir='ltr'><strong>primum</strong></span> <span class='ocrx_word' id='word_1_112' title='bbox 458 1195 607 1282; x_wconf 79' lang='lat' dir='ltr'><strong>gradum</strong></span> <span class='ocrx_word' id='word_1_113' title='bbox 626 1196 781 1285; x_wconf 88' lang='lat' dir='ltr'><strong>pietatis,</strong></span> <span class='ocrx_word' id='word_1_114' title='bbox 807 1197 959 1287; x_wconf 91' lang='lat' dir='ltr'><strong>primum</strong></span> <span class='ocrx_word' id='word_1_115' title='bbox 982 1198 1140 1265; x_wconf 88' lang='lat' dir='ltr'><strong>iusticiae</strong></span> <span class='ocrx_word' id='word_1_116' title='bbox 1194 1212 1339 1277; x_wconf 79' lang='lat' dir='ltr'><strong>magnos</strong></span> <span class='ocrx_word' id='word_1_117' title='bbox 1353 1189 1449 1257; x_wconf 77' lang='lat' dir='ltr'><strong>viros</strong></span> <span class='ocrx_word' id='word_1_118' title='bbox 1465 1187 1540 1259; x_wconf 84' lang='lat' dir='ltr'><strong>Deo</strong></span> <span class='ocrx_word' id='word_1_119' title='bbox 1557 1215 1660 1259; x_wconf 85' lang='lat' dir='ltr'><strong>curae</strong></span> <span class='ocrx_word' id='word_1_120' title='bbox 1675 1216 1761 1276; x_wconf 78' lang='lat' dir='ltr'><strong>esse,</strong></span> <span class='ocrx_word' id='word_1_121' title='bbox 1787 1196 1932 1290; x_wconf 87' lang='lat' dir='ltr'><strong>eiusque</strong></span> <span class='ocrx_word' id='word_1_122' title='bbox 1949 1206 2081 1278; x_wconf 78' lang='lat' dir='ltr'><strong>airrilio</strong></span> <span class='ocrx_word' id='word_1_123' title='bbox 2098 1215 2186 1283; x_wconf 89' lang='lat' dir='ltr'><strong>sub-</strong></span> 
     </span>
     <span class='ocr_line' id='line_1_10' title="bbox 143 1290 2186 1403; baseline 0.009 -38"><span class='ocrx_word' id='word_1_124' title='bbox 143 1316 217 1365; x_wconf 80' lang='lat' dir='ltr'><strong>esse</strong></span> <span class='ocrx_word' id='word_1_125' title='bbox 239 1293 383 1368; x_wconf 86' lang='lat' dir='ltr'><strong>scimus.</strong></span> <span class='ocrx_word' id='word_1_126' title='bbox 434 1290 482 1367; x_wconf 80' lang='lat' dir='ltr'><strong>Et</strong></span> <span class='ocrx_word' id='word_1_127' title='bbox 496 1294 609 1366; x_wconf 88' lang='lat' dir='ltr'><strong>Solon</strong></span> <span class='ocrx_word' id='word_1_128' title='bbox 632 1301 725 1387; x_wconf 90' lang='lat' dir='ltr'><strong>apud</strong></span> <span class='ocrx_word' id='word_1_129' title='bbox 744 1298 932 1382; x_wconf 82' lang='lat' dir='ltr'>Croesum,</span> <span class='ocrx_word' id='word_1_130' title='bbox 965 1315 1004 1369; x_wconf 94' lang='lat' dir='ltr'><strong>ut</strong></span> <span class='ocrx_word' id='word_1_131' title='bbox 1023 1298 1140 1369; x_wconf 80' lang='lat' dir='ltr'><strong>llere·</strong></span> <span class='ocrx_word' id='word_1_132' title='bbox 1194 1290 1312 1379; x_wconf 79' lang='lat' dir='ltr'><strong>nixos,</strong></span> <span class='ocrx_word' id='word_1_133' title='bbox 1339 1315 1394 1359; x_wconf 89' lang='lat' dir='ltr'><strong>res</strong></span> <span class='ocrx_word' id='word_1_134' title='bbox 1418 1292 1691 1362; x_wconf 86' lang='lat' dir='ltr'><strong>tautaselticere.</strong></span> <span class='ocrx_word' id='word_1_135' title='bbox 1745 1295 1856 1366; x_wconf 87' lang='lat' dir='ltr'><strong>Porro</strong></span> <span class='ocrx_word' id='word_1_136' title='bbox 1874 1325 1953 1369; x_wconf 92' lang='lat' dir='ltr'><strong>cum</strong></span> <span class='ocrx_word' id='word_1_137' title='bbox 1971 1302 2124 1403; x_wconf 79' lang='lat' dir='ltr'><strong>Cyclope</strong></span> <span class='ocrx_word' id='word_1_138' title='bbox 2150 1327 2186 1386; x_wconf 89' lang='lat' dir='ltr'><strong>et</strong></span> 
     </span>
     <span class='ocr_line' id='line_1_11' title="bbox 144 1395 2182 1495; baseline 0.008 -26"><span class='ocrx_word' id='word_1_139' title='bbox 144 1398 253 1469; x_wconf 85' lang='lat' dir='ltr'><strong>dotus</strong></span> <span class='ocrx_word' id='word_1_140' title='bbox 267 1395 394 1478; x_wconf 77' lang='lat' dir='ltr'><strong>refert,</strong></span> <span class='ocrx_word' id='word_1_141' title='bbox 420 1397 575 1488; x_wconf 89' lang='lat' dir='ltr'><strong>primum</strong></span> <span class='ocrx_word' id='word_1_142' title='bbox 595 1401 795 1470; x_wconf 74' lang='lat' dir='ltr'><strong>foelicitatis</strong></span> <span class='ocrx_word' id='word_1_143' title='bbox 815 1403 963 1490; x_wconf 90' lang='lat' dir='ltr'><strong>gradum</strong></span> <span class='ocrx_word' id='word_1_144' title='bbox 979 1401 1139 1488; x_wconf 79' lang='lat' dir='ltr'><strong>adsignat</strong></span> <span class='ocrx_word' id='word_1_145' title='bbox 1192 1416 1271 1459; x_wconf 82' lang='lat' dir='ltr'><strong>cum</strong></span> <span class='ocrx_word' id='word_1_146' title='bbox 1286 1395 1402 1483; x_wconf 80' lang='lat' dir='ltr'><strong>proris</strong></span> <span class='ocrx_word' id='word_1_147' title='bbox 1418 1417 1497 1460; x_wconf 79' lang='lat' dir='ltr'><strong>eum</strong></span> <span class='ocrx_word' id='word_1_148' title='bbox 1515 1395 1776 1484; x_wconf 68' lang='lat' dir='ltr'>depugnantem</span> <span class='ocrx_word' id='word_1_149' title='bbox 1800 1399 1900 1484; x_wconf 83' lang='lat' dir='ltr'><strong>lacit,</strong></span> <span class='ocrx_word' id='word_1_150' title='bbox 1924 1399 1991 1474; x_wconf 90' lang='lat' dir='ltr'><strong>boc</strong></span> <span class='ocrx_word' id='word_1_151' title='bbox 2009 1423 2077 1495; x_wconf 90' lang='lat' dir='ltr'><strong>cst,</strong></span> <span class='ocrx_word' id='word_1_152' title='bbox 2102 1439 2182 1485; x_wconf 89' lang='lat' dir='ltr'><strong>curu</strong></span> 
     </span>
     <span class='ocr_line' id='line_1_12' title="bbox 142 1494 2184 1605; baseline 0.01 -38"><span class='ocrx_word' id='word_1_153' title='bbox 142 1498 215 1582; x_wconf 90' lang='lat' dir='ltr'><strong>illi,</strong></span> <span class='ocrx_word' id='word_1_154' title='bbox 243 1497 305 1591; x_wconf 91' lang='lat' dir='ltr'><strong>qui</strong></span> <span class='ocrx_word' id='word_1_155' title='bbox 321 1522 385 1589; x_wconf 94' lang='lat' dir='ltr'><strong>pro</strong></span> <span class='ocrx_word' id='word_1_156' title='bbox 400 1499 512 1588; x_wconf 91' lang='lat' dir='ltr'><strong>patria</strong></span> <span class='ocrx_word' id='word_1_157' title='bbox 527 1515 677 1569; x_wconf 91' lang='lat' dir='ltr'><strong>mortem</strong></span> <span class='ocrx_word' id='word_1_158' title='bbox 696 1505 914 1594; x_wconf 87' lang='lat' dir='ltr'><strong>oppetiisset:</strong></span> <span class='ocrx_word' id='word_1_159' title='bbox 939 1505 1139 1594; x_wconf 88' lang='lat' dir='ltr'><strong>proximum</strong></span> <span class='ocrx_word' id='word_1_160' title='bbox 1192 1494 1369 1586; x_wconf 81' lang='lat' dir='ltr'><strong>tyrannis,</strong></span> <span class='ocrx_word' id='word_1_161' title='bbox 1396 1508 1431 1565; x_wconf 74' lang='lat' dir='ltr'><strong>et</strong></span> <span class='ocrx_word' id='word_1_162' title='bbox 1452 1519 1531 1563; x_wconf 79' lang='lat' dir='ltr'><strong>cum</strong></span> <span class='ocrx_word' id='word_1_163' title='bbox 1553 1497 1729 1566; x_wconf 82' lang='lat' dir='ltr'><strong>seditiosis</strong></span> <span class='ocrx_word' id='word_1_164' title='bbox 1754 1502 1941 1595; x_wconf 80' lang='lat' dir='ltr'><strong>pravisque</strong></span> <span class='ocrx_word' id='word_1_165' title='bbox 1966 1503 2184 1605; x_wconf 87' lang='lat' dir='ltr'><strong>homiuibus,</strong></span> 
     </span>
     <span class='ocr_line' id='line_1_13' title="bbox 141 1597 2183 1696; baseline 0.01 -26"><span class='ocrx_word' id='word_1_166' title='bbox 141 1600 195 1685; x_wconf 86' lang='lat' dir='ltr'><strong>ei,</strong></span> <span class='ocrx_word' id='word_1_167' title='bbox 218 1598 285 1692; x_wconf 90' lang='lat' dir='ltr'><strong>qui</strong></span> <span class='ocrx_word' id='word_1_168' title='bbox 305 1600 470 1690; x_wconf 89' lang='lat' dir='ltr'><strong>pietatem</strong></span> <span class='ocrx_word' id='word_1_169' title='bbox 487 1603 693 1692; x_wconf 89' lang='lat' dir='ltr'><strong>parentibus</strong></span> <span class='ocrx_word' id='word_1_170' title='bbox 715 1605 954 1696; x_wconf 69' lang='lat' dir='ltr'><strong>praestitisset.</strong></span> <span class='ocrx_word' id='word_1_171' title='bbox 1008 1602 1054 1674; x_wconf 92' lang='lat' dir='ltr'><strong>Ut</strong></span> <span class='ocrx_word' id='word_1_172' title='bbox 1071 1604 1138 1693; x_wconf 88' lang='lat' dir='ltr'><strong>igi·</strong></span> <span class='ocrx_word' id='word_1_173' title='bbox 1191 1597 1343 1663; x_wconf 83' lang='lat' dir='ltr'><strong>aliorum</strong></span> <span class='ocrx_word' id='word_1_174' title='bbox 1367 1608 1445 1665; x_wconf 66' lang='lat'><strong>1⁰1⁰</strong></span> <span class='ocrx_word' id='word_1_175' title='bbox 1474 1610 1508 1666; x_wconf 73' lang='grc' dir='ltr'><strong>θῑ</strong></span> <span class='ocrx_word' id='word_1_176' title='bbox 1539 1598 1691 1666; x_wconf 68' lang='lat' dir='ltr'><strong>f⁰r¹¹¹¹¹3⁵</strong></span> <span class='ocrx_word' id='word_1_177' title='bbox 1717 1599 1989 1690; x_wconf 56' lang='lat' dir='ltr'><strong>infidffttnlibus,</strong></span> <span class='ocrx_word' id='word_1_178' title='bbox 2023 1638 2102 1685; x_wconf 88' lang='lat' dir='ltr'><strong>cum</strong></span> <span class='ocrx_word' id='word_1_179' title='bbox 2127 1615 2183 1692; x_wconf 86' lang='lat' dir='ltr'><strong>his</strong></span> 
     </span>
     <span class='ocr_line' id='line_1_14' title="bbox 142 1695 2183 1801; baseline 0.01 -29"><span class='ocrx_word' id='word_1_180' title='bbox 142 1717 200 1772; x_wconf 90' lang='lat' dir='ltr'><strong>tur</strong></span> <span class='ocrx_word' id='word_1_181' title='bbox 217 1700 281 1771; x_wconf 93' lang='lat' dir='ltr'><strong>ille</strong></span> <span class='ocrx_word' id='word_1_182' title='bbox 303 1724 405 1772; x_wconf 89' lang='lat' dir='ltr'><strong>amor</strong></span> <span class='ocrx_word' id='word_1_183' title='bbox 425 1704 577 1794; x_wconf 83' lang='lat' dir='ltr'><strong>patriae,</strong></span> <span class='ocrx_word' id='word_1_184' title='bbox 604 1707 641 1773; x_wconf 86' lang='lat' dir='ltr'><strong>iu</strong></span> <span class='ocrx_word' id='word_1_185' title='bbox 667 1700 733 1774; x_wconf 90' lang='lat' dir='ltr'><strong>boc</strong></span> <span class='ocrx_word' id='word_1_186' title='bbox 746 1708 825 1777; x_wconf 87' lang='lat' dir='ltr'><strong>viro</strong></span> <span class='ocrx_word' id='word_1_187' title='bbox 842 1707 1039 1776; x_wconf 78' lang='lat' dir='ltr'><strong>effunderet</strong></span> <span class='ocrx_word' id='word_1_188' title='bbox 1056 1728 1139 1789; x_wconf 84' lang='lat' dir='ltr'><strong>sese,</strong></span> <span class='ocrx_word' id='word_1_189' title='bbox 1191 1697 1285 1764; x_wconf 83' lang='lat' dir='ltr'><strong>enim</strong></span> <span class='ocrx_word' id='word_1_190' title='bbox 1303 1699 1443 1766; x_wconf 86' lang='lat' dir='ltr'><strong>duobus</strong></span> <span class='ocrx_word' id='word_1_191' title='bbox 1463 1700 1651 1786; x_wconf 86' lang='lat' dir='ltr'><strong>generibus</strong></span> <span class='ocrx_word' id='word_1_192' title='bbox 1673 1695 1859 1774; x_wconf 89' lang='lat' dir='ltr'><strong>homiuum</strong></span> <span class='ocrx_word' id='word_1_193' title='bbox 1875 1730 2012 1801; x_wconf 85' lang='lat' dir='ltr'><strong>semper</strong></span> <span class='ocrx_word' id='word_1_194' title='bbox 2032 1710 2183 1793; x_wconf 83' lang='lat' dir='ltr'><strong>heroicis</strong></span> 
     </span>
     <span class='ocr_line' id='line_1_15' title="bbox 142 1800 2182 1899; baseline 0.011 -26"><span class='ocrx_word' id='word_1_195' title='bbox 142 1817 174 1874; x_wconf 87' lang='lat' dir='ltr'><strong>ct</strong></span> <span class='ocrx_word' id='word_1_196' title='bbox 192 1802 370 1873; x_wconf 84' lang='lat' dir='ltr'><strong>illustrior</strong></span> <span class='ocrx_word' id='word_1_197' title='bbox 385 1804 496 1889; x_wconf 87' lang='lat' dir='ltr'><strong>lieret,</strong></span> <span class='ocrx_word' id='word_1_198' title='bbox 522 1806 620 1896; x_wconf 89' lang='lat' dir='ltr'><strong>fingit</strong></span> <span class='ocrx_word' id='word_1_199' title='bbox 635 1806 741 1879; x_wconf 77' lang='lat' dir='ltr'><strong>l&#39;oe&#39;ta</strong></span> <span class='ocrx_word' id='word_1_200' title='bbox 757 1810 969 1899; x_wconf 87' lang='lat' dir='ltr'><strong>multiplices</strong></span> <span class='ocrx_word' id='word_1_201' title='bbox 983 1808 1139 1878; x_wconf 88' lang='lat' dir='ltr'><strong>occasio-</strong></span> <span class='ocrx_word' id='word_1_202' title='bbox 1191 1815 1223 1869; x_wconf 88' lang='lat' dir='ltr'><strong>et</strong></span> <span class='ocrx_word' id='word_1_203' title='bbox 1243 1800 1499 1890; x_wconf 85' lang='lat' dir='ltr'><strong>praestantibus</strong></span> <span class='ocrx_word' id='word_1_204' title='bbox 1518 1801 1602 1870; x_wconf 59' lang='lat' dir='ltr'><strong>Visis</strong></span> <span class='ocrx_word' id='word_1_205' title='bbox 1625 1802 1717 1874; x_wconf 62' lang='lat' dir='ltr'><strong>lucie</strong></span> <span class='ocrx_word' id='word_1_206' title='bbox 1739 1829 1779 1873; x_wconf 69' lang='lat'><strong>³⁰</strong></span> <span class='ocrx_word' id='word_1_207' title='bbox 1802 1823 1979 1882; x_wconf 67' lang='lat' dir='ltr'><strong>certamen</strong></span> <span class='ocrx_word' id='word_1_208' title='bbox 2003 1818 2081 1892; x_wconf 81' lang='lat' dir='ltr'><strong>fuit.</strong></span> <span class='ocrx_word' id='word_1_209' title='bbox 2132 1822 2182 1895; x_wconf 90' lang='lat' dir='ltr'><strong>Et</strong></span> 
     </span>
     <span class='ocr_line' id='line_1_16' title="bbox 143 1899 2182 2004; baseline 0.012 -31"><span class='ocrx_word' id='word_1_210' title='bbox 143 1930 220 1988; x_wconf 88' lang='lat' dir='ltr'><strong>nes,</strong></span> <span class='ocrx_word' id='word_1_211' title='bbox 246 1917 281 1973; x_wconf 89' lang='lat' dir='ltr'><strong>et</strong></span> <span class='ocrx_word' id='word_1_212' title='bbox 296 1905 392 1974; x_wconf 90' lang='lat' dir='ltr'><strong>varia</strong></span> <span class='ocrx_word' id='word_1_213' title='bbox 409 1906 671 1997; x_wconf 88' lang='lat' dir='ltr'><strong>impedimenta,</strong></span> <span class='ocrx_word' id='word_1_214' title='bbox 696 1910 825 2002; x_wconf 90' lang='lat' dir='ltr'><strong>quibos</strong></span> <span class='ocrx_word' id='word_1_215' title='bbox 843 1912 918 1980; x_wconf 89' lang='lat' dir='ltr'><strong>eius</strong></span> <span class='ocrx_word' id='word_1_216' title='bbox 934 1910 972 1978; x_wconf 93' lang='lat' dir='ltr'><strong>iu</strong></span> <span class='ocrx_word' id='word_1_217' title='bbox 987 1911 1137 2002; x_wconf 90' lang='lat' dir='ltr'><strong>patriam</strong></span> <span class='ocrx_word' id='word_1_218' title='bbox 1191 1903 1285 1993; x_wconf 82' lang='lat' dir='ltr'><strong>quod</strong></span> <span class='ocrx_word' id='word_1_219' title='bbox 1309 1899 1349 1969; x_wconf 73' lang='lat'><strong>5¹1</strong></span> <span class='ocrx_word' id='word_1_220' title='bbox 1372 1902 1494 1992; x_wconf 69' lang='lat' dir='ltr'><strong>primis</strong></span> <span class='ocrx_word' id='word_1_221' title='bbox 1517 1917 1567 1971; x_wconf 87' lang='lat' dir='ltr'><strong>cst</strong></span> <span class='ocrx_word' id='word_1_222' title='bbox 1582 1905 1860 1993; x_wconf 85' lang='lat' dir='ltr'><strong>observandum,</strong></span> <span class='ocrx_word' id='word_1_223' title='bbox 1885 1915 2182 2004; x_wconf 90' lang='lat' dir='ltr'><strong>patientissimum</strong></span> 
     </span>
     <span class='ocr_line' id='line_1_17' title="bbox 140 2004 2181 2114; baseline 0.009 -35"><span class='ocrx_word' id='word_1_224' title='bbox 140 2006 282 2079; x_wconf 88' lang='lat' dir='ltr'><strong>reditus</strong></span> <span class='ocrx_word' id='word_1_225' title='bbox 309 2004 572 2099; x_wconf 90' lang='lat' dir='ltr'><strong>interpellatur,</strong></span> <span class='ocrx_word' id='word_1_226' title='bbox 610 2036 690 2080; x_wconf 91' lang='lat' dir='ltr'><strong>cum</strong></span> <span class='ocrx_word' id='word_1_227' title='bbox 721 2013 850 2105; x_wconf 91' lang='lat' dir='ltr'><strong>quibus</strong></span> <span class='ocrx_word' id='word_1_228' title='bbox 882 2013 1048 2081; x_wconf 89' lang='lat' dir='ltr'><strong>omuibus</strong></span> <span class='ocrx_word' id='word_1_229' title='bbox 1078 2012 1137 2079; x_wconf 89' lang='lat' dir='ltr'><strong>ille</strong></span> <span class='ocrx_word' id='word_1_230' title='bbox 1190 2028 1269 2074; x_wconf 74' lang='lat' dir='ltr'><strong>tum</strong></span> <span class='ocrx_word' id='word_1_231' title='bbox 1292 2028 1331 2071; x_wconf 83' lang='lat' dir='ltr'><strong>ac</strong></span> <span class='ocrx_word' id='word_1_232' title='bbox 1356 2005 1569 2094; x_wconf 75' lang='lat' dir='ltr'><strong>pertinacem</strong></span> <span class='ocrx_word' id='word_1_233' title='bbox 1589 2009 1762 2099; x_wconf 88' lang='lat' dir='ltr'><strong>propositi</strong></span> <span class='ocrx_word' id='word_1_234' title='bbox 1789 2009 1908 2101; x_wconf 87' lang='lat' dir='ltr'><strong>fingit,</strong></span> <span class='ocrx_word' id='word_1_235' title='bbox 1940 2019 2071 2114; x_wconf 92' lang='lat' dir='ltr'><strong>quique</strong></span> <span class='ocrx_word' id='word_1_236' title='bbox 2093 2027 2181 2101; x_wconf 88' lang='lat' dir='ltr'><strong>dum</strong></span> 
     </span>
     <span class='ocr_line' id='line_1_18' title="bbox 141 2107 2181 2206; baseline 0.01 -26"><span class='ocrx_word' id='word_1_237' title='bbox 141 2107 315 2192; x_wconf 83' lang='lat' dir='ltr'><strong>consilio,</strong></span> <span class='ocrx_word' id='word_1_238' title='bbox 347 2110 501 2191; x_wconf 91' lang='lat' dir='ltr'><strong>ratione,</strong></span> <span class='ocrx_word' id='word_1_239' title='bbox 536 2112 672 2181; x_wconf 90' lang='lat' dir='ltr'><strong>viribus</strong></span> <span class='ocrx_word' id='word_1_240' title='bbox 704 2114 813 2183; x_wconf 90' lang='lat' dir='ltr'><strong>animi</strong></span> <span class='ocrx_word' id='word_1_241' title='bbox 849 2128 1002 2206; x_wconf 88' lang='lat' dir='ltr'><strong>pugnat,</strong></span> <span class='ocrx_word' id='word_1_242' title='bbox 1034 2128 1066 2182; x_wconf 90' lang='lat' dir='ltr'><strong>et</strong></span> <span class='ocrx_word' id='word_1_243' title='bbox 1098 2138 1137 2183; x_wconf 84' lang='lat' dir='ltr'><strong>ex</strong></span> <span class='ocrx_word' id='word_1_244' title='bbox 1190 2129 1331 2173; x_wconf 75' lang='lat' dir='ltr'><strong>cursum</strong></span> <span class='ocrx_word' id='word_1_245' title='bbox 1355 2129 1457 2173; x_wconf 76' lang='lat'><strong>⁸¹¹¹¹¹¹¹</strong></span> <span class='ocrx_word' id='word_1_246' title='bbox 1480 2120 1613 2186; x_wconf 59' lang='lat' dir='ltr'><strong>lentat,</strong></span> <span class='ocrx_word' id='word_1_247' title='bbox 1648 2124 1753 2203; x_wconf 79' lang='lat' dir='ltr'><strong>atque</strong></span> <span class='ocrx_word' id='word_1_248' title='bbox 1779 2112 1814 2179; x_wconf 91' lang='lat' dir='ltr'><strong>id</strong></span> <span class='ocrx_word' id='word_1_249' title='bbox 1833 2120 1927 2205; x_wconf 92' lang='lat' dir='ltr'><strong>quod</strong></span> <span class='ocrx_word' id='word_1_250' title='bbox 1948 2123 2034 2192; x_wconf 91' lang='lat' dir='ltr'><strong>velit</strong></span> <span class='ocrx_word' id='word_1_251' title='bbox 2057 2152 2181 2200; x_wconf 90' lang='lat' dir='ltr'><strong>couse-</strong></span> 
     </span>
     <span class='ocr_line' id='line_1_19' title="bbox 141 2204 2180 2326; baseline 0.009 -47"><span class='ocrx_word' id='word_1_252' title='bbox 141 2210 314 2282; x_wconf 86' lang='lat' dir='ltr'><strong>omnibus</strong></span> <span class='ocrx_word' id='word_1_253' title='bbox 328 2204 383 2280; x_wconf 87' lang='lat' dir='ltr'><strong>bis</strong></span> <span class='ocrx_word' id='word_1_254' title='bbox 401 2214 542 2281; x_wconf 88' lang='lat' dir='ltr'><strong>tandem</strong></span> <span class='ocrx_word' id='word_1_255' title='bbox 559 2214 741 2286; x_wconf 87' lang='lat' dir='ltr'><strong>eluctatur.</strong></span> <span class='ocrx_word' id='word_1_256' title='bbox 782 2211 1135 2309; x_wconf 83' lang='lat' dir='ltr'><strong>Atqualemillepa-</strong></span> <span class='ocrx_word' id='word_1_257' title='bbox 1190 2221 1336 2299; x_wconf 74' lang='lat' dir='ltr'><strong>quum,</strong></span> <span class='ocrx_word' id='word_1_258' title='bbox 1369 2209 1477 2275; x_wconf 60' lang='lat' dir='ltr'>”¹¹¹5ss</span> <span class='ocrx_word' id='word_1_259' title='bbox 1500 2209 1669 2280; x_wconf 61' lang='lat' dir='ltr'><strong>¹⁰0¹0⁵lll⁸</strong></span> <span class='ocrx_word' id='word_1_260' title='bbox 1697 2236 1736 2279; x_wconf 73' lang='lat'><strong>³⁰</strong></span> <span class='ocrx_word' id='word_1_261' title='bbox 1765 2213 1968 2304; x_wconf 82' lang='lat' dir='ltr'><strong>laboribus,</strong></span> <span class='ocrx_word' id='word_1_262' title='bbox 2000 2229 2180 2326; x_wconf 79' lang='lat' dir='ltr'><strong>nullisque</strong></span> 
     </span>
     <span class='ocr_line' id='line_1_20' title="bbox 143 2309 2180 2420; baseline 0.011 -37"><span class='ocrx_word' id='word_1_263' title='bbox 143 2312 253 2383; x_wconf 84' lang='lat' dir='ltr'><strong>triam</strong></span> <span class='ocrx_word' id='word_1_264' title='bbox 276 2313 365 2383; x_wconf 87' lang='lat' dir='ltr'><strong>tanti</strong></span> <span class='ocrx_word' id='word_1_265' title='bbox 389 2313 497 2382; x_wconf 85' lang='lat' dir='ltr'><strong>facit?</strong></span> <span class='ocrx_word' id='word_1_266' title='bbox 529 2340 654 2407; x_wconf 87' lang='lat' dir='ltr'><strong>nempe</strong></span> <span class='ocrx_word' id='word_1_267' title='bbox 677 2318 849 2398; x_wconf 88' lang='lat' dir='ltr'><strong>sterilem,</strong></span> <span class='ocrx_word' id='word_1_268' title='bbox 883 2331 1138 2411; x_wconf 90' lang='lat' dir='ltr'><strong>augustamque</strong></span> <span class='ocrx_word' id='word_1_269' title='bbox 1190 2310 1413 2377; x_wconf 67' lang='lat' dir='ltr'><strong>contumeliis</strong></span> <span class='ocrx_word' id='word_1_270' title='bbox 1444 2309 1537 2378; x_wconf 86' lang='lat' dir='ltr'><strong>vinci</strong></span> <span class='ocrx_word' id='word_1_271' title='bbox 1573 2311 1733 2401; x_wconf 57' lang='lat' dir='ltr'><strong>termule</strong></span> <span class='ocrx_word' id='word_1_272' title='bbox 1774 2339 1811 2383; x_wconf 88' lang='lat' dir='ltr'><strong>se</strong></span> <span class='ocrx_word' id='word_1_273' title='bbox 1840 2321 2014 2410; x_wconf 88' lang='lat' dir='ltr'><strong>patiatur,</strong></span> <span class='ocrx_word' id='word_1_274' title='bbox 2048 2336 2180 2420; x_wconf 81' lang='lat' dir='ltr'><strong>perfert</strong></span> 
     </span>
     <span class='ocr_line' id='line_1_21' title="bbox 141 2411 2180 2510; baseline 0.009 -26"><span class='ocrx_word' id='word_1_275' title='bbox 141 2414 317 2497; x_wconf 88' lang='lat' dir='ltr'><strong>insulam,</strong></span> <span class='ocrx_word' id='word_1_276' title='bbox 342 2429 375 2483; x_wconf 91' lang='lat' dir='ltr'><strong>et</strong></span> <span class='ocrx_word' id='word_1_277' title='bbox 393 2430 432 2484; x_wconf 93' lang='lat' dir='ltr'><strong>ut</strong></span> <span class='ocrx_word' id='word_1_278' title='bbox 447 2412 572 2485; x_wconf 84' lang='lat' dir='ltr'><strong>Cicero</strong></span> <span class='ocrx_word' id='word_1_279' title='bbox 588 2421 651 2501; x_wconf 86' lang='lat' dir='ltr'><strong>ait,</strong></span> <span class='ocrx_word' id='word_1_280' title='bbox 679 2421 715 2487; x_wconf 91' lang='lat' dir='ltr'><strong>in</strong></span> <span class='ocrx_word' id='word_1_281' title='bbox 732 2420 933 2510; x_wconf 78' lang='lat' dir='ltr'><strong>asperrimis</strong></span> <span class='ocrx_word' id='word_1_282' title='bbox 949 2420 1040 2487; x_wconf 83' lang='lat' dir='ltr'><strong>saxis</strong></span> <span class='ocrx_word' id='word_1_283' title='bbox 1056 2433 1137 2490; x_wconf 91' lang='lat' dir='ltr'><strong>tan·</strong></span> <span class='ocrx_word' id='word_1_284' title='bbox 1190 2411 1261 2495; x_wconf 87' lang='lat' dir='ltr'><strong>ille,</strong></span> <span class='ocrx_word' id='word_1_285' title='bbox 1287 2435 1366 2479; x_wconf 69' lang='lat' dir='ltr'><strong>cum</strong></span> <span class='ocrx_word' id='word_1_286' title='bbox 1381 2411 1448 2477; x_wconf 60' lang='lat'><strong>3³¹⁰</strong></span> <span class='ocrx_word' id='word_1_287' title='bbox 1467 2412 1670 2500; x_wconf 63' lang='lat' dir='ltr'><strong>ltssl&#39;sflsscltts</strong></span> <span class='ocrx_word' id='word_1_288' title='bbox 1687 2416 1849 2504; x_wconf 62' lang='lat' dir='ltr'><strong>periculis</strong></span> <span class='ocrx_word' id='word_1_289' title='bbox 1865 2444 1904 2491; x_wconf 72' lang='lat'><strong>³0</strong></span> <span class='ocrx_word' id='word_1_290' title='bbox 1922 2428 2023 2497; x_wconf 79' lang='lat' dir='ltr'><strong>malis</strong></span> <span class='ocrx_word' id='word_1_291' title='bbox 2040 2433 2180 2505; x_wconf 83' lang='lat' dir='ltr'><strong>videre-</strong></span> 
     </span>
     <span class='ocr_line' id='line_1_22' title="bbox 142 2506 2179 2614; baseline 0.012 -28"><span class='ocrx_word' id='word_1_292' title='bbox 142 2538 249 2611; x_wconf 88' lang='lat' dir='ltr'><strong>quam</strong></span> <span class='ocrx_word' id='word_1_293' title='bbox 268 2514 431 2584; x_wconf 90' lang='lat' dir='ltr'><strong>uidulum</strong></span> <span class='ocrx_word' id='word_1_294' title='bbox 450 2519 600 2591; x_wconf 83' lang='lat' dir='ltr'><strong>affixam.</strong></span> <span class='ocrx_word' id='word_1_295' title='bbox 652 2519 741 2591; x_wconf 89' lang='lat' dir='ltr'><strong>Eius</strong></span> <span class='ocrx_word' id='word_1_296' title='bbox 755 2522 816 2590; x_wconf 87' lang='lat' dir='ltr'><strong>ille</strong></span> <span class='ocrx_word' id='word_1_297' title='bbox 840 2535 938 2591; x_wconf 90' lang='lat' dir='ltr'><strong>tauto</strong></span> <span class='ocrx_word' id='word_1_298' title='bbox 963 2522 1137 2591; x_wconf 84' lang='lat' dir='ltr'><strong>desiderio</strong></span> <span class='ocrx_word' id='word_1_299' title='bbox 1190 2525 1269 2597; x_wconf 61' lang='lat' dir='ltr'><strong>lui,</strong></span> <span class='ocrx_word' id='word_1_300' title='bbox 1291 2506 1410 2580; x_wconf 64' lang='lat' dir='ltr'><strong>³thss</strong></span> <span class='ocrx_word' id='word_1_301' title='bbox 1428 2512 1526 2581; x_wconf 66' lang='lat' dir='ltr'><strong>d⁰¹¹¹i</strong></span> <span class='ocrx_word' id='word_1_302' title='bbox 1549 2538 1632 2584; x_wconf 69' lang='lat'><strong>⁸⁰³⁰</strong></span> <span class='ocrx_word' id='word_1_303' title='bbox 1654 2519 1764 2586; x_wconf 60' lang='lat' dir='ltr'><strong>mulla</strong></span> <span class='ocrx_word' id='word_1_304' title='bbox 1790 2519 2047 2614; x_wconf 66' lang='lat' dir='ltr'><strong>lnl⁰¹⁸f³¹tilfts</strong></span> <span class='ocrx_word' id='word_1_305' title='bbox 2072 2541 2179 2609; x_wconf 86' lang='lat' dir='ltr'><strong>susti-</strong></span> 
     </span>
     <span class='ocr_line' id='line_1_23' title="bbox 140 2613 2177 2730; baseline 0.012 -44"><span class='ocrx_word' id='word_1_306' title='bbox 140 2634 175 2690; x_wconf 90' lang='lat' dir='ltr'><strong>et</strong></span> <span class='ocrx_word' id='word_1_307' title='bbox 191 2642 316 2687; x_wconf 80' lang='lat' dir='ltr'><strong>aurore</strong></span> <span class='ocrx_word' id='word_1_308' title='bbox 332 2632 489 2703; x_wconf 89' lang='lat' dir='ltr'><strong>tenetur,</strong></span> <span class='ocrx_word' id='word_1_309' title='bbox 514 2635 553 2690; x_wconf 94' lang='lat' dir='ltr'><strong>ut</strong></span> <span class='ocrx_word' id='word_1_310' title='bbox 573 2624 709 2691; x_wconf 76' lang='lat' dir='ltr'><strong>trimum</strong></span> <span class='ocrx_word' id='word_1_311' title='bbox 736 2624 821 2693; x_wconf 87' lang='lat' dir='ltr'><strong>iude</strong></span> <span class='ocrx_word' id='word_1_312' title='bbox 841 2638 1046 2708; x_wconf 80' lang='lat' dir='ltr'><strong>exeuntem,</strong></span> <span class='ocrx_word' id='word_1_313' title='bbox 1070 2624 1138 2692; x_wconf 89' lang='lat' dir='ltr'><strong>irn-</strong></span> <span class='ocrx_word' id='word_1_314' title='bbox 1190 2630 1249 2684; x_wconf 69' lang='lat' dir='ltr'><strong>net</strong></span> <span class='ocrx_word' id='word_1_315' title='bbox 1264 2635 1336 2682; x_wconf 67' lang='lat'><strong>0⁸8⁶</strong></span> <span class='ocrx_word' id='word_1_316' title='bbox 1352 2613 1463 2694; x_wconf 67' lang='lat' dir='ltr'><strong>later,</strong></span> <span class='ocrx_word' id='word_1_317' title='bbox 1489 2616 1692 2702; x_wconf 65' lang='lat' dir='ltr'><strong>mendicus,</strong></span> <span class='ocrx_word' id='word_1_318' title='bbox 1718 2619 1874 2692; x_wconf 73' lang='lat' dir='ltr'><strong>ludibri⁰</strong></span> <span class='ocrx_word' id='word_1_319' title='bbox 1900 2621 2041 2718; x_wconf 66' lang='lat' dir='ltr'><strong>haberi,</strong></span> <span class='ocrx_word' id='word_1_320' title='bbox 2068 2664 2177 2730; x_wconf 89' lang='lat' dir='ltr'><strong>vapu-</strong></span> 
     </span>
     <span class='ocr_line' id='line_1_24' title="bbox 140 2716 2179 2831; baseline 0.01 -41"><span class='ocrx_word' id='word_1_321' title='bbox 140 2718 355 2790; x_wconf 91' lang='lat' dir='ltr'><strong>mortalitati</strong></span> <span class='ocrx_word' id='word_1_322' title='bbox 386 2723 562 2812; x_wconf 80' lang='lat' dir='ltr'><strong>praeferre</strong></span> <span class='ocrx_word' id='word_1_323' title='bbox 594 2749 666 2792; x_wconf 91' lang='lat' dir='ltr'><strong>nou</strong></span> <span class='ocrx_word' id='word_1_324' title='bbox 695 2727 845 2799; x_wconf 88' lang='lat' dir='ltr'><strong>dubitet.</strong></span> <span class='ocrx_word' id='word_1_325' title='bbox 903 2722 949 2795; x_wconf 84' lang='lat' dir='ltr'><strong>Et</strong></span> <span class='ocrx_word' id='word_1_326' title='bbox 976 2724 1138 2795; x_wconf 88' lang='lat' dir='ltr'><strong>videmus</strong></span> <span class='ocrx_word' id='word_1_327' title='bbox 1190 2716 1280 2798; x_wconf 68' lang='lat' dir='ltr'><strong>lare,</strong></span> <span class='ocrx_word' id='word_1_328' title='bbox 1313 2737 1389 2784; x_wconf 68' lang='lat'><strong>⁰⁸⁸⁰</strong></span> <span class='ocrx_word' id='word_1_329' title='bbox 1410 2716 1483 2809; x_wconf 70' lang='lat' dir='ltr'><strong>Peli</strong></span> <span class='ocrx_word' id='word_1_330' title='bbox 1512 2719 1690 2809; x_wconf 66' lang='lat' dir='ltr'><strong>³Pf⁰⁰382</strong></span> <span class='ocrx_word' id='word_1_331' title='bbox 1723 2722 1909 2796; x_wconf 57' lang='lat' dir='ltr'><strong>irrideri&amp;</strong></span> <span class='ocrx_word' id='word_1_332' title='bbox 1938 2752 1999 2802; x_wconf 80' lang='lat' dir='ltr'><strong>Sua</strong></span> <span class='ocrx_word' id='word_1_333' title='bbox 2032 2740 2179 2831; x_wconf 79' lang='lat' dir='ltr'><strong>familia,</strong></span> 
     </span>
     <span class='ocr_line' id='line_1_25' title="bbox 141 2810 2177 2920; baseline 0.013 -29"><span class='ocrx_word' id='word_1_334' title='bbox 141 2820 239 2893; x_wconf 86' lang='lat' dir='ltr'><strong>huuc</strong></span> <span class='ocrx_word' id='word_1_335' title='bbox 265 2820 430 2892; x_wconf 85' lang='lat' dir='ltr'><strong>affectum</strong></span> <span class='ocrx_word' id='word_1_336' title='bbox 453 2824 494 2892; x_wconf 87' lang='lat' dir='ltr'><strong>in</strong></span> <span class='ocrx_word' id='word_1_337' title='bbox 519 2828 684 2895; x_wconf 91' lang='lat' dir='ltr'><strong>omuibus</strong></span> <span class='ocrx_word' id='word_1_338' title='bbox 706 2827 842 2915; x_wconf 87' lang='lat' dir='ltr'><strong>magnis</strong></span> <span class='ocrx_word' id='word_1_339' title='bbox 865 2852 904 2895; x_wconf 92' lang='lat' dir='ltr'><strong>ac</strong></span> <span class='ocrx_word' id='word_1_340' title='bbox 928 2827 1137 2919; x_wconf 89' lang='lat' dir='ltr'><strong>praestanti·</strong></span> <span class='ocrx_word' id='word_1_341' title='bbox 1189 2819 1307 2888; x_wconf 79' lang='lat' dir='ltr'><strong>omnia</strong></span> <span class='ocrx_word' id='word_1_342' title='bbox 1325 2810 1410 2887; x_wconf 79' lang='lat' dir='ltr'><strong>haec</strong></span> <span class='ocrx_word' id='word_1_343' title='bbox 1426 2819 1469 2885; x_wconf 90' lang='lat' dir='ltr'><strong>ad</strong></span> <span class='ocrx_word' id='word_1_344' title='bbox 1489 2830 1626 2910; x_wconf 85' lang='lat' dir='ltr'><strong>tempus</strong></span> <span class='ocrx_word' id='word_1_345' title='bbox 1642 2824 1852 2911; x_wconf 77' lang='lat' dir='ltr'><strong>dissimulat,</strong></span> <span class='ocrx_word' id='word_1_346' title='bbox 1876 2849 2060 2920; x_wconf 90' lang='lat' dir='ltr'><strong>expectans</strong></span> <span class='ocrx_word' id='word_1_347' title='bbox 2077 2868 2177 2916; x_wconf 90' lang='lat' dir='ltr'><strong>occa-</strong></span> 
     </span>
     <span class='ocr_line' id='line_1_26' title="bbox 140 2920 2180 3036; baseline 0.01 -41"><span class='ocrx_word' id='word_1_348' title='bbox 140 2924 208 2995; x_wconf 85' lang='lat' dir='ltr'><strong>bus</strong></span> <span class='ocrx_word' id='word_1_349' title='bbox 224 2922 314 2992; x_wconf 89' lang='lat' dir='ltr'><strong>viris</strong></span> <span class='ocrx_word' id='word_1_350' title='bbox 327 2924 434 2994; x_wconf 83' lang='lat' dir='ltr'><strong>fuisse</strong></span> <span class='ocrx_word' id='word_1_351' title='bbox 447 2926 672 3015; x_wconf 84' lang='lat' dir='ltr'><strong>singularem.</strong></span> <span class='ocrx_word' id='word_1_352' title='bbox 723 2925 979 2999; x_wconf 82' lang='lat' dir='ltr'><strong>Demosthenes</strong></span> <span class='ocrx_word' id='word_1_353' title='bbox 1002 2954 1080 2999; x_wconf 89' lang='lat' dir='ltr'><strong>eum</strong></span> <span class='ocrx_word' id='word_1_354' title='bbox 1098 2928 1137 2995; x_wconf 88' lang='lat' dir='ltr'><strong>in</strong></span> <span class='ocrx_word' id='word_1_355' title='bbox 1189 2920 1335 3002; x_wconf 62' lang='lat' dir='ltr'><strong>sionem,</strong></span> <span class='ocrx_word' id='word_1_356' title='bbox 1360 2943 1427 3010; x_wconf 70' lang='lat'>‘111³</span> <span class='ocrx_word' id='word_1_357' title='bbox 1444 2921 1589 2988; x_wconf 79' lang='lat' dir='ltr'><strong>d⁰¹¹¹¹¹¹¹¹</strong></span> <span class='ocrx_word' id='word_1_358' title='bbox 1608 2947 1825 3017; x_wconf 66' lang='grc' dir='ltr'><strong>ΐθΰυΡθῐθῐθ,</strong></span> <span class='ocrx_word' id='word_1_359' title='bbox 1852 2932 1956 3000; x_wconf 65' lang='lat' dir='ltr'><strong>rebus</strong></span> <span class='ocrx_word' id='word_1_360' title='bbox 1974 2941 2180 3036; x_wconf 71' lang='lat' dir='ltr'><strong>subposui,</strong></span> 
     </span>
     <span class='ocr_line' id='line_1_27' title="bbox 140 3020 2178 3129; baseline 0.009 -30"><span class='ocrx_word' id='word_1_361' title='bbox 140 3022 310 3099; x_wconf 83' lang='lat' dir='ltr'><strong>Calauria</strong></span> <span class='ocrx_word' id='word_1_362' title='bbox 335 3027 509 3111; x_wconf 82' lang='lat' dir='ltr'><strong>exrrlaret,</strong></span> <span class='ocrx_word' id='word_1_363' title='bbox 539 3030 661 3098; x_wconf 88' lang='lat' dir='ltr'><strong>scribit</strong></span> <span class='ocrx_word' id='word_1_364' title='bbox 685 3053 721 3098; x_wconf 89' lang='lat' dir='ltr'><strong>se</strong></span> <span class='ocrx_word' id='word_1_365' title='bbox 745 3031 904 3124; x_wconf 87' lang='lat' dir='ltr'><strong>quotidie</strong></span> <span class='ocrx_word' id='word_1_366' title='bbox 928 3034 969 3099; x_wconf 92' lang='lat' dir='ltr'><strong>ad</strong></span> <span class='ocrx_word' id='word_1_367' title='bbox 997 3033 1137 3100; x_wconf 89' lang='lat' dir='ltr'><strong>culmen</strong></span> <span class='ocrx_word' id='word_1_368' title='bbox 1190 3021 1340 3113; x_wconf 68' lang='lat' dir='ltr'><strong>illosque</strong></span> <span class='ocrx_word' id='word_1_369' title='bbox 1356 3020 1476 3091; x_wconf 64' lang='lat' dir='ltr'><strong>ulcisci</strong></span> <span class='ocrx_word' id='word_1_370' title='bbox 1495 3036 1618 3110; x_wconf 69' lang='lat'><strong>908801·</strong></span> <span class='ocrx_word' id='word_1_371' title='bbox 1671 3024 1737 3097; x_wconf 63' lang='lat' dir='ltr'><strong>Es!</strong></span> <span class='ocrx_word' id='word_1_372' title='bbox 1752 3052 1790 3096; x_wconf 59' lang='grc' dir='ltr'><strong>θλ</strong></span> <span class='ocrx_word' id='word_1_373' title='bbox 1806 3030 1919 3101; x_wconf 66' lang='lat' dir='ltr'><strong>virius</strong></span> <span class='ocrx_word' id='word_1_374' title='bbox 1934 3036 2123 3129; x_wconf 77' lang='lat' dir='ltr'><strong>singularis</strong></span> <span class='ocrx_word' id='word_1_375' title='bbox 2140 3050 2178 3121; x_wconf 92' lang='lat' dir='ltr'><strong>iu</strong></span> 
     </span>
     <span class='ocr_line' id='line_1_28' title="bbox 139 3122 2179 3225; baseline 0.01 -26"><span class='ocrx_word' id='word_1_376' title='bbox 139 3128 218 3199; x_wconf 83' lang='lat' dir='ltr'><strong>eius</strong></span> <span class='ocrx_word' id='word_1_377' title='bbox 234 3126 353 3197; x_wconf 86' lang='lat' dir='ltr'><strong>sacelli</strong></span> <span class='ocrx_word' id='word_1_378' title='bbox 370 3131 411 3195; x_wconf 90' lang='lat' dir='ltr'><strong>ad</strong></span> <span class='ocrx_word' id='word_1_379' title='bbox 430 3131 761 3220; x_wconf 55' lang='lat' dir='ltr'><strong>quodzousugcrat,</strong></span> <span class='ocrx_word' id='word_1_380' title='bbox 787 3135 1008 3216; x_wconf 82' lang='lat' dir='ltr'><strong>adscendere,</strong></span> <span class='ocrx_word' id='word_1_381' title='bbox 1034 3146 1138 3222; x_wconf 91' lang='lat' dir='ltr'><strong>atque</strong></span> <span class='ocrx_word' id='word_1_382' title='bbox 1190 3122 1448 3214; x_wconf 60' lang='lat' dir='ltr'><strong>praedantibus</strong></span> <span class='ocrx_word' id='word_1_383' title='bbox 1464 3122 1568 3202; x_wconf 65' lang='lat' dir='ltr'><strong>viris,</strong></span> <span class='ocrx_word' id='word_1_384' title='bbox 1594 3150 1668 3197; x_wconf 80' lang='lat' dir='ltr'><strong>non</strong></span> <span class='ocrx_word' id='word_1_385' title='bbox 1684 3142 1821 3199; x_wconf 87' lang='lat' dir='ltr'><strong>tantum</strong></span> <span class='ocrx_word' id='word_1_386' title='bbox 1838 3158 1981 3225; x_wconf 88' lang='lat' dir='ltr'><strong>magnas</strong></span> <span class='ocrx_word' id='word_1_387' title='bbox 1996 3157 2029 3214; x_wconf 88' lang='lat' dir='ltr'><strong>ct</strong></span> <span class='ocrx_word' id='word_1_388' title='bbox 2044 3171 2179 3220; x_wconf 89' lang='lat' dir='ltr'><strong>memo-</strong></span> 
     </span>
     <span class='ocr_line' id='line_1_29' title="bbox 141 3224 2180 3324; baseline 0.012 -26"><span class='ocrx_word' id='word_1_389' title='bbox 141 3231 229 3299; x_wconf 91' lang='lat' dir='ltr'><strong>inde</strong></span> <span class='ocrx_word' id='word_1_390' title='bbox 243 3230 305 3299; x_wconf 91' lang='lat' dir='ltr'><strong>diu</strong></span> <span class='ocrx_word' id='word_1_391' title='bbox 323 3254 397 3297; x_wconf 81' lang='lat' dir='ltr'><strong>earu</strong></span> <span class='ocrx_word' id='word_1_392' title='bbox 416 3232 604 3320; x_wconf 86' lang='lat' dir='ltr'><strong>regionem,</strong></span> <span class='ocrx_word' id='word_1_393' title='bbox 624 3259 727 3324; x_wconf 74' lang='lat' dir='ltr'><strong>‹pusm</strong></span> <span class='ocrx_word' id='word_1_394' title='bbox 746 3258 865 3303; x_wconf 82' lang='lat' dir='ltr'><strong>versus</strong></span> <span class='ocrx_word' id='word_1_395' title='bbox 875 3230 1038 3303; x_wconf 82' lang='lat' dir='ltr'><strong>Athenae</strong></span> <span class='ocrx_word' id='word_1_396' title='bbox 1053 3233 1138 3302; x_wconf 90' lang='lat' dir='ltr'><strong>sitae</strong></span> <span class='ocrx_word' id='word_1_397' title='bbox 1189 3224 1318 3292; x_wconf 67' lang='lat' dir='ltr'><strong>rabiles</strong></span> <span class='ocrx_word' id='word_1_398' title='bbox 1340 3246 1395 3291; x_wconf 69' lang='lat' dir='ltr'><strong>res</strong></span> <span class='ocrx_word' id='word_1_399' title='bbox 1411 3225 1455 3291; x_wconf 88' lang='lat' dir='ltr'><strong>ad</strong></span> <span class='ocrx_word' id='word_1_400' title='bbox 1471 3225 1618 3293; x_wconf 80' lang='lat' dir='ltr'><strong>salutem</strong></span> <span class='ocrx_word' id='word_1_401' title='bbox 1638 3232 1771 3317; x_wconf 84' lang='lat' dir='ltr'><strong>patriae</strong></span> <span class='ocrx_word' id='word_1_402' title='bbox 1795 3257 1833 3301; x_wconf 89' lang='lat' dir='ltr'><strong>ac</strong></span> <span class='ocrx_word' id='word_1_403' title='bbox 1848 3238 2042 3311; x_wconf 91' lang='lat' dir='ltr'><strong>multorum</strong></span> <span class='ocrx_word' id='word_1_404' title='bbox 2063 3243 2180 3322; x_wconf 87' lang='lat' dir='ltr'><strong>homi-</strong></span> 
     </span>
     <span class='ocr_line' id='line_1_30' title="bbox 147 3325 2178 3429; baseline 0.01 -28"><span class='ocrx_word' id='word_1_405' title='bbox 147 3344 271 3417; x_wconf 87' lang='lat' dir='ltr'><strong>erant,</strong></span> <span class='ocrx_word' id='word_1_406' title='bbox 293 3330 428 3420; x_wconf 82' lang='lat' dir='ltr'><strong>ingenti</strong></span> <span class='ocrx_word' id='word_1_407' title='bbox 456 3334 631 3403; x_wconf 88' lang='lat' dir='ltr'><strong>desiderio</strong></span> <span class='ocrx_word' id='word_1_408' title='bbox 653 3348 686 3402; x_wconf 90' lang='lat' dir='ltr'><strong>et</strong></span> <span class='ocrx_word' id='word_1_409' title='bbox 708 3336 849 3417; x_wconf 87' lang='lat' dir='ltr'><strong>dolore,</strong></span> <span class='ocrx_word' id='word_1_410' title='bbox 885 3336 997 3404; x_wconf 88' lang='lat' dir='ltr'><strong>oculis</strong></span> <span class='ocrx_word' id='word_1_411' title='bbox 1020 3332 1138 3403; x_wconf 91' lang='lat' dir='ltr'><strong>metiri</strong></span> <span class='ocrx_word' id='word_1_412' title='bbox 1189 3348 1296 3408; x_wconf 72' lang='lat' dir='ltr'><strong>num,</strong></span> <span class='ocrx_word' id='word_1_413' title='bbox 1331 3348 1411 3393; x_wconf 70' lang='lat' dir='ltr'><strong>tum</strong></span> <span class='ocrx_word' id='word_1_414' title='bbox 1436 3325 1527 3395; x_wconf 63' lang='lat' dir='ltr'><strong>vilet</strong></span> <span class='ocrx_word' id='word_1_415' title='bbox 1550 3341 1583 3396; x_wconf 74' lang='lat' dir='ltr'><strong>et</strong></span> <span class='ocrx_word' id='word_1_416' title='bbox 1606 3330 1730 3420; x_wconf 79' lang='lat' dir='ltr'><strong>capitis</strong></span> <span class='ocrx_word' id='word_1_417' title='bbox 1751 3334 1908 3423; x_wconf 87' lang='lat' dir='ltr'><strong>periculo</strong></span> <span class='ocrx_word' id='word_1_418' title='bbox 1931 3343 2083 3429; x_wconf 86' lang='lat' dir='ltr'><strong>efficere,</strong></span> <span class='ocrx_word' id='word_1_419' title='bbox 2118 3359 2178 3425; x_wconf 91' lang='lat' dir='ltr'><strong>sed</strong></span> 
     </span>
     <span class='ocr_line' id='line_1_31' title="bbox 140 3425 2177 3527; baseline 0.005 -26"><span class='ocrx_word' id='word_1_420' title='bbox 140 3456 190 3527; x_wconf 37' lang='lat' dir='ltr'><strong>‚ae</strong></span> <span class='ocrx_word' id='word_1_421' title='bbox 205 3446 357 3523; x_wconf 82' lang='lat' dir='ltr'><strong>spectare</strong></span> <span class='ocrx_word' id='word_1_422' title='bbox 371 3432 534 3517; x_wconf 88' lang='lat' dir='ltr'><strong>solitum,</strong></span> <span class='ocrx_word' id='word_1_423' title='bbox 560 3437 616 3504; x_wconf 93' lang='lat' dir='ltr'><strong>cui</strong></span> <span class='ocrx_word' id='word_1_424' title='bbox 642 3437 753 3527; x_wconf 92' lang='lat' dir='ltr'><strong>patria</strong></span> <span class='ocrx_word' id='word_1_425' title='bbox 771 3437 833 3507; x_wconf 91' lang='lat' dir='ltr'><strong>etsi</strong></span> <span class='ocrx_word' id='word_1_426' title='bbox 858 3436 994 3525; x_wconf 87' lang='lat' dir='ltr'><strong>ingrata</strong></span> <span class='ocrx_word' id='word_1_427' title='bbox 1011 3449 1045 3505; x_wconf 90' lang='lat' dir='ltr'><strong>et</strong></span> <span class='ocrx_word' id='word_1_428' title='bbox 1070 3435 1138 3503; x_wconf 91' lang='lat' dir='ltr'><strong>im·</strong></span> <span class='ocrx_word' id='word_1_429' title='bbox 1190 3427 1358 3508; x_wconf 76' lang='lat' dir='ltr'><strong>iniurias,</strong></span> <span class='ocrx_word' id='word_1_430' title='bbox 1401 3425 1652 3514; x_wconf 64' lang='lat' dir='ltr'><strong>ignominiam,</strong></span> <span class='ocrx_word' id='word_1_431' title='bbox 1704 3438 1951 3524; x_wconf 85' lang='lat' dir='ltr'><strong>contumelias,</strong></span> <span class='ocrx_word' id='word_1_432' title='bbox 1994 3444 2177 3525; x_wconf 66' lang='lat' dir='ltr'><strong>infamiam</strong></span> 
     </span>
     <span class='ocr_line' id='line_1_32' title="bbox 146 3528 2180 3630; baseline 0.013 -29"><span class='ocrx_word' id='word_1_433' title='bbox 146 3533 207 3627; x_wconf 87' lang='lat' dir='ltr'><strong>pia</strong></span> <span class='ocrx_word' id='word_1_434' title='bbox 234 3556 310 3627; x_wconf 86' lang='lat' dir='ltr'><strong>erga</strong></span> <span class='ocrx_word' id='word_1_435' title='bbox 335 3535 468 3626; x_wconf 88' lang='lat' dir='ltr'><strong>ipsum,</strong></span> <span class='ocrx_word' id='word_1_436' title='bbox 494 3537 564 3607; x_wconf 86' lang='lat' dir='ltr'><strong>vita</strong></span> <span class='ocrx_word' id='word_1_437' title='bbox 581 3552 697 3607; x_wconf 89' lang='lat' dir='ltr'><strong>tamen</strong></span> <span class='ocrx_word' id='word_1_438' title='bbox 723 3539 797 3630; x_wconf 89' lang='lat' dir='ltr'><strong>ipsa</strong></span> <span class='ocrx_word' id='word_1_439' title='bbox 813 3553 847 3609; x_wconf 90' lang='lat' dir='ltr'><strong>et</strong></span> <span class='ocrx_word' id='word_1_440' title='bbox 863 3539 981 3607; x_wconf 87' lang='lat' dir='ltr'><strong>anima</strong></span> <span class='ocrx_word' id='word_1_441' title='bbox 998 3531 1140 3607; x_wconf 88' lang='lat' dir='ltr'><strong>charior</strong></span> <span class='ocrx_word' id='word_1_442' title='bbox 1189 3529 1293 3599; x_wconf 89' lang='lat' dir='ltr'><strong>etiam</strong></span> <span class='ocrx_word' id='word_1_443' title='bbox 1310 3528 1464 3620; x_wconf 82' lang='lat' dir='ltr'><strong>perferre</strong></span> <span class='ocrx_word' id='word_1_444' title='bbox 1481 3552 1580 3618; x_wconf 90' lang='lat' dir='ltr'><strong>posse</strong></span> <span class='ocrx_word' id='word_1_445' title='bbox 1597 3557 1636 3600; x_wconf 91' lang='lat' dir='ltr'><strong>ac</strong></span> <span class='ocrx_word' id='word_1_446' title='bbox 1651 3537 1734 3623; x_wconf 86' lang='lat' dir='ltr'><strong>pati,</strong></span> <span class='ocrx_word' id='word_1_447' title='bbox 1755 3551 1860 3629; x_wconf 90' lang='lat' dir='ltr'><strong>atque</strong></span> <span class='ocrx_word' id='word_1_448' title='bbox 1879 3540 2019 3614; x_wconf 89' lang='lat' dir='ltr'><strong>iuterim</strong></span> <span class='ocrx_word' id='word_1_449' title='bbox 2036 3551 2180 3627; x_wconf 87' lang='lat' dir='ltr'><strong>iustitu-</strong></span> 
     </span>
     <span class='ocr_line' id='line_1_33' title="bbox 144 3630 2180 3735; baseline 0.006 -31"><span class='ocrx_word' id='word_1_450' title='bbox 144 3636 224 3711; x_wconf 85' lang='lat' dir='ltr'><strong>suit.</strong></span> <span class='ocrx_word' id='word_1_451' title='bbox 274 3630 387 3706; x_wconf 87' lang='lat' dir='ltr'><strong>Porro</strong></span> <span class='ocrx_word' id='word_1_452' title='bbox 414 3638 594 3728; x_wconf 83' lang='lat' dir='ltr'><strong>proximus</strong></span> <span class='ocrx_word' id='word_1_453' title='bbox 621 3642 769 3730; x_wconf 88' lang='lat' dir='ltr'><strong>gradus,</strong></span> <span class='ocrx_word' id='word_1_454' title='bbox 802 3655 842 3711; x_wconf 90' lang='lat' dir='ltr'><strong>ut</strong></span> <span class='ocrx_word' id='word_1_455' title='bbox 862 3642 906 3709; x_wconf 92' lang='lat' dir='ltr'><strong>ad</strong></span> <span class='ocrx_word' id='word_1_456' title='bbox 935 3639 1137 3711; x_wconf 87' lang='lat' dir='ltr'><strong>institutum</strong></span> <span class='ocrx_word' id='word_1_457' title='bbox 1190 3645 1425 3701; x_wconf 72' lang='lat' dir='ltr'><strong>tumtursum</strong></span> <span class='ocrx_word' id='word_1_458' title='bbox 1446 3653 1591 3718; x_wconf 70' lang='lat' dir='ltr'><strong>urgere,</strong></span> <span class='ocrx_word' id='word_1_459' title='bbox 1616 3635 1724 3729; x_wconf 85' lang='lat' dir='ltr'><strong>idque</strong></span> <span class='ocrx_word' id='word_1_460' title='bbox 1748 3662 1859 3707; x_wconf 93' lang='lat' dir='ltr'><strong>unum</strong></span> <span class='ocrx_word' id='word_1_461' title='bbox 1878 3648 1971 3735; x_wconf 90' lang='lat' dir='ltr'><strong>quod</strong></span> <span class='ocrx_word' id='word_1_462' title='bbox 1993 3641 2180 3729; x_wconf 72' lang='lat' dir='ltr'><strong>honestum</strong></span> 
     </span>
     <span class='ocr_line' id='line_1_34' title="bbox 145 3732 2181 3835; baseline 0.011 -28"><span class='ocrx_word' id='word_1_463' title='bbox 145 3752 383 3819; x_wconf 85' lang='lat' dir='ltr'><strong>revertamur,</strong></span> <span class='ocrx_word' id='word_1_464' title='bbox 416 3753 464 3807; x_wconf 89' lang='lat' dir='ltr'><strong>est</strong></span> <span class='ocrx_word' id='word_1_465' title='bbox 487 3741 597 3831; x_wconf 91' lang='lat' dir='ltr'><strong>pietas</strong></span> <span class='ocrx_word' id='word_1_466' title='bbox 627 3767 705 3832; x_wconf 87' lang='lat' dir='ltr'><strong>erga</strong></span> <span class='ocrx_word' id='word_1_467' title='bbox 731 3756 910 3835; x_wconf 90' lang='lat' dir='ltr'><strong>parentes,</strong></span> <span class='ocrx_word' id='word_1_468' title='bbox 940 3742 1139 3831; x_wconf 86' lang='lat' dir='ltr'><strong>coniugem,</strong></span> <span class='ocrx_word' id='word_1_469' title='bbox 1190 3745 1225 3803; x_wconf 91' lang='lat' dir='ltr'><strong>et</strong></span> <span class='ocrx_word' id='word_1_470' title='bbox 1240 3732 1392 3802; x_wconf 87' lang='lat' dir='ltr'><strong>salutare</strong></span> <span class='ocrx_word' id='word_1_471' title='bbox 1409 3732 1471 3817; x_wconf 92' lang='lat' dir='ltr'><strong>sit,</strong></span> <span class='ocrx_word' id='word_1_472' title='bbox 1494 3748 1649 3822; x_wconf 87' lang='lat' dir='ltr'><strong>spectare</strong></span> <span class='ocrx_word' id='word_1_473' title='bbox 1665 3762 1704 3809; x_wconf 89' lang='lat' dir='ltr'><strong>ac</strong></span> <span class='ocrx_word' id='word_1_474' title='bbox 1719 3742 1829 3834; x_wconf 89' lang='lat' dir='ltr'><strong>sequi.</strong></span> <span class='ocrx_word' id='word_1_475' title='bbox 1864 3741 1955 3817; x_wconf 89' lang='lat' dir='ltr'><strong>Nota</strong></span> <span class='ocrx_word' id='word_1_476' title='bbox 1974 3767 2181 3830; x_wconf 85' lang='lat' dir='ltr'><strong>estsenreu-</strong></span> 
     </span>
     <span class='ocr_line' id='line_1_35' title="bbox 144 3831 1568 3936; baseline 0.004 -27"><span class='ocrx_word' id='word_1_477' title='bbox 144 3840 292 3917; x_wconf 88' lang='lat' dir='ltr'><strong>liberos,</strong></span> <span class='ocrx_word' id='word_1_478' title='bbox 314 3854 348 3909; x_wconf 91' lang='lat' dir='ltr'><strong>et</strong></span> <span class='ocrx_word' id='word_1_479' title='bbox 363 3840 401 3908; x_wconf 92' lang='lat' dir='ltr'><strong>in</strong></span> <span class='ocrx_word' id='word_1_480' title='bbox 413 3839 578 3934; x_wconf 86' lang='lat' dir='ltr'><strong>Principe</strong></span> <span class='ocrx_word' id='word_1_481' title='bbox 595 3844 778 3936; x_wconf 88' lang='lat' dir='ltr'><strong>praecipue</strong></span> <span class='ocrx_word' id='word_1_482' title='bbox 795 3868 874 3934; x_wconf 87' lang='lat' dir='ltr'><strong>erga</strong></span> <span class='ocrx_word' id='word_1_483' title='bbox 891 3845 984 3913; x_wconf 87' lang='lat' dir='ltr'><strong>cives</strong></span> <span class='ocrx_word' id='word_1_484' title='bbox 1000 3869 1038 3913; x_wconf 92' lang='lat' dir='ltr'><strong>ac</strong></span> <span class='ocrx_word' id='word_1_485' title='bbox 1052 3843 1138 3912; x_wconf 91' lang='lat' dir='ltr'><strong>sub·</strong></span> <span class='ocrx_word' id='word_1_486' title='bbox 1191 3835 1239 3904; x_wconf 76' lang='lat' dir='ltr'><strong>lia</strong></span> <span class='ocrx_word' id='word_1_487' title='bbox 1254 3831 1364 3904; x_wconf 64' lang='lat' dir='ltr'><strong>Ennii</strong></span> <span class='ocrx_word' id='word_1_488' title='bbox 1381 3834 1425 3903; x_wconf 71' lang='lat' dir='ltr'><strong>de</strong></span> <span class='ocrx_word' id='word_1_489' title='bbox 1441 3832 1568 3904; x_wconf 62' lang='lat' dir='ltr'><strong>Fabio:</strong></span> 
     </span>
     <span class='ocr_line' id='line_1_36' title="bbox 143 3941 1140 4040; baseline 0.005 -27"><span class='ocrx_word' id='word_1_490' title='bbox 143 3943 263 4023; x_wconf 89' lang='lat' dir='ltr'><strong>ditos,</strong></span> <span class='ocrx_word' id='word_1_491' title='bbox 300 3966 405 4032; x_wconf 85' lang='lat' dir='ltr'><strong>quarn</strong></span> <span class='ocrx_word' id='word_1_492' title='bbox 441 3941 618 4015; x_wconf 90' lang='lat' dir='ltr'><strong>Homerus</strong></span> <span class='ocrx_word' id='word_1_493' title='bbox 651 3970 824 4015; x_wconf 89' lang='lat' dir='ltr'><strong>summam</strong></span> <span class='ocrx_word' id='word_1_494' title='bbox 855 3945 969 4040; x_wconf 86' lang='lat' dir='ltr'><strong>Ulyssi</strong></span> <span class='ocrx_word' id='word_1_495' title='bbox 1002 3945 1140 4018; x_wconf 76' lang='lat' dir='ltr'><strong>tribuit.</strong></span> 
     </span>
     <span class='ocr_line' id='line_1_37' title="bbox 143 4043 1141 4137; baseline 0.001 -23"><span class='ocrx_word' id='word_1_496' title='bbox 143 4043 265 4134; x_wconf 73' lang='lat' dir='ltr'><strong>Quem</strong></span> <span class='ocrx_word' id='word_1_497' title='bbox 289 4056 409 4113; x_wconf 85' lang='lat' dir='ltr'><strong>sancte</strong></span> <span class='ocrx_word' id='word_1_498' title='bbox 436 4045 532 4113; x_wconf 89' lang='lat' dir='ltr'><strong>enim</strong></span> <span class='ocrx_word' id='word_1_499' title='bbox 556 4046 616 4114; x_wconf 81' lang='lat' dir='ltr'><strong>ille</strong></span> <span class='ocrx_word' id='word_1_500' title='bbox 640 4061 799 4137; x_wconf 89' lang='lat' dir='ltr'><strong>parentes</strong></span> <span class='ocrx_word' id='word_1_501' title='bbox 820 4048 905 4117; x_wconf 89' lang='lat' dir='ltr'><strong>colit</strong></span> <span class='ocrx_word' id='word_1_502' title='bbox 933 4072 973 4117; x_wconf 94' lang='lat' dir='ltr'><strong>ac</strong></span> <span class='ocrx_word' id='word_1_503' title='bbox 992 4070 1141 4115; x_wconf 86' lang='lat' dir='ltr'><strong>venera·</strong></span> 
     </span>
     <span class='ocr_line' id='line_1_38' title="bbox 143 4140 2183 4248; baseline 0.003 -31"><span class='ocrx_word' id='word_1_504' title='bbox 143 4145 232 4217; x_wconf 73' lang='lat' dir='ltr'><strong>turi</strong></span> <span class='ocrx_word' id='word_1_505' title='bbox 262 4160 397 4237; x_wconf 79' lang='lat' dir='ltr'><strong>qirauto</strong></span> <span class='ocrx_word' id='word_1_506' title='bbox 414 4162 690 4229; x_wconf 74' lang='lat' dir='ltr'><strong>amorensium,</strong></span> <span class='ocrx_word' id='word_1_507' title='bbox 716 4163 849 4242; x_wconf 89' lang='lat' dir='ltr'><strong>quantu</strong></span> <span class='ocrx_word' id='word_1_508' title='bbox 864 4147 1048 4237; x_wconf 88' lang='lat' dir='ltr'><strong>coniugem</strong></span> <span class='ocrx_word' id='word_1_509' title='bbox 1065 4170 1141 4216; x_wconf 88' lang='lat' dir='ltr'><strong>am·</strong></span> <span class='ocrx_word' id='word_1_510' title='bbox 1192 4140 1245 4214; x_wconf 84' lang='lat' dir='ltr'><strong>Ea</strong></span> <span class='ocrx_word' id='word_1_511' title='bbox 1269 4143 1375 4233; x_wconf 89' lang='lat' dir='ltr'><strong>plane</strong></span> <span class='ocrx_word' id='word_1_512' title='bbox 1398 4157 1450 4214; x_wconf 86' lang='lat' dir='ltr'><strong>est</strong></span> <span class='ocrx_word' id='word_1_513' title='bbox 1472 4142 1615 4238; x_wconf 87' lang='lat' dir='ltr'><strong>Ulyssea</strong></span> <span class='ocrx_word' id='word_1_514' title='bbox 1639 4148 1832 4242; x_wconf 85' lang='lat' dir='ltr'><strong>sapientia,</strong></span> <span class='ocrx_word' id='word_1_515' title='bbox 1865 4181 1933 4248; x_wconf 80' lang='lat' dir='ltr'><strong>qua</strong></span> <span class='ocrx_word' id='word_1_516' title='bbox 1957 4185 2012 4229; x_wconf 77' lang='lat' dir='ltr'><strong>res</strong></span> <span class='ocrx_word' id='word_1_517' title='bbox 2034 4166 2183 4239; x_wconf 58' lang='lat' dir='ltr'><strong>afflictae</strong></span> 
     </span>
     <span class='ocr_line' id='line_1_39' title="bbox 144 4244 2184 4341; baseline 0.011 -25"><span class='ocrx_word' id='word_1_518' title='bbox 144 4247 326 4340; x_wconf 87' lang='lat' dir='ltr'><strong>plectitur,</strong></span> <span class='ocrx_word' id='word_1_519' title='bbox 351 4272 456 4340; x_wconf 87' lang='lat' dir='ltr'><strong>aquo</strong></span> <span class='ocrx_word' id='word_1_520' title='bbox 471 4272 536 4318; x_wconf 89' lang='lat' dir='ltr'><strong>nec</strong></span> <span class='ocrx_word' id='word_1_521' title='bbox 553 4248 977 4320; x_wconf 89' lang='lat' dir='ltr'><strong>consuetudineDearum</strong></span> <span class='ocrx_word' id='word_1_522' title='bbox 993 4250 1141 4317; x_wconf 90' lang='lat' dir='ltr'><strong>immor·</strong></span> <span class='ocrx_word' id='word_1_523' title='bbox 1193 4259 1227 4315; x_wconf 89' lang='lat' dir='ltr'><strong>ct</strong></span> <span class='ocrx_word' id='word_1_524' title='bbox 1251 4244 1455 4336; x_wconf 84' lang='lat' dir='ltr'><strong>profligatae</strong></span> <span class='ocrx_word' id='word_1_525' title='bbox 1480 4247 1685 4341; x_wconf 90' lang='lat' dir='ltr'><strong>plerumque</strong></span> <span class='ocrx_word' id='word_1_526' title='bbox 1710 4252 1828 4322; x_wconf 82' lang='lat' dir='ltr'><strong>fulciri</strong></span> <span class='ocrx_word' id='word_1_527' title='bbox 1850 4281 1888 4325; x_wconf 87' lang='lat' dir='ltr'><strong>ac</strong></span> <span class='ocrx_word' id='word_1_528' title='bbox 1915 4268 2103 4335; x_wconf 88' lang='lat' dir='ltr'><strong>sustentari</strong></span> <span class='ocrx_word' id='word_1_529' title='bbox 2126 4294 2184 4339; x_wconf 89' lang='lat' dir='ltr'><strong>so·</strong></span> 
     </span>
     <span class='ocr_line' id='line_1_40' title="bbox 143 4346 2184 4465; baseline 0.008 -43"><span class='ocrx_word' id='word_1_530' title='bbox 143 4349 275 4422; x_wconf 87' lang='lat' dir='ltr'><strong>talium</strong></span> <span class='ocrx_word' id='word_1_531' title='bbox 296 4349 398 4418; x_wconf 90' lang='lat' dir='ltr'><strong>avelli</strong></span> <span class='ocrx_word' id='word_1_532' title='bbox 416 4372 453 4418; x_wconf 92' lang='lat' dir='ltr'><strong>se</strong></span> <span class='ocrx_word' id='word_1_533' title='bbox 470 4352 628 4442; x_wconf 81' lang='lat' dir='ltr'><strong>patitur?</strong></span> <span class='ocrx_word' id='word_1_534' title='bbox 652 4366 783 4445; x_wconf 86' lang='lat' dir='ltr'><strong>quauta</strong></span> <span class='ocrx_word' id='word_1_535' title='bbox 798 4376 881 4423; x_wconf 88' lang='lat' dir='ltr'><strong>vcro</strong></span> <span class='ocrx_word' id='word_1_536' title='bbox 896 4349 1143 4422; x_wconf 88' lang='lat' dir='ltr'><strong>curactsolli·</strong></span> <span class='ocrx_word' id='word_1_537' title='bbox 1194 4349 1280 4418; x_wconf 90' lang='lat' dir='ltr'><strong>lent.</strong></span> <span class='ocrx_word' id='word_1_538' title='bbox 1316 4346 1446 4416; x_wconf 90' lang='lat' dir='ltr'><strong>Desino</strong></span> <span class='ocrx_word' id='word_1_539' title='bbox 1464 4351 1508 4415; x_wconf 91' lang='lat' dir='ltr'><strong>de</strong></span> <span class='ocrx_word' id='word_1_540' title='bbox 1526 4346 1660 4442; x_wconf 87' lang='lat' dir='ltr'><strong>Ulysse,</strong></span> <span class='ocrx_word' id='word_1_541' title='bbox 1687 4378 1792 4443; x_wconf 91' lang='lat' dir='ltr'><strong>quem</strong></span> <span class='ocrx_word' id='word_1_542' title='bbox 1808 4352 2042 4433; x_wconf 87' lang='lat' dir='ltr'><strong>Philostratus</strong></span> <span class='ocrx_word' id='word_1_543' title='bbox 2061 4364 2184 4465; x_wconf 79' lang='grc' dir='ltr'><em>ἄθυρ-</em></span> 
     </span>
     <span class='ocr_line' id='line_1_41' title="bbox 143 4445 2183 4557; baseline 0.008 -35"><span class='ocrx_word' id='word_1_544' title='bbox 143 4451 309 4523; x_wconf 87' lang='lat' dir='ltr'><strong>citudiue</strong></span> <span class='ocrx_word' id='word_1_545' title='bbox 323 4452 431 4519; x_wconf 86' lang='lat' dir='ltr'><strong>vitam</strong></span> <span class='ocrx_word' id='word_1_546' title='bbox 450 4453 645 4537; x_wconf 89' lang='lat' dir='ltr'><strong>sociorum,</strong></span> <span class='ocrx_word' id='word_1_547' title='bbox 671 4478 876 4548; x_wconf 89' lang='lat' dir='ltr'><strong>quanquam</strong></span> <span class='ocrx_word' id='word_1_548' title='bbox 894 4453 985 4522; x_wconf 91' lang='lat' dir='ltr'><strong>male</strong></span> <span class='ocrx_word' id='word_1_549' title='bbox 1004 4476 1142 4521; x_wconf 88' lang='lat' dir='ltr'><strong>mereu-</strong></span> <span class='ocrx_word' id='word_1_550' title='bbox 1194 4474 1249 4543; x_wconf 83' lang='grc' dir='ltr'><strong>μα</strong></span> <span class='ocrx_word' id='word_1_551' title='bbox 1271 4445 1418 4516; x_wconf 90' lang='lat' dir='ltr'><strong>Homeri</strong></span> <span class='ocrx_word' id='word_1_552' title='bbox 1435 4462 1552 4516; x_wconf 88' lang='lat' dir='ltr'><strong>vocat:</strong></span> <span class='ocrx_word' id='word_1_553' title='bbox 1580 4474 1661 4519; x_wconf 89' lang='lat' dir='ltr'><strong>nam</strong></span> <span class='ocrx_word' id='word_1_554' title='bbox 1684 4454 1714 4521; x_wconf 90' lang='lat' dir='ltr'><strong>si</strong></span> <span class='ocrx_word' id='word_1_555' title='bbox 1735 4457 1872 4544; x_wconf 88' lang='lat' dir='ltr'><strong>singula</strong></span> <span class='ocrx_word' id='word_1_556' title='bbox 1889 4467 2049 4557; x_wconf 89' lang='lat' dir='ltr'><strong>persequi</strong></span> <span class='ocrx_word' id='word_1_557' title='bbox 2066 4471 2183 4556; x_wconf 83' lang='lat' dir='ltr'><strong>velim,</strong></span> 
     </span>
     <span class='ocr_line' id='line_1_42' title="bbox 144 4545 2183 4648; baseline 0.008 -24"><span class='ocrx_word' id='word_1_558' title='bbox 144 4554 262 4633; x_wconf 90' lang='lat' dir='ltr'><strong>tium,</strong></span> <span class='ocrx_word' id='word_1_559' title='bbox 297 4553 439 4625; x_wconf 87' lang='lat' dir='ltr'><strong>tuetur?</strong></span> <span class='ocrx_word' id='word_1_560' title='bbox 469 4581 575 4647; x_wconf 92' lang='lat' dir='ltr'><strong>quam</strong></span> <span class='ocrx_word' id='word_1_561' title='bbox 600 4580 663 4646; x_wconf 91' lang='lat' dir='ltr'><strong>pro</strong></span> <span class='ocrx_word' id='word_1_562' title='bbox 685 4557 756 4624; x_wconf 90' lang='lat' dir='ltr'><strong>illis</strong></span> <span class='ocrx_word' id='word_1_563' title='bbox 770 4557 911 4646; x_wconf 86' lang='lat' dir='ltr'><strong>vigilat,</strong></span> <span class='ocrx_word' id='word_1_564' title='bbox 948 4570 982 4626; x_wconf 87' lang='lat' dir='ltr'><strong>et</strong></span> <span class='ocrx_word' id='word_1_565' title='bbox 1003 4555 1143 4626; x_wconf 91' lang='lat' dir='ltr'><strong>nullum</strong></span> <span class='ocrx_word' id='word_1_566' title='bbox 1196 4552 1271 4621; x_wconf 75' lang='lat' dir='ltr'><strong>dies</strong></span> <span class='ocrx_word' id='word_1_567' title='bbox 1287 4574 1342 4617; x_wconf 89' lang='lat' dir='ltr'><strong>me</strong></span> <span class='ocrx_word' id='word_1_568' title='bbox 1360 4545 1604 4619; x_wconf 88' lang='lat' dir='ltr'><strong>bicdiccntem</strong></span> <span class='ocrx_word' id='word_1_569' title='bbox 1622 4553 1736 4637; x_wconf 88' lang='lat' dir='ltr'><strong>citius,</strong></span> <span class='ocrx_word' id='word_1_570' title='bbox 1760 4583 1864 4648; x_wconf 88' lang='lat' dir='ltr'><strong>quam</strong></span> <span class='ocrx_word' id='word_1_571' title='bbox 1880 4563 2021 4631; x_wconf 87' lang='lat' dir='ltr'><strong>dicendi</strong></span> <span class='ocrx_word' id='word_1_572' title='bbox 2038 4573 2183 4642; x_wconf 84' lang='lat' dir='ltr'><strong>materia</strong></span> 
     </span>
     <span class='ocr_line' id='line_1_43' title="bbox 143 4649 2184 4747; baseline 0.007 -22"><span class='ocrx_word' id='word_1_573' title='bbox 143 4678 260 4747; x_wconf 87' lang='lat' dir='ltr'><strong>genus</strong></span> <span class='ocrx_word' id='word_1_574' title='bbox 284 4656 462 4725; x_wconf 85' lang='lat' dir='ltr'><strong>molestiae</strong></span> <span class='ocrx_word' id='word_1_575' title='bbox 483 4659 538 4726; x_wconf 84' lang='lat' dir='ltr'><strong>vel</strong></span> <span class='ocrx_word' id='word_1_576' title='bbox 560 4657 692 4727; x_wconf 90' lang='lat' dir='ltr'><strong>laboris</strong></span> <span class='ocrx_word' id='word_1_577' title='bbox 713 4673 872 4744; x_wconf 87' lang='lat' dir='ltr'><strong>recusat,</strong></span> <span class='ocrx_word' id='word_1_578' title='bbox 897 4661 982 4728; x_wconf 92' lang='lat' dir='ltr'><strong>dum</strong></span> <span class='ocrx_word' id='word_1_579' title='bbox 999 4656 1143 4725; x_wconf 91' lang='lat' dir='ltr'><strong>illorum</strong></span> <span class='ocrx_word' id='word_1_580' title='bbox 1197 4651 1347 4721; x_wconf 86' lang='lat' dir='ltr'><strong>deficiat.</strong></span> <span class='ocrx_word' id='word_1_581' title='bbox 1397 4649 1674 4724; x_wconf 87' lang='lat' dir='ltr'><strong>Innumerabilia</strong></span> <span class='ocrx_word' id='word_1_582' title='bbox 1691 4659 1785 4724; x_wconf 90' lang='lat' dir='ltr'><strong>euim</strong></span> <span class='ocrx_word' id='word_1_583' title='bbox 1798 4675 1881 4730; x_wconf 91' lang='lat' dir='ltr'><strong>sunt</strong></span> <span class='ocrx_word' id='word_1_584' title='bbox 1895 4663 1932 4730; x_wconf 93' lang='lat' dir='ltr'><strong>iu</strong></span> <span class='ocrx_word' id='word_1_585' title='bbox 1949 4662 2106 4739; x_wconf 88' lang='lat' dir='ltr'><strong>llumero</strong></span> <span class='ocrx_word' id='word_1_586' title='bbox 2123 4698 2184 4739; x_wconf 84' lang='lat' dir='ltr'><strong>ve-</strong></span> 
     </span>
     <span class='ocr_line' id='line_1_44' title="bbox 143 4751 2184 4859; baseline 0.005 -32"><span class='ocrx_word' id='word_1_587' title='bbox 143 4757 256 4827; x_wconf 87' lang='lat' dir='ltr'><strong>saluti</strong></span> <span class='ocrx_word' id='word_1_588' title='bbox 276 4758 461 4827; x_wconf 86' lang='lat' dir='ltr'><strong>consulat?</strong></span> <span class='ocrx_word' id='word_1_589' title='bbox 1199 4755 1251 4823; x_wconf 92' lang='lat' dir='ltr'><strong>lut</strong></span> <span class='ocrx_word' id='word_1_590' title='bbox 1273 4751 1446 4821; x_wconf 83' lang='lat' dir='ltr'><strong>divinitus</strong></span> <span class='ocrx_word' id='word_1_591' title='bbox 1474 4754 1640 4830; x_wconf 87' lang='lat' dir='ltr'><strong>meditata</strong></span> <span class='ocrx_word' id='word_1_592' title='bbox 1662 4769 1767 4850; x_wconf 83' lang='lat' dir='ltr'><strong>atque</strong></span> <span class='ocrx_word' id='word_1_593' title='bbox 1797 4761 1959 4848; x_wconf 89' lang='lat' dir='ltr'><strong>iuventa,</strong></span> <span class='ocrx_word' id='word_1_594' title='bbox 1990 4791 2080 4859; x_wconf 88' lang='lat' dir='ltr'><strong>quae</strong></span> <span class='ocrx_word' id='word_1_595' title='bbox 2111 4798 2184 4844; x_wconf 88' lang='lat' dir='ltr'><strong>uun</strong></span> 
     </span>
     <span class='ocr_line' id='line_1_45' title="bbox 256 4852 2186 4963; baseline 0.01 -38"><span class='ocrx_word' id='word_1_596' title='bbox 256 4855 351 4945; x_wconf 87' lang='lat' dir='ltr'><strong>Quia</strong></span> <span class='ocrx_word' id='word_1_597' title='bbox 374 4883 457 4928; x_wconf 91' lang='lat' dir='ltr'><strong>vero</strong></span> <span class='ocrx_word' id='word_1_598' title='bbox 482 4884 560 4929; x_wconf 93' lang='lat' dir='ltr'><strong>eum</strong></span> <span class='ocrx_word' id='word_1_599' title='bbox 588 4859 669 4929; x_wconf 84' lang='lat' dir='ltr'><strong>lacit</strong></span> <span class='ocrx_word' id='word_1_600' title='bbox 696 4860 812 4930; x_wconf 77' lang='lat' dir='ltr'><strong>vinem</strong></span> <span class='ocrx_word' id='word_1_601' title='bbox 829 4859 1146 4952; x_wconf 87' lang='lat' dir='ltr'><strong>prudentissimum</strong></span> <span class='ocrx_word' id='word_1_602' title='bbox 1198 4871 1330 4927; x_wconf 87' lang='lat' dir='ltr'><strong>temere</strong></span> <span class='ocrx_word' id='word_1_603' title='bbox 1345 4855 1389 4921; x_wconf 90' lang='lat' dir='ltr'><strong>ab</strong></span> <span class='ocrx_word' id='word_1_604' title='bbox 1406 4852 1554 4923; x_wconf 88' lang='lat' dir='ltr'><strong>Horatio</strong></span> <span class='ocrx_word' id='word_1_605' title='bbox 1575 4857 1737 4928; x_wconf 88' lang='lat' dir='ltr'><strong>miranda</strong></span> <span class='ocrx_word' id='word_1_606' title='bbox 1753 4877 1834 4932; x_wconf 89' lang='lat' dir='ltr'><strong>sum</strong></span> <span class='ocrx_word' id='word_1_607' title='bbox 1851 4866 1960 4951; x_wconf 89' lang='lat' dir='ltr'><strong>dicta,</strong></span> <span class='ocrx_word' id='word_1_608' title='bbox 1981 4892 2091 4963; x_wconf 88' lang='lat' dir='ltr'><strong>eaque</strong></span> <span class='ocrx_word' id='word_1_609' title='bbox 2105 4878 2186 4945; x_wconf 91' lang='lat' dir='ltr'><strong>ubi-</strong></span> 
     </span>
     <span class='ocr_line' id='line_1_46' title="bbox 146 4955 2188 5053; baseline 0.006 -18"><span class='ocrx_word' id='word_1_610' title='bbox 146 4979 186 5035; x_wconf 92' lang='lat' dir='ltr'><strong>et</strong></span> <span class='ocrx_word' id='word_1_611' title='bbox 202 4961 548 5041; x_wconf 85' lang='lat' dir='ltr'><strong>constantissimum,</strong></span> <span class='ocrx_word' id='word_1_612' title='bbox 575 4962 689 5031; x_wconf 87' lang='lat' dir='ltr'><strong>varias</strong></span> <span class='ocrx_word' id='word_1_613' title='bbox 707 4963 808 5051; x_wconf 87' lang='lat' dir='ltr'><strong>fingit</strong></span> <span class='ocrx_word' id='word_1_614' title='bbox 824 4963 1043 5042; x_wconf 88' lang='lat' dir='ltr'><strong>occasiones,</strong></span> <span class='ocrx_word' id='word_1_615' title='bbox 1067 4960 1147 5053; x_wconf 90' lang='lat' dir='ltr'><strong>qui·</strong></span> <span class='ocrx_word' id='word_1_616' title='bbox 1200 4981 1269 5051; x_wconf 89' lang='lat' dir='ltr'><strong>que</strong></span> <span class='ocrx_word' id='word_1_617' title='bbox 1290 4955 1409 5024; x_wconf 92' lang='lat' dir='ltr'><strong>omnia</strong></span> <span class='ocrx_word' id='word_1_618' title='bbox 1434 4956 1634 5025; x_wconf 85' lang='lat' dir='ltr'><strong>incredibili</strong></span> <span class='ocrx_word' id='word_1_619' title='bbox 1660 4961 1831 5048; x_wconf 84' lang='lat' dir='ltr'><strong>elegantia</strong></span> <span class='ocrx_word' id='word_1_620' title='bbox 1853 4980 1885 5035; x_wconf 87' lang='lat' dir='ltr'><strong>et</strong></span> <span class='ocrx_word' id='word_1_621' title='bbox 1912 4970 2080 5044; x_wconf 87' lang='lat' dir='ltr'><strong>suavitate</strong></span> <span class='ocrx_word' id='word_1_622' title='bbox 2102 5000 2188 5047; x_wconf 91' lang='lat' dir='ltr'><strong>con·</strong></span> 
     </span>
     <span class='ocr_line' id='line_1_47' title="bbox 146 5056 2190 5168; baseline 0.005 -32"><span class='ocrx_word' id='word_1_623' title='bbox 146 5068 220 5136; x_wconf 89' lang='lat' dir='ltr'><strong>bus</strong></span> <span class='ocrx_word' id='word_1_624' title='bbox 237 5063 320 5132; x_wconf 91' lang='lat' dir='ltr'><strong>illae</strong></span> <span class='ocrx_word' id='word_1_625' title='bbox 337 5063 482 5133; x_wconf 87' lang='lat' dir='ltr'><strong>virtutes</strong></span> <span class='ocrx_word' id='word_1_626' title='bbox 497 5077 712 5150; x_wconf 85' lang='lat' dir='ltr'><strong>spectantur,</strong></span> <span class='ocrx_word' id='word_1_627' title='bbox 727 5065 835 5133; x_wconf 89' lang='lat' dir='ltr'><strong>variis</strong></span> <span class='ocrx_word' id='word_1_628' title='bbox 851 5064 988 5133; x_wconf 87' lang='lat' dir='ltr'><strong>casibus</strong></span> <span class='ocrx_word' id='word_1_629' title='bbox 1003 5075 1038 5132; x_wconf 85' lang='lat' dir='ltr'><strong>et</strong></span> <span class='ocrx_word' id='word_1_630' title='bbox 1054 5062 1148 5154; x_wconf 91' lang='lat' dir='ltr'><strong>peri·</strong></span> <span class='ocrx_word' id='word_1_631' title='bbox 1201 5060 1294 5139; x_wconf 91' lang='lat' dir='ltr'><strong>dita,</strong></span> <span class='ocrx_word' id='word_1_632' title='bbox 1333 5056 1439 5126; x_wconf 87' lang='lat' dir='ltr'><strong>variis</strong></span> <span class='ocrx_word' id='word_1_633' title='bbox 1463 5056 1664 5139; x_wconf 80' lang='lat' dir='ltr'><strong>affectibus,</strong></span> <span class='ocrx_word' id='word_1_634' title='bbox 1702 5059 1812 5153; x_wconf 79' lang='grc' dir='ltr'><em>ἤθεσι</em></span> <span class='ocrx_word' id='word_1_635' title='bbox 1844 5077 1961 5138; x_wconf 88' lang='lat' dir='ltr'><strong>tamen</strong></span> <span class='ocrx_word' id='word_1_636' title='bbox 1993 5079 2190 5168; x_wconf 88' lang='lat' dir='ltr'><strong>praecipue,</strong></span> 
     </span>
     <span class='ocr_line' id='line_1_48' title="bbox 148 5157 2189 5260; baseline 0.005 -23"><span class='ocrx_word' id='word_1_637' title='bbox 148 5167 245 5239; x_wconf 90' lang='lat' dir='ltr'><strong>culis</strong></span> <span class='ocrx_word' id='word_1_638' title='bbox 272 5164 395 5233; x_wconf 92' lang='lat' dir='ltr'><strong>obiicit</strong></span> <span class='ocrx_word' id='word_1_639' title='bbox 420 5167 554 5255; x_wconf 89' lang='lat' dir='ltr'><strong>ipsum,</strong></span> <span class='ocrx_word' id='word_1_640' title='bbox 591 5166 628 5234; x_wconf 92' lang='lat' dir='ltr'><strong>iu</strong></span> <span class='ocrx_word' id='word_1_641' title='bbox 656 5166 788 5256; x_wconf 90' lang='lat' dir='ltr'><strong>quibus</strong></span> <span class='ocrx_word' id='word_1_642' title='bbox 813 5179 848 5235; x_wconf 90' lang='lat' dir='ltr'><strong>et</strong></span> <span class='ocrx_word' id='word_1_643' title='bbox 874 5165 1047 5235; x_wconf 81' lang='lat' dir='ltr'><strong>fortitudo</strong></span> <span class='ocrx_word' id='word_1_644' title='bbox 1075 5165 1150 5232; x_wconf 90' lang='lat' dir='ltr'><strong>eius</strong></span> <span class='ocrx_word' id='word_1_645' title='bbox 1201 5158 1324 5228; x_wconf 90' lang='lat' dir='ltr'><strong>multis</strong></span> <span class='ocrx_word' id='word_1_646' title='bbox 1340 5157 1564 5228; x_wconf 85' lang='lat' dir='ltr'><strong>mirabilibus</strong></span> <span class='ocrx_word' id='word_1_647' title='bbox 1580 5175 1614 5230; x_wconf 92' lang='lat' dir='ltr'><strong>et</strong></span> <span class='ocrx_word' id='word_1_648' title='bbox 1629 5162 1794 5232; x_wconf 89' lang='lat' dir='ltr'><strong>iucundis</strong></span> <span class='ocrx_word' id='word_1_649' title='bbox 1809 5168 1945 5238; x_wconf 90' lang='lat' dir='ltr'><strong>casibus</strong></span> <span class='ocrx_word' id='word_1_650' title='bbox 1963 5176 2104 5260; x_wconf 87' lang='lat' dir='ltr'><strong>variata,</strong></span> <span class='ocrx_word' id='word_1_651' title='bbox 2128 5181 2189 5248; x_wconf 91' lang='lat' dir='ltr'><strong>tali</strong></span> 
     </span>
     <span class='ocr_line' id='line_1_49' title="bbox 148 5262 2193 5365; baseline 0.004 -26"><span class='ocrx_word' id='word_1_652' title='bbox 148 5269 371 5345; x_wconf 86' lang='lat' dir='ltr'><strong>osterulitur,</strong></span> <span class='ocrx_word' id='word_1_653' title='bbox 404 5280 438 5334; x_wconf 89' lang='lat' dir='ltr'><strong>et</strong></span> <span class='ocrx_word' id='word_1_654' title='bbox 472 5267 527 5336; x_wconf 87' lang='lat' dir='ltr'><strong>vis</strong></span> <span class='ocrx_word' id='word_1_655' title='bbox 558 5268 698 5336; x_wconf 90' lang='lat' dir='ltr'><strong>consilii</strong></span> <span class='ocrx_word' id='word_1_656' title='bbox 733 5281 939 5359; x_wconf 87' lang='lat' dir='ltr'><strong>exprompta</strong></span> <span class='ocrx_word' id='word_1_657' title='bbox 975 5265 1150 5335; x_wconf 89' lang='lat' dir='ltr'><strong>elucescit.</strong></span> <span class='ocrx_word' id='word_1_658' title='bbox 1202 5284 1287 5329; x_wconf 79' lang='lat' dir='ltr'><strong>vcro</strong></span> <span class='ocrx_word' id='word_1_659' title='bbox 1312 5284 1431 5328; x_wconf 90' lang='lat' dir='ltr'><strong>rerum</strong></span> <span class='ocrx_word' id='word_1_660' title='bbox 1464 5262 1590 5329; x_wconf 88' lang='lat' dir='ltr'><strong>ordine</strong></span> <span class='ocrx_word' id='word_1_661' title='bbox 1620 5278 1725 5354; x_wconf 87' lang='lat' dir='ltr'><strong>atque</strong></span> <span class='ocrx_word' id='word_1_662' title='bbox 1755 5266 1948 5365; x_wconf 71' lang='grc' dir='ltr'><strong><em>οἰκονομίᾳ</em></strong></span> <span class='ocrx_word' id='word_1_663' title='bbox 1971 5275 2119 5365; x_wconf 87' lang='lat' dir='ltr'><strong>digesta,</strong></span> <span class='ocrx_word' id='word_1_664' title='bbox 2153 5294 2193 5351; x_wconf 93' lang='lat' dir='ltr'><strong>ut</strong></span> 
     </span>
     <span class='ocr_line' id='line_1_50' title="bbox 151 5356 2192 5467; baseline 0.005 -29"><span class='ocrx_word' id='word_1_665' title='bbox 151 5371 295 5442; x_wconf 83' lang='lat' dir='ltr'><strong>Scimus</strong></span> <span class='ocrx_word' id='word_1_666' title='bbox 314 5369 406 5435; x_wconf 85' lang='lat' dir='ltr'><strong>euim</strong></span> <span class='ocrx_word' id='word_1_667' title='bbox 423 5369 605 5437; x_wconf 78' lang='lat' dir='ltr'><strong>adversam</strong></span> <span class='ocrx_word' id='word_1_668' title='bbox 629 5370 808 5439; x_wconf 86' lang='lat' dir='ltr'><strong>fortunam</strong></span> <span class='ocrx_word' id='word_1_669' title='bbox 827 5369 923 5438; x_wconf 84' lang='lat' dir='ltr'><strong>vetut</strong></span> <span class='ocrx_word' id='word_1_670' title='bbox 939 5392 1102 5457; x_wconf 78' lang='lat' dir='ltr'><strong>campum</strong></span> <span class='ocrx_word' id='word_1_671' title='bbox 1119 5378 1151 5434; x_wconf 77' lang='lat' dir='ltr'><strong>et</strong></span> <span class='ocrx_word' id='word_1_672' title='bbox 1204 5361 1305 5432; x_wconf 85' lang='lat' dir='ltr'><strong>omni</strong></span> <span class='ocrx_word' id='word_1_673' title='bbox 1339 5356 1571 5432; x_wconf 84' lang='lat' dir='ltr'><strong>humanitatis</strong></span> <span class='ocrx_word' id='word_1_674' title='bbox 1600 5387 1703 5432; x_wconf 86' lang='lat' dir='ltr'><strong>sensu</strong></span> <span class='ocrx_word' id='word_1_675' title='bbox 1737 5390 1854 5437; x_wconf 88' lang='lat' dir='ltr'><strong>carere</strong></span> <span class='ocrx_word' id='word_1_676' title='bbox 1889 5397 1991 5458; x_wconf 91' lang='lat' dir='ltr'><strong>eum,</strong></span> <span class='ocrx_word' id='word_1_677' title='bbox 2025 5383 2192 5467; x_wconf 89' lang='lat' dir='ltr'><strong>pecudem</strong></span> 
     </span>
    </p>
   </div>
   <div class='ocr_carea' id='block_1_3' title="bbox 155 5459 2194 5606">
    <p class='ocr_par' dir='ltr' id='par_1_3' title="bbox 155 5459 2194 5606">
     <span class='ocr_line' id='line_1_51' title="bbox 155 5459 2194 5606; baseline 0.006 -66"><span class='ocrx_word' id='word_1_678' title='bbox 155 5468 395 5563; x_wconf 79' lang='lat' dir='ltr'><strong>Gymnasium</strong></span> <span class='ocrx_word' id='word_1_679' title='bbox 410 5492 501 5553; x_wconf 85' lang='lat' dir='ltr'><strong>esse,</strong></span> <span class='ocrx_word' id='word_1_680' title='bbox 535 5470 572 5539; x_wconf 91' lang='lat' dir='ltr'><strong>in</strong></span> <span class='ocrx_word' id='word_1_681' title='bbox 588 5495 659 5563; x_wconf 89' lang='lat' dir='ltr'><strong>quo</strong></span> <span class='ocrx_word' id='word_1_682' title='bbox 678 5472 730 5541; x_wconf 86' lang='lat' dir='ltr'><strong>vis</strong></span> <span class='ocrx_word' id='word_1_683' title='bbox 753 5470 886 5561; x_wconf 89' lang='lat' dir='ltr'><strong>ingenii</strong></span> <span class='ocrx_word' id='word_1_684' title='bbox 904 5484 1010 5561; x_wconf 86' lang='lat' dir='ltr'><strong>atque</strong></span> <span class='ocrx_word' id='word_1_685' title='bbox 1026 5467 1182 5557; x_wconf 66' lang='lat' dir='ltr'><strong>eximia,</strong></span> <span class='ocrx_word' id='word_1_686' title='bbox 1207 5487 1304 5548; x_wconf 89' lang='lat' dir='ltr'><strong>esse,</strong></span> <span class='ocrx_word' id='word_1_687' title='bbox 1331 5486 1406 5532; x_wconf 89' lang='lat' dir='ltr'><strong>nou</strong></span> <span class='ocrx_word' id='word_1_688' title='bbox 1430 5459 1610 5606; x_wconf 55' lang='lat' dir='ltr'><strong>h⁰2¹2¹ff¹⁰</strong></span> <span class='ocrx_word' id='word_1_689' title='bbox 1634 5466 1845 5549; x_wconf 88' lang='lat' dir='ltr'><strong>existimem,</strong></span> <span class='ocrx_word' id='word_1_690' title='bbox 1871 5474 2024 5565; x_wconf 91' lang='lat' dir='ltr'><strong>quinon</strong></span> <span class='ocrx_word' id='word_1_691' title='bbox 2046 5476 2194 5551; x_wconf 83' lang='lat' dir='ltr'><strong>Homeri</strong></span> 
     </span>
    </p>
   </div>
   <div class='ocr_carea' id='block_1_4' title="bbox 1318 3991 2019 4079">
    <p class='ocr_par' dir='ltr' id='par_1_4' title="bbox 1318 3991 2019 4079">
     <span class='ocr_line' id='line_1_52' title="bbox 1318 3991 2019 4079; baseline 0.027 -25"><span class='ocrx_word' id='word_1_692' title='bbox 1318 3991 1390 4058; x_wconf 88' lang='lat' dir='ltr'><strong>Nou</strong></span> <span class='ocrx_word' id='word_1_693' title='bbox 1405 3997 1534 4076; x_wconf 78' lang='lat' dir='ltr'><strong>ponebat</strong></span> <span class='ocrx_word' id='word_1_694' title='bbox 1548 3999 1630 4058; x_wconf 82' lang='lat' dir='ltr'><strong>euim</strong></span> <span class='ocrx_word' id='word_1_695' title='bbox 1648 4021 1783 4063; x_wconf 85' lang='lat' dir='ltr'><strong>rumores</strong></span> <span class='ocrx_word' id='word_1_696' title='bbox 1798 4019 1865 4066; x_wconf 82' lang='lat' dir='ltr'><strong>aute</strong></span> <span class='ocrx_word' id='word_1_697' title='bbox 1881 4013 2019 4079; x_wconf 84' lang='lat' dir='ltr'><strong>salutem.</strong></span> 
     </span>
    </p>
   </div>
   <div class='ocr_carea' id='block_1_5' title="bbox 0 0 2336 6022">
    <p class='ocr_par' dir='ltr' id='par_1_5' title="bbox 0 0 2336 6022">
     <span class='ocr_line' id='line_1_53' title="bbox 0 0 2336 6022; baseline 0 1"><span class='ocrx_word' id='word_1_698' title='bbox 0 0 2336 6022; x_wconf 95' lang='lat' dir='ltr'><strong> </strong></span> 
     </span>
    </p>
   </div>
  </div>
 </body>
</html>
