4664 6022
155 319 229 393 un
537 300 698 381 DECL.
747 296 822 375 DE
853 297 1115 375 stutcuo
1146 299 1291 377 lUllE
1321 296 1398 375 ET
1429 294 1797 392 altumaltum
2109 296 2177 377 stt

154 485 442 566 commonefacta,
453 473 657 567 diligentius
670 471 796 562 cogitet
810 493 931 542 causas
944 494 1142 543 curaman-
1193 494 1272 543 rum
1287 471 1512 542 confusiones
1536 484 1695 543 veterum
1721 470 1838 560 legum
1853 466 2075 542 oblivionem
2090 478 2178 539 sttu

155 596 223 665 dae
237 591 309 660 sint
323 588 435 676 leges,
455 602 522 650 cur
536 572 629 647 hauc
645 573 844 645 doctrinam
859 572 1002 644 retineri
1018 571 1058 642 in
1072 572 1141 641 im·
1193 572 1325 647 lerunt.
1375 571 1498 642 Postea
1517 568 1614 643 Deus
1634 572 1792 643 excitatis
1814 572 1918 642 novis
1937 568 2178 661 gubernatori-

158 692 418 787 periisnecesse
433 680 500 760 sit,
524 679 570 749 de
583 699 652 769 qua
665 676 809 765 vulqus,
832 674 917 767 quia
931 687 1057 744 natura
1071 673 1142 742 irn-
1193 675 1261 743 bus
1300 687 1480 768 utcunque
1513 674 1606 764 leges
1639 673 1865 747 instauravit.
1929 674 1983 743 Ae
2016 666 2176 743 historiae
2211 732 2213 737 .

160 793 296 887 patiens
308 802 362 859 est
373 782 485 866 ireoi,
505 792 541 849 et
561 777 697 869 legibus
718 776 925 860 inimicum,
944 797 1043 845 secus
1059 796 1142 843 sen·
1192 778 1404 859 ostendunt,
1438 774 1671 845 vetustissima
1706 797 1867 869 quaeque
1892 773 2040 844 vincula
2072 771 2179 865 pluri-
2211 750 2213 805 Ι

158 897 218 967 tit:
265 887 451 981 disputabo
486 880 596 969 igitur
634 878 769 971 aliquid
802 878 848 947 ‹le
887 876 963 967 lege
994 874 1141 945 Placuit.
1194 900 1292 949 mum
1315 875 1508 947 severitatis
1528 872 1705 948 babuisse.
1755 874 1795 947 Si
1817 888 1934 947 status
1955 872 2178 967 oppressisset

156 994 198 1069 G.
215 997 259 1065 dc
272 988 424 1067 iudiciis,
449 981 514 1053 ubi
528 980 695 1072 scriptum
711 991 778 1049 est:
815 975 951 1048 Placuit
968 976 1008 1046 in
1022 976 1142 1047 omni·
1194 972 1375 1048 hominem
1390 1000 1491 1061 casu,
1516 992 1683 1071 tanquam
1699 978 1902 1048 damnatam
1918 999 1939 1045 e
1955 975 2093 1045 finibus
2107 972 2177 1045 eiici

159 1098 226 1167 bus
247 1094 351 1164 rebus
372 1084 596 1182 praecipuam
618 1102 690 1150 esse
708 1077 862 1149 iustitiae
886 1076 1142 1173 aequitatisque
1192 1079 1362 1170 oportuit.
1401 1076 1452 1149 lta
1467 1078 1525 1149 vel
1537 1079 1683 1148 fortuita
1700 1079 1806 1148 caede
1820 1078 1991 1171 pollutus,
2015 1091 2058 1148 ut
2071 1072 2178 1149 aurs

157 1197 325 1289 scriptae,
355 1212 462 1283 quam
486 1182 599 1254 stricti
619 1180 708 1252 iuris
728 1179 911 1252 rationem.
969 1176 1141 1263 Brevitas,
1193 1194 1287 1262 stus,
1311 1179 1369 1249 vel
1385 1178 1448 1273 qui
1462 1179 1682 1270 probabilem
1697 1193 1732 1250 et
1752 1178 1879 1249 iustam
1893 1200 2038 1249 cauum
2052 1170 2178 1249 babos
2211 1176 2214 1203 '

157 1312 199 1371 ut
211 1298 269 1377 lit,
297 1290 433 1385 aliquid
450 1282 509 1356 hic
524 1281 748 1355 obscuritatis
763 1281 886 1351 adlert.
924 1277 1014 1351 Nam
1031 1278 1142 1350 usita-
1193 1295 1275 1352 rant
1290 1280 1491 1351 trucidandi
1506 1304 1599 1365 suos,
1623 1293 1663 1350 ut
1679 1276 1874 1351 Alcmaeon
1890 1294 1926 1350 et
1940 1270 2113 1350 Orestes:
2132 1290 2177 1351 ta·

156 1413 234 1469 tum
255 1408 311 1466 est
330 1392 491 1464 strictum
514 1385 569 1455 ius
582 1383 795 1472 intelligere,
817 1381 986 1474 scriptum
1008 1380 1142 1474 ipsum:
1195 1406 1276 1452 men
1292 1381 1524 1452 eiiciebantur
1542 1405 1583 1451 es
1598 1381 1698 1452 omni
1712 1380 1970 1453 consuetudine
1986 1374 2178 1465 hominm.
2212 1438 2214 1455 .

158 1498 370 1593 aequitatem
394 1512 496 1567 vero,
523 1486 609 1576 legis
630 1483 887 1574 mitigationem
911 1482 1142 1573 probabilem,
1194 1485 1406 1553 arcebantur
1429 1506 1549 1553 mensa
1573 1496 1608 1553 et
1628 1477 1803 1573 hospitio,
1827 1506 1892 1553 nec
1919 1479 2178 1574 recipiebantur
2211 1474 2214 1577 l

157 1624 232 1670 non
246 1597 426 1688 scriptam,
439 1591 499 1659 aed
514 1583 663 1658 honesto
679 1585 807 1656 iudicis
818 1583 967 1653 consilio
976 1596 1010 1654 et
1020 1584 1143 1674 dispu·
1194 1585 1264 1654 nisi
1293 1584 1430 1674 expiata
1463 1584 1572 1655 caede
1597 1584 1719 1653 multis
1751 1597 1786 1654 et
1819 1582 1929 1654 variis
1961 1582 2177 1659 ceremoni'u⁸
2212 1618 2214 1641 ι

157 1701 291 1773 tatione
305 1693 510 1790 quaesitam.
563 1687 765 1782 Torquatus
780 1685 893 1755 lilium
916 1683 1144 1765 interficiens,
1195 1684 1317 1774 Quid?
1344 1683 1541 1755 Pudicitiae
1562 1685 1667 1775 louge
1688 1685 1803 1755 mmor
1821 1680 1938 1755 honos
1960 1682 2035 1756 init
2057 1683 2098 1753 iu
2115 1682 2178 1777 psi·

155 1803 255 1898 quod
273 1811 394 1869 contra
416 1789 597 1863 dictatoris
615 1791 821 1858 mandatum
839 1810 919 1856 cum
942 1780 1040 1856 hoste
1058 1809 1144 1875 pro-
1196 1787 1264 1855 mia
1279 1786 1436 1874 legibus,
1461 1809 1567 1879 quam
1594 1800 1723 1877 postes.
1774 1782 1910 1856 Aeolus
1933 1808 1999 1855 res
2022 1778 2178 1855 Thusca-
2212 1868 2214 1879 Ι

159 1914 306 1972 vocante
322 1896 540 1971 dimicasset,
566 1891 635 1979 legi
652 1889 805 1980 scriptae
827 1886 960 1977 paruit.
1011 1885 1058 1955 At
1077 1881 1142 1954 bo·
1194 1912 1273 1956 rum
1294 1888 1385 1956 filiae
1407 1911 1448 1956 ex
1469 1889 1577 1956 fratre
1599 1888 1764 1975 gravidae
1788 1885 1947 1975 gladium
1972 1885 2096 1971 misit,
2117 1908 2177 1981 qus
2212 1882 2214 1905 '

158 2002 294 2073 nestius
313 1997 502 2066 videbatur
523 1994 618 2084 quod
636 1991 719 2060 lecit
738 1987 930 2082 Papyrius,
954 1987 1017 2080 qui
1031 1985 1142 2057 Fabio
1193 1989 1255 2057 illa
1270 1987 1481 2080 patrisiram
1497 1989 1708 2078 intelligens,
1729 2011 1803 2058 sese
1818 1986 2007 2061 transfixit.
2044 1984 2177 2077 Quaen,

157 2102 325 2193 magistro
348 2096 509 2190 equitum
533 2093 573 2161 in
595 2091 703 2161 simili
721 2112 803 2159 casu
824 2087 959 2159 remisit
983 2110 1143 2180 poenam,
1193 2089 1358 2160 severitas
1380 2090 1467 2173 luit,
1491 2092 1587 2184 quod
1611 2089 1746 2180 legibus
1768 2089 1959 2160 duodecim
1983 2088 2177 2175 tabularum

158 2208 367 2296 deprecante
382 2221 446 2289 pro
464 2219 504 2263 eo
518 2195 664 2285 populo,
702 2190 771 2261 Hic
785 2190 914 2281 scripto
929 2214 1002 2259 nou
1016 2189 1143 2281 paruit,
1193 2191 1352 2284 periuros
1367 2192 1508 2261 desaxo
1523 2189 1676 2282 Tarpeio
1692 2189 1797 2261 deiici
1819 2188 2007 2280 oportuit?
2044 2186 2179 2283 Etpsst

157 2311 221 2377 sed
254 2299 509 2391 mitigationem
544 2294 765 2385 probabilem
800 2304 945 2384 propter
978 2286 1142 2361 honestas
1192 2306 1270 2363 sent
1291 2292 1402 2361 multa
1420 2291 1710 2375 commemorari,
1734 2314 1824 2385 quae
1842 2292 2047 2362 ostendunt
2068 2290 2177 2385 prinis

155 2428 278 2478 musas
293 2397 469 2474 adhibuit.
522 2396 701 2488 Scriptum
716 2394 854 2472 irascat,
879 2390 977 2461 neiu
997 2392 1142 2463 sabbato
1192 2393 1319 2464 seculis
1342 2392 1460 2482 legum
1482 2416 1604 2464 curam
1627 2392 1795 2462 maiorem
1816 2392 1946 2473 luisse,
1974 2404 2013 2463 ct
2030 2392 2172 2487 discipli·

85 2556 88 2561 -
156 2510 244 2579 liant
260 2504 404 2576 serviles
425 2520 563 2591 operae.
615 2494 662 2566 At
678 2494 821 2565 dimicat
837 2494 875 2562 in
896 2493 1042 2564 sabbato
1060 2491 1142 2563 Ma·
1193 2519 1275 2564 nam
1304 2494 1524 2584 graviorem,
1554 2517 1644 2588 quae
1674 2505 1768 2563 certe
1791 2492 1903 2564 literis
1927 2478 2176 2588 comprehensi

155 2605 349 2690 chabaeus,
373 2616 408 2673 et
423 2599 582 2693 sequitur
596 2621 670 2667 non
684 2596 871 2687 scriptum,
895 2596 953 2665 sed
974 2595 1141 2686 probabi·
1191 2596 1270 2668 tuit

156 2714 225 2781 lem
239 2709 431 2789 rationem,
454 2725 543 2795 quae
557 2700 685 2793 scripta
699 2700 850 2791 quadam
864 2691 1031 2790 ἐπιεικείᾳ
1053 2696 1140 2766 Ιειιίι
1293 2694 1504 2769 Retineatur
1535 2717 1618 2784 ergo
1645 2693 1816 2787 scriptum
1847 2693 1922 2778 ius,
1959 2709 1999 2768 et
2028 2696 2174 2769 umuitsu

156 2826 191 2882 et
215 2810 376 2880 inflectit.
434 2802 650 2874 Huiusmodi
673 2794 830 2890 exempla
857 2797 969 2867 multa
1001 2795 1141 2867 recitari
1190 2797 1388 2889 sapientum
1405 2798 1681 2887 gubernatorum
1704 2795 1910 2881 autoritate,
1937 2799 2174 2871 omninmdo·

126 2926 314 3002 possunt.
350 2907 390 2978 Si
405 2906 513 2995 igitur
527 2902 687 2972 strictum
701 2922 774 2969 non
789 2898 888 2968 aliud
901 2911 954 2969 est
968 2897 1037 2968 nisi
1054 2898 1141 2967 scri-
1191 2912 1329 2969 storum
1370 2922 1475 2979 voce,
1515 2896 1697 2969 sententiis
1735 2911 1774 2969 et
1812 2896 1926 2968 literis
1959 2899 2172 2975 detentam.

155 3027 275 3103 ptum,
309 3004 518 3100 perplexitas
538 3004 606 3073 erit
631 3002 669 3070 in
692 3002 767 3092 lege
782 2998 933 3071 Placuit.
974 2995 1053 3071 Etsi
1067 2998 1139 3069 scio
1192 2998 1310 3088 Quam
1349 2999 1557 3071 seutentiam
1593 3012 1633 3069 ut
1664 2997 1832 3071 omnibus
1862 2998 1972 3069 bonis
2008 3002 2167 3075 menut-

156 3113 287 3182 multos
304 3106 463 3179 cavillari
481 3101 714 3192 lsauclegem,
738 3114 856 3171 umen
870 3124 950 3171 cum
967 3099 1140 3173 sententia
1191 3100 1287 3173 Deus
1309 3100 1510 3180 confirmet,
1536 3100 1628 3171 veris
1648 3099 1740 3171 rotis
1765 3101 1959 3192 petendum
1977 3116 2052 3179 est.
2099 3100 2169 3177 lh

154 3214 200 3284 sit
217 3237 297 3281 veru
312 3223 348 3281 et
361 3206 524 3279 salutaris
540 3205 652 3288 vitae,
677 3203 933 3273 defendendam
954 3201 1140 3272 esseduxi.
1191 3202 1307 3293 legum
1330 3203 1541 3294 vituperatio
1563 3225 1637 3272 nou
1659 3214 1797 3272 tautum
1815 3202 1861 3271 sb
1884 3194 2056 3276 bumana
2079 3204 2173 3277 tots·
2214 3210 2216 3229 '

156 3314 317 3385 Primum
326 3334 408 3380 vera
424 3321 475 3379 est
490 3303 576 3376 haec
590 3304 784 3389 sententia,
803 3326 883 3375 cum
899 3326 973 3372 non
988 3303 1139 3374 dubium
1190 3304 1338 3376 cillitate
1350 3318 1386 3375 et
1399 3303 1552 3373 stulticia
1570 3304 1696 3386 oritur,
1716 3304 1777 3372 sed
1792 3325 1812 3371 s
1826 3301 1997 3374 diabolo:
2027 3307 2093 3401 qui
2109 3294 2173 3377 sisu

151 3416 199 3488 sit
223 3413 376 3506 praecipi
406 3409 573 3480 mandato
593 3403 680 3488 Dei,
707 3417 750 3476 ut
776 3402 815 3473 iu
836 3403 995 3498 qualibet
1017 3403 1140 3495 politia
1191 3405 1339 3476 molitur
1350 3401 1509 3494 ingentes
1521 3402 1769 3496 dissipationes
1785 3415 1821 3473 et
1833 3404 2085 3493 confusiones,
2103 3404 2172 3479 serit

152 3518 289 3606 legum,
320 3535 474 3606 quarum
497 3509 666 3579 autoritas
688 3505 868 3600 probabili
891 3506 936 3575 de
954 3528 1057 3575 causa
1082 3529 1140 3575 re-
1192 3505 1296 3577 iuitio
1313 3505 1428 3595 legum
1447 3504 1623 3589 convicia,
1649 3517 1683 3574 et
1698 3503 1933 3575 reverentiam
1946 3508 2087 3581 animis
2100 3506 2172 3579 leri·

151 3630 252 3709 cepta
268 3628 337 3698 cst,
363 3613 441 3683 voci
458 3612 757 3701 obtemperemus,
779 3628 920 3677 necesse
935 3619 988 3678 est
1002 3605 1140 3677 iudices
1191 3607 1259 3677 bus
1275 3607 1420 3677 excutit:
1446 3620 1565 3699 postea
1581 3605 1786 3677 confirmata
1804 3604 1947 3678 licentis
1965 3621 2006 3679 et
2022 3610 2171 3702 puoto.-

152 3742 195 3788 ex
211 3717 341 3806 scripto
358 3714 434 3783 iure
447 3709 695 3803 pronunciare,
719 3705 855 3799 alioqui
870 3730 1039 3800 quorsum
1054 3707 1140 3779 atti·
1191 3708 1240 3780 tia
1263 3731 1411 3798 magnae
1432 3720 1630 3803 sequuntur
1651 3704 1788 3799 politici
1803 3719 1917 3777 status
1939 3709 2088 3789 enimc,

152 3832 252 3887 neret
265 3815 350 3885 lerri
367 3814 469 3903 leges,
494 3810 526 3881 si
537 3809 715 3881 iudicibus
729 3820 866 3879 tantum
878 3807 1000 3880 liceret
1012 3832 1054 3879 es
1065 3831 1140 3879 sese
1293 3806 1363 3881 Sed
1388 3810 1433 3878 ad
1456 3822 1613 3879 nostram
1634 3807 1875 3901 quaestionem
1898 3810 2029 3889 redeo,
2082 3810 2171 3885 Slus

152 3921 283 4009 fingere
297 3916 501 4009 aequitates,
528 3925 570 3983 ut
582 3931 729 3981 araneae
741 3932 784 3979 es
800 3931 873 3981 sesa
886 3909 973 3981 telas
987 3914 1138 3981 terunt?
1190 3909 1320 4002 scripto
1336 3911 1414 3981 iure
1431 3908 1742 4002 pronunciandum
1757 3923 1831 3994 est,
1851 3907 2002 3983 videtur
2014 3912 2169 3985 acerrin

150 4019 254 4108 Quos
274 4042 314 4088 ea
336 4038 391 4089 res
410 4012 584 4086 tumultus
607 4010 789 4096 excitaret,
813 4010 844 4080 si
865 4009 928 4081 alii
948 4009 1053 4082 aliter
1074 4012 1135 4081 ud·
1188 4011 1301 4084 stricti
1315 4012 1404 4082 iuris
1417 4010 1618 4082 observatio
1632 4009 1777 4181 cespsiri.
1812 4007 1989 4082 Strictum
2007 4030 2061 4089 est
2077 4014 2170 4099 enta,

149 4122 252 4205 lecti,
285 4139 396 4188 novas
427 4108 615 4194 ἐπιεικείας
642 4111 1019 4184 comminiscerentur?
1067 4110 1139 4183 Vis
1189 4115 1286 4207 quod
1301 4112 1418 4184 verbis
1438 4112 1524 4204 legis
1547 4135 1689 4204 compre
1716 4134 1841 4182 ensum
1861 4114 2103 4188 etdelinitum
2113 4126 2171 4187 ests

151 4224 274 4305 etiam,
305 4243 384 4290 cum
406 4228 459 4287 est
479 4234 633 4299 certum,
664 4212 875 4306 explicatum
898 4226 934 4284 et
951 4212 1138 4285 definitum
1189 4227 1248 4300 ut,
1272 4238 1435 4307 pugnans
1456 4228 1578 4285 contra
1599 4213 1782 4285 dictatoris
1802 4214 2038 4303 mandatum,
2069 4211 2171 4289 εεειιιί

82 4409 88 4418 ,
150 4324 226 4408 ius,
252 4324 392 4393 frenum
411 4316 510 4389 iniici
536 4327 651 4408 potest
669 4314 735 4399 iia,
757 4314 821 4409 qui
838 4314 998 4409 occupati
1019 4315 1137 4409 aliqua
1188 4316 1348 4388 feriatur:
1379 4314 1554 4410 Torquati
1574 4316 1669 4387 lilius
1687 4314 1739 4386 alc
1769 4315 1959 4408 pugnavit:
1988 4318 2050 4389 lex
2075 4317 2172 4411 iqitus

149 4423 359 4515 cupiditate,
382 4420 534 4495 eludunt
555 4415 755 4510 perspicuas
769 4417 880 4507 leges,
906 4429 941 4488 et
961 4429 1138 4510 quaerunt
1188 4418 1357 4491 servunt.
1407 4415 1632 4510 Responderi
1647 4429 1777 4507 potest,
1800 4418 1906 4509 ss'epe
1921 4418 2017 4493 duas
2038 4432 2171 4493 aaut*

56 4596 59 4601 ,
147 4550 190 4596 εει
205 4524 318 4616 specie
335 4521 423 4593 iuris
442 4520 700 4612 prauemusad
715 4540 815 4588 snam
835 4517 1063 4611 cupiditatem
1078 4541 1137 4588 ar·
1188 4519 1254 4591 tias
1267 4520 1413 4610 scriptas
1428 4541 1522 4604 esse,
1548 4516 1764 4589 acerbiorem
1778 4530 1813 4589 et
1834 4517 2034 4591 mitiorem.
2085 4518 2172 4595 lue

149 4628 325 4696 mandam.
376 4620 487 4710 Quod
517 4621 611 4695 enim
644 4619 864 4690 arbitrantur
893 4618 1022 4715 aliqui,
1061 4642 1136 4689 nou
1187 4612 1252 4689 bas
1276 4620 1398 4690 mitior
1426 4618 1588 4710 eligenda
1613 4633 1675 4691 est.
1725 4616 1799 4690 Nec
1820 4632 1951 4691 temere
1974 4620 2170 4715 ammam

146 4729 255 4796 fuisse
270 4725 417 4816 scriptas
429 4736 510 4795 aute
525 4720 738 4816 Lycurgum,
758 4718 969 4807 Draconem,
992 4734 1053 4793 aut
1067 4718 1136 4793 So·
1187 4743 1260 4791 esse
1281 4720 1515 4815 aequitatem,
1546 4720 1609 4790 sed
1632 4744 1674 4790 ex
1695 4720 1825 4815 scripto
1845 4733 1880 4792 et
1902 4721 2002 4795 veris
2021 4724 2173 4799 lontib·

150 4828 268 4897 lonem
299 4826 339 4894 in
369 4821 536 4906 Graecia,
568 4845 718 4912 maguus
746 4844 847 4892 error
866 4834 928 4892 est.
987 4819 1136 4914 Semper
1186 4822 1275 4893 iuria
1288 4822 1495 4893 sumendam
1507 4843 1591 4895 esse.
1626 4818 1675 4894 Ut
1689 4820 1784 4892 enim
1798 4816 1925 4895 Celsus
1938 4818 2172 4901 Iurisconsul-

149 4929 243 5017 apud
258 4947 314 4995 eas
330 4937 449 5015 gentes
457 4974 470 5008 ,
485 4924 525 4992 in
539 4922 673 5013 quibus
685 4922 874 5014 disciplina
886 4921 1075 4998 mediocris
1098 4936 1136 4994 et
1186 4936 1244 4995 tus
1257 4923 1364 5009 dixit,
1389 4946 1469 4994 cnm
1486 4925 1530 4993 de
1550 4925 1646 4993 bono
1660 4936 1696 4995 et
1719 4945 1832 5016 aequo
1847 4924 2056 5018 quaeritur,
2079 4946 2172 5023 ssspt

148 5027 307 5098 iusticias
328 5023 524 5099 reverentia
537 5039 574 5095 et
595 5023 904 5110 assentiremus,
924 5024 1032 5095 luisse
1047 5024 1135 5099 scri·
1185 5024 1253 5096 sub
1269 5024 1457 5097 autoritate
1478 5024 1733 5095 iurisscieutise
1749 5022 1949 5117 perniciose
1960 5028 2101 5121 erari,
2122 5026 2171 5101 ri·

147 5143 226 5223 ptas
247 5127 360 5215 leges,
384 5140 501 5198 uetera
518 5138 748 5199 monumenta
771 5124 925 5216 plurima
950 5138 1135 5205 testantur.
1182 5125 1331 5211 delicet,
1352 5148 1433 5199 casm
1446 5125 1592 5217 tingitur
1607 5125 1764 5220 aequitas
1780 5148 1824 5197 eu
1842 5122 2077 5203 indoctorum
2090 5130 2171 5204 in·

146 5231 219 5303 Sed
233 5227 337 5298 bellis
354 5240 389 5298 at
402 5225 657 5297 vastationibus
673 5225 840 5299 tatalibus
854 5250 977 5298 omues
989 5226 1135 5320 politiae
1182 5226 1383 5319 giustioue,
1406 5251 1482 5304 uon
1495 5251 1539 5300 eu
1550 5227 1644 5298 veris
1656 5227 1827 5303 tontibus.

146 5331 204 5401 cel
219 5340 413 5423 quassatae,
437 5328 495 5396 vel
508 5340 756 5413 eversaesunt,
778 5329 967 5423 etallquse
980 5328 1135 5400 daucus
1285 5326 1357 5401 Sed
1377 5342 1516 5421 praeter
1536 5322 1629 5400 hauc
1649 5327 1919 5421 responsionem
1942 5322 2016 5405 ltoc
2037 5352 2169 5431 quoque

144 5445 200 5517 ter
215 5452 337 5504 rursus
353 5428 567 5503 instauratae
578 5442 677 5506 suot
727 5424 806 5508 tto
822 5452 943 5505 rerum
958 5425 1135 5507 bumana-
1185 5429 1435 5504 uoiversaliter
1445 5430 1516 5503 dici
1531 5441 1658 5524 potest,
1682 5450 1821 5526 semper
1834 5429 1875 5501 id
1888 5434 1994 5527 quod
2009 5435 2168 5533 mipmu
