4664 6022
143 309 214 382 ost
620 270 781 378 neco.
822 299 897 378 oa
928 301 1326 382 onrtntrronn
1359 306 1683 385 tusrtrran
2111 315 2184 397 sse

143 482 243 564 iacit,
268 493 310 554 ut
326 480 356 551 si
369 494 467 553 totus
481 479 637 550 mundus
661 479 784 569 flagret
806 478 993 561 incendio,
1019 491 1136 548 tamen
1190 482 1465 574 tranqtrilloDei
1477 483 1741 569 obliviscamur,
1758 485 1848 556 sicut
1861 499 1894 556 et
1912 485 1951 555 in
1959 483 2183 580 Moysedici·

143 600 260 678 speret
273 609 308 654 se
323 608 448 655 sanum
464 597 496 653 et
512 597 628 655 tutum
643 583 738 667 sore,
761 595 823 652 aut
836 581 867 650 si
882 581 998 653 videat
1012 605 1139 652 navem
1190 597 1264 654 tur:
1291 584 1392 656 Sedit
1408 587 1560 678 populus
1577 588 1801 669 manducare,
1826 611 1865 658 ac
1881 589 2034 659 surrexit
2051 589 2183 662 ludere.

144 712 244 759 suam
268 689 384 781 perire
410 687 562 768 incito,
592 709 628 753 se
644 696 764 754 tamen
788 697 903 776 speret
923 683 1139 755 incolumem
1292 701 1413 792 Quare
1438 705 1495 772 vel
1524 704 1676 774 maxime
1707 707 1813 776 rebus
1836 707 1984 800 quietis,
2015 733 2109 800 opus
2137 725 2185 780 ega

146 813 368 861 emersurum
389 811 483 873 ³⁸⁸⁸,
511 786 660 879 P‘slflde
679 811 720 855 ³⁰
741 811 820 856 cum
843 780 1140 878 ῑεῐῐιΡΜΘΝΟῙΜΕ
1190 804 1351 876 oratione
1373 809 1418 876 ad
1440 803 1577 893 Deum,
1614 820 1656 878 ut
1681 831 1748 876 nos
1770 823 1867 898 regat
1889 822 1925 881 et
1947 811 2183 882 continentia

145 907 240 965 totus
262 893 359 963 orbis
382 891 601 963 obruebatur
624 888 781 969 diluvlm
815 888 929 980 aliqui
959 888 1141 980 potuerint
1190 907 1327 989 officio,
1359 933 1405 978 ne
1425 909 1634 979 abiiciamus
1659 910 1733 980 eius
1756 911 1939 1001 timorem,
1966 929 2001 985 et
2022 912 2185 1003 [rigidius

144 996 261 1066 securi
289 1018 382 1079 esse,
414 993 514 1088 quasi
539 993 584 1063 ad
609 1015 645 1061 se
666 992 757 1061 illud
781 993 982 1061 universale
1004 991 1139 1060 malum
1189 1034 1229 1080 ὃς
1243 1009 1357 1080 levius
1373 1034 1535 1081 curemus
1552 1011 1628 1082 eius
1646 1012 1877 1085 voluntatem,

145 1091 238 1167 nihil
262 1098 436 1168 attineret.
489 1095 560 1168 Sed
585 1094 751 1187 privatim
773 1110 815 1164 ut
836 1094 997 1165 omittam
1022 1093 1140 1163 dicere

146 1205 190 1270 de
215 1223 279 1271 suo
303 1201 474 1292 cuiusque
500 1219 606 1268 sensu
628 1221 763 1290 poenae
787 1208 971 1284 aeternae,
996 1209 1141 1289 propter

145 1315 285 1393 peccata
299 1326 420 1371 coram
433 1300 522 1385 Deo,
544 1313 717 1394 quantum
736 1312 787 1368 est
803 1299 978 1368 malorum
996 1299 1034 1366 in
1050 1321 1140 1392 quo-

144 1405 280 1476 tidiana
315 1404 411 1475 vita?
444 1408 615 1496 quantum
648 1402 891 1492 angustiarum
924 1403 1080 1494 primum
1102 1400 1141 1468 in

146 1532 209 1576 suo
229 1509 401 1602 cuiusque
424 1519 584 1598 pectore,
610 1506 715 1574 etiam
736 1518 883 1597 propter
896 1504 1139 1574 difficultatem

144 1632 263 1678 rerum
289 1607 550 1701 praesentium?
584 1606 710 1677 Postea
731 1630 821 1699 quae
842 1607 1059 1701 perpetuitas
1083 1606 1140 1674 vel

145 1713 265 1802 potius
284 1711 488 1803 perennitas
509 1711 770 1798 calamitatum,
797 1734 876 1780 cum
894 1733 1032 1802 semper
1047 1732 1140 1779 nova

143 1827 298 1883 veterem
316 1814 533 1906 insequatur.

247 1931 306 2002 Sic
322 1933 419 2002 enim
436 1930 532 2002 Deus
554 1952 664 2022 genus
680 1927 879 2002 humanum
894 1931 1048 2022 flagellat
1065 1943 1142 2002 cot-

145 2036 232 2104 tidie
256 2035 399 2121 volens,
431 2047 472 2106 ut
494 2057 559 2104 nos
583 2035 771 2104 admoneat
795 2035 908 2106 nostri
925 2034 1052 2119 oflicii,
1078 2033 1142 2104 ad·
1192 2074 1326 2143 ,ionem
1347 2070 1440 2140 vitae
1461 2093 1501 2138 ac
1524 2092 1684 2154 morum,
1712 2069 1867 2163 demque
1890 2095 2061 2162 operam,
2091 2087 2131 2144 ug
2152 2098 2183 2142 ,ρ

144 2150 287 2207 ¹⁰⁰¹¹⁸²¹¹
314 2139 359 2257 ‘lf
383 2149 553 2256 Pecc‘ffns’
589 2139 633 2255 d?
656 2138 1077 2256 P⁰²¹¹¹¹⁰¹¹¹‚¹3’‚d‘¹¹{q¹¹⁰
1100 2149 1144 2206 ¹¹³
1192 2177 1369 2245 instruant
1391 2171 1595 2260 cognitione
1616 2170 1800 2241 doctrinae
1821 2173 2004 2259 coelestis,
2039 2179 2183 2271 quaein

144 2263 210 2309 nos
228 2253 396 2312 exuscttet
412 2240 457 2308 ad
476 2254 759 2327 invocationem,
787 2264 851 2333 qut
873 2239 1009 2332 altoqur
1030 2238 1141 2307 altum

135 2354 138 2358 ,
545 2342 554 2358 ,
699 2344 707 2359 ,
760 2344 769 2360 ,
1190 2272 1348 2347 Ecclesia
1361 2274 1533 2358 traditur,
1557 2286 1600 2344 ut
1614 2273 1746 2359 sciant,
1772 2273 1877 2344 fidem
1890 2276 2024 2347 debere
2038 2278 2079 2347 in
2092 2279 2181 2348 omni

145 2355 381 2428 sterteremtts,
396 2355 430 2412 et
443 2364 556 2412 securt
569 2344 933 2413 fortasstsvtveremus
945 2363 1143 2433 eprcurum.
1191 2377 1416 2449 invocatione
1430 2376 1644 2468 praelucere·
1677 2373 1763 2445 Non
1775 2376 1869 2446 enim
1884 2379 2003 2471 placet
2017 2376 2097 2452 Deo
2111 2405 2181 2452 om·

143 2537 147 2554 .
248 2477 331 2548 Non
352 2481 466 2551 solum
483 2493 602 2551 autem
618 2485 758 2551 externa
776 2480 930 2568 pericula
951 2494 1053 2566 sunt,
1080 2478 1139 2549 sed
1192 2483 1241 2554 tio
1256 2476 1414 2550 bominis
1436 2478 1597 2570 profani,
1622 2476 1754 2568 securi,
1782 2466 1996 2570 negligentis
2014 2495 2050 2555 et
2065 2508 2179 2576 pamm

146 2583 252 2653 etiam
275 2605 378 2675 saepe
405 2598 592 2654 struuntur
612 2584 680 2675 piis
697 2584 846 2655 insidiae
860 2609 1044 2654 arcanaca
1064 2584 1143 2680 dia·
1191 2583 1325 2674 sobrii,
1357 2582 1513 2673 denique
1535 2573 1760 2675 hypocritae,
1792 2581 1855 2674 qui
1877 2595 1930 2653 est
1952 2584 2035 2655 sine
2056 2587 2123 2656 fide
2145 2589 2177 2655 in

146 2687 243 2768 bolo,
269 2684 400 2780 quibus
417 2699 449 2755 et
466 2709 588 2756 eorum
604 2687 751 2758 consilia
768 2699 802 2758 et
815 2699 950 2758 mentes
969 2684 1142 2777 praecipi·
1191 2687 1304 2757 filium
1320 2682 1400 2755 nei.
1452 2681 1524 2754 Sed
1540 2695 1581 2753 ut
1596 2681 1768 2753 salomon
1790 2683 1924 2778 inquit:
1956 2684 2174 2760 Abominatio

147 2801 222 2858 tare
256 2801 405 2858 conatur
432 2789 469 2856 in
498 2803 654 2881 peccata,
689 2804 723 2862 et
751 2788 1010 2869 inextricabilia
1038 2787 1142 2868 mala,
1192 2801 1244 2858 cst
1260 2787 1340 2858 talis
1352 2785 1466 2858 oratio
1489 2807 1608 2855 coram
1620 2780 1709 2857 Deo.

148 2913 239 2983 quae
255 2912 439 2982 nunquam
455 2889 537 2960 satis
557 2892 709 2980 prospici
726 2903 892 2981 possunt,
919 2891 988 2959 nisi
1007 2889 1142 2959 divini·
1293 2905 1375 2978 sing
1405 2904 1515 2994 igitur
1543 2904 1581 2972 ῑῃ
1610 2916 1799 2994 conspectu
1831 2928 1975 2999 sempe„
2002 2935 2069 2980 cum
2088 2911 2164 2980 ὼε

148 3004 205 3107 ῑῑξῦ
227 3003 323 3081 P⁶i³⁵
341 3005 374 3060 ῑθ
394 2990 584 3079 gubernari
603 2989 782 3085 ³‚Sltffill1
804 3005 942 3075 ⁸2ss2102
969 3006 1009 3062 ¹¹¹
1025 3005 1142 3062 0⁰⁸10·
1191 3032 1331 3096 causac,
1362 3030 1453 3102 quae
1475 3029 1542 3076 nos
1562 3006 1608 3076 ad
1628 3008 1843 3098 precandum
1864 3011 2080 3097 exuscitent,
2103 3026 2165 3083 tun

106 3111 108 3114 ’
149 3094 222 3161 dial
244 3107 296 3174 ¹8,
322 3117 366 3160 ΠΒ
388 3092 526 3184 uspiam
550 3093 701 3176 labari&
734 3095 927 3186 impingas,
954 3093 1141 3186 deciplasis
1192 3137 1275 3184 vero
1291 3109 1479 3202 praecipue
1500 3108 1708 3179 mandatum
1722 3103 1810 3191 Dei,
1842 3123 1878 3181 et
1897 3114 1954 3182 vis
1983 3129 2019 3185 et
2041 3115 2171 3186 efficacia

147 3195 343 3275 adi³b⁰¹⁰s
368 3195 474 3264 ‘5³¹⁰
488 3195 602 3286 ⁸P⁰⁰l⁰
617 3197 736 3290 aliqua
753 3197 992 3290 qualicunque
1007 3197 1104 3266 sicll-
1193 3213 1425 3309 precationis,
1458 3225 1493 3281 et
1519 3224 1660 3281 nostrae
1698 3211 1923 3285 necessitates
1964 3216 2174 3310 publicaret

249 3326 388 3403 Omitto
405 3332 777 3402 commemorationem
795 3332 1067 3405 cottidianarum
1083 3356 1142 3401 ao.
1192 3318 1349 3410 privatae
1363 3314 1490 3408 quovis
1505 3326 1679 3405 tempore.

1292 1129 1440 1201 Nullum
1463 1128 1572 1220 igitur
1595 1145 1735 1224 tempus
1750 1133 1856 1205 debet
1871 1156 1995 1203 vacare
2017 1135 2089 1227 piis
2108 1160 2186 1226 pre-

1190 1233 1306 1319 cibus,
1333 1232 1463 1327 quibus
1480 1257 1500 1303 a
1518 1231 1595 1304 Deo
1611 1248 1790 1325 petamus,
1813 1249 1852 1306 ut
1867 1238 1923 1306 vel
1945 1238 2056 1307 rebus
2079 1239 2185 1308 tristi·

1190 1337 1257 1408 bus
1276 1351 1389 1407 servet
1407 1357 1473 1404 nos
1492 1349 1526 1406 et
1539 1331 1754 1418 Ecclesiam,
1780 1337 1836 1406 vel
1858 1338 2101 1411 mediocribus
2124 1365 2185 1409 nos

1191 1440 1382 1520 custodiat,
1414 1462 1461 1507 ne
1482 1438 1558 1507 eius
1580 1439 1739 1511 bonitate
1759 1439 1967 1526 abutamur,
1999 1467 2094 1534 quae
2116 1465 2184 1512 non

1191 1554 1242 1611 est
1258 1565 1335 1611 rara
1353 1541 1458 1632 pestis
1473 1542 1635 1611 omniurn
1652 1535 1851 1619 bominum.

1293 1659 1364 1731 Sed
1387 1682 1432 1729 ne
1452 1657 1593 1748 longior
1616 1657 1699 1743 sim,
1732 1659 1839 1728 finem
1861 1660 2010 1750 faciem,
2046 1676 2082 1735 et
2103 1665 2178 1733 ado-

1191 1765 1360 1834 lescentes
1377 1756 1514 1847 hortor,
1537 1775 1578 1832 ut
1590 1784 1626 1830 se
1643 1762 1832 1851 diligenter
1846 1787 1865 1833 a
1881 1765 2009 1856 primis
2025 1766 2129 1836 annis
2140 1771 2179 1835 ad

1190 1861 1288 1937 ltunc
1311 1865 1446 1935 cultum
1466 1864 1680 1957 precationis
1698 1864 1777 1933 Deo
1795 1868 1940 1937 cottidie
1965 1868 2183 1939 offerendum

1192 1967 1435 2043 assuefaciant.
1468 1964 1615 2037 Addant
1632 1991 1715 2036 vero
1733 1981 1813 2036 ante
1828 1970 1950 2039 omnia
1967 1985 2002 2041 et
2019 1975 2184 2044 emenda·

146 3458 377 3518 mammarum,
403 3457 493 3526 quae
507 3434 654 3505 cuilibet
668 3437 848 3519 accidunt,
873 3435 912 3502 in
927 3435 1142 3519 valetudine,
1292 3435 1404 3522 Deus,
1421 3447 1519 3522 pater
1536 3431 1685 3501 Domini
1701 3433 1815 3504 nostri
1830 3431 1910 3505 Iesu
1919 3430 2074 3525 Christi,
2099 3453 2178 3530 regat

146 3540 186 3606 in
198 3562 236 3606 re
252 3536 440 3619 familiari,
468 3536 506 3603 in
526 3537 693 3626 periculis
711 3539 785 3608 suis
806 3550 841 3606 et
856 3537 1026 3622 aliorum,
1052 3562 1142 3630 quos
1193 3552 1330 3609 nostras
1347 3547 1501 3619 mentes,
1526 3548 1567 3605 ut
1588 3557 1669 3604 eum
1685 3558 1770 3604 vero
1784 3549 1925 3626 pectore
1942 3540 2129 3628 invocent,
2150 3556 2178 3613 et

146 3640 296 3732 quisque
308 3632 434 3708 charos
449 3632 569 3713 habet.
1192 3655 1233 3712 ut
1253 3640 1326 3709 vita
1348 3649 1471 3707 nostra
1491 3637 1610 3707 omnis
1632 3635 1666 3705 ei
1686 3638 1841 3730 placeat,
1872 3641 2100 3740 gloriamque
2117 3644 2181 3714 cios

243 3775 406 3869 Denique
421 3786 461 3843 ut
473 3768 567 3842 nihil
581 3775 719 3846 adversi
733 3799 799 3846 nos
813 3776 1005 3866 adfligeret,
1020 3775 1141 3845 omnia
1193 3743 1361 3825 iuml-2⁶²2
1394 3734 1524 3810 Amen·

149 3891 265 3949 essent
280 3876 433 3946 secunda
449 3888 483 3947 et
497 3876 691 3968 tranquilla
708 3880 807 3947 domi
822 3891 856 3949 et
870 3871 969 3951 foris.
1002 3876 1142 3948 Tamen

148 3983 205 4049 vel
222 3981 408 4071 praecipue
425 3978 464 4047 in
482 3979 589 4051 rebus
608 3983 772 4051 secundis
786 3981 972 4072 oportebat
988 4004 1054 4049 nos
1069 4002 1143 4049 esse

148 4084 308 4155 intentos
329 4082 368 4148 in
383 4081 587 4161 diabolum,
614 4082 676 4175 qui
695 4095 771 4153 turn
789 4082 1059 4153 insidiosissime
1075 4105 1142 4151 nos
1192 4115 1248 4187 No
1286 4116 1358 4186 125
2002 4151 2044 4191 m
2078 4132 2156 4195 155¹

149 4198 283 4276 captat,
323 4207 403 4251 cum
433 4197 518 4253 sunt
547 4184 707 4253 induciae
738 4187 783 4255 ab
808 4186 954 4254 adversa
985 4186 1140 4256 fortuna.
1198 4168 1371 4242 ἐπ”
1986 4174 2185 4261 καλέ,

171 4286 182 4308 ¹
312 4284 319 4298 '
377 4308 410 4350 m
459 4283 506 4350 ‘m
631 4287 640 4301 ⁰
926 4287 935 4302 ⁶
986 4286 995 4302 ·
1618 4324 1667 4344 Η
1786 4326 1794 4343 .
1878 4325 1928 4346 ..

147 4285 390 4477 ioi‘i'ai‘iiim
411 4279 1141 4479 itt,‘diti'tt'ilssiit‘a{lilii}
1383 4322 1461 4408 ⁰0
1485 4318 1751 4436 mammio
1775 4333 1999 4411 cottone·

146 4504 304 4581 tempore
329 4487 407 4579 plus
431 4485 580 4578 periculi
603 4490 664 4571 sit,
699 4516 745 4559 ne
767 4492 906 4561 sardius
930 4491 1140 4583 praecipite·
1261 4500 1292 4554 tn
1310 4499 1405 4557 select.
1422 4499 1575 4556 Declamat.
1601 4499 1634 4554 Τ.
1655 4499 1703 4557 iti.
1725 4520 1752 4573 p.
1772 4502 1825 4556 682
1839 4521 1915 4575 sqq„
1946 4502 2069 4564 serven.
2095 4509 2127 4567 T.
2146 4510 2185 4564 iii.

145 4616 228 4662 mur
243 4591 283 4658 in
300 4589 459 4665 exitium·
1267 4654 1269 4658 Α
1291 4587 1320 4640 p.
1333 4570 1395 4624 646.
1413 4580 1440 4625 et
1460 4570 1588 4626 Richard.
1607 4570 1640 4630 Τ.
1655 4569 1704 4625 iii.
1730 4590 1758 4642 p.
1772 4572 1833 4627 420.

248 4707 362 4828 Vetus
370 4730 493 4791 versus
508 4702 619 4825 Ennii
635 4710 790 4826 declarat
804 4712 1059 4802 cogitantibus,
1084 4735 1139 4783 res
1191 4734 1322 4803 oratio
1339 4729 1613 4829 &definitione
1628 4735 1822 4820 insciciae,
1847 4757 1943 4828 quae
1959 4748 2076 4811 extat
2093 4737 2184 4833 apud

144 4812 254 4882 laetos
271 4835 422 4881 massine
439 4833 511 4881 0⁸⁸²
526 4812 717 4882 termulis·
1191 4836 1421 4906 Clementem
1453 4833 1778 4925 Alexandrinum,
1824 4845 1998 4912 recitato
2032 4866 2060 4914 a
2090 4846 2182 4938 Mog-

245 4944 297 5017 Ac
319 4944 507 5017 Romanus
529 4941 670 5032 bomo,
689 4960 773 5018 tune
796 4972 877 5019 cum
903 4973 959 5020 res
975 4962 1027 5018 est
1048 4950 1138 5018 bene
1307 4940 1434 5009 Luca
1457 4942 1656 5025 Hester,
1681 4941 1852 5021 Decem,
1877 4963 1938 5013 an.
1958 4941 2077 5021 1551.

141 5061 256 5139 destas
284 5050 388 5118 wide
402 5072 467 5119 ⁵¹¹⁰
483 5049 649 5141 ifel'ld‘ll·
1189 5074 1304 5156 Initio
1323 5085 1452 5175 gratias
1469 5108 1533 5173 ago
1548 5082 1624 5155 Deo
1649 5101 1811 5171 aeterno,
1842 5090 1935 5181 patri
1953 5087 2110 5166 Domini
2127 5122 2183 5167 no·

244 5185 297 5255 lta
314 5185 391 5277 pios
411 5187 467 5254 vel
493 5186 643 5256 maxime
662 5186 896 5257 conveniebat
915 5211 987 5257 esse
1005 5189 1138 5257 sollici·
1191 5189 1256 5258 stri
1284 5185 1360 5257 lesu
1388 5182 1544 5273 Christi,
1583 5189 1762 5259 conditori
1794 5192 1884 5261 coeli
1914 5203 1951 5261 et
1987 5208 2128 5285 terrae,
2157 5212 2183 5267 et

139 5302 213 5371 tos,
238 5305 272 5359 et
296 5288 398 5380 quasi
420 5289 460 5356 in
482 5289 649 5374 statione,
676 5303 796 5359 contra
821 5290 969 5359 insidias
992 5291 1139 5372 diaboli,
1162 5300 1166 5375 ξ
1191 5290 1354 5360 omniurn
1377 5303 1638 5377 creaturarum,
1662 5316 1833 5363 unacum
1853 5294 1927 5363 filio
1951 5318 2019 5368 suo
2036 5300 2182 5373 Domino

141 5403 226 5459 tunc
252 5414 332 5459 cutn
361 5390 453 5458 sorte
478 5386 575 5458 Deus
606 5392 774 5458 laxiorem
799 5393 954 5484 quietem
979 5393 1137 5462 donavit.
1190 5405 1313 5461 nostro
1331 5391 1412 5462 Iesu
1430 5388 1596 5477 Christo,
1621 5406 1657 5464 et
1675 5392 1816 5487 Spiritu
1837 5419 1901 5465 suo
1922 5415 2073 5489 sancto,
2099 5406 2180 5499 quod

145 5489 198 5565 Ac
213 5516 314 5587 saepe
329 5505 476 5563 monent
491 5515 608 5564 sacrae
622 5493 756 5581 literae,
771 5519 817 5566 ne
832 5494 964 5567 incauti
982 5509 1139 5588 tempore
1191 5491 1388 5566 Ecclesiam
1398 5494 1470 5566 sibi
1484 5494 1579 5567 inter
1592 5518 1658 5567 nos
1673 5497 1819 5589 colligit,
1836 5512 1871 5572 et
1885 5501 2049 5597 optimae
2062 5509 2181 5581 doctri·
