4664 6022
77 353 156 431 953
448 400 451 405 -
547 346 707 425 DECL„
741 346 816 423 ΒΕ
851 343 1080 421 ΙΟΑΝΝΕ
1112 346 1270 422 DUCE
1302 344 1424 421 SAX.
1456 342 1657 425 abacti
2051 351 2128 429 954

78 531 224 626 quidem
239 525 357 618 ¹vagari
378 537 420 596 ut
434 522 577 597 vellent.
627 520 723 593 Haec
741 524 813 593 dno
836 521 984 613 imperia
1006 544 1074 589 no·
1097 522 1102 563 l
1124 527 1170 595 da
1186 537 1246 594 est.
1299 519 1381 602 Non
1396 542 1497 605 casn,
1522 544 1596 591 non
1618 534 1751 592 temere
1764 523 1936 595 conlluxit
1957 518 2043 595 baec
2059 521 2127 603 ho,-

77 634 281 714 minantur,
313 628 464 700 alterum
486 620 705 699 δεσποτικὸν
727 626 821 718 quod
848 625 940 714 cogit
955 620 1070 693 homi·
1124 628 1263 697 minum
1288 640 1414 695 natura
1438 645 1476 692 ex
1497 622 1645 706 atomis,
1672 637 1712 696 ut
1728 625 1877 713 lingebat
1898 626 2123 701 Democritus

77 759 162 819 nes,
214 734 365 803 alterum
397 724 586 801 πολιτικὸν
622 730 717 821 qnod
758 727 847 819 regit
879 727 1072 799 suadendo.
1125 745 1159 801 et
1172 727 1366 819 Epicurus:
1394 728 1454 795 scd
1470 726 1602 818 ubique
1622 727 1727 797 obvia
1748 744 1832 799 sunt
1856 730 2007 802 illustria
2023 733 2123 803 testi·

76 837 268 929 Utrunque
295 833 471 903 cernimus
493 831 532 901 in
557 827 719 912 bomine,
761 828 891 899 no'ticia
917 853 1007 921 qnae
1033 829 1069 899 in
1123 832 1265 913 monia,
1291 854 1381 924 quae
1405 831 1614 913 ostendunt,
1640 843 1673 900 et
1696 853 1770 900 esse
1783 828 1918 917 Deum,
1946 847 1982 905 et
2003 835 2121 906 nosci

75 940 222 1013 cerebro
238 950 301 1018 cst,
318 950 352 1007 et
365 934 502 1018 electio,
525 929 631 1003 babet
645 927 864 1004 δεσποτικὸν
882 931 1070 1023 imperium
1122 961 1228 1006 curae
1241 958 1330 1004 esse:
1359 946 1392 1001 et
1406 927 1560 1000 bumana
1577 934 1684 1001 corda
1699 935 1743 1002 ad
1759 927 1827 1003 hoc
1843 934 1958 1025 ipsum
1975 937 2120 1011 condita

74 1045 115 1113 in
129 1041 322 1135 potentiam
337 1037 600 1115 locomotivam,
629 1037 697 1103 ciet
715 1058 860 1118 nervos,
887 1048 920 1103 et
937 1035 1070 1105 instru-
1122 1063 1212 1122 esse,
1238 1054 1278 1109 ut
1294 1038 1367 1106 sint
1382 1032 1449 1103 Dei
1473 1034 1714 1105 domicilium:
1744 1061 1837 1129 quae
1861 1038 2006 1131 quidem
2032 1056 2119 1111 tunc

74 1160 196 1216 menta
220 1157 336 1212 motus
364 1139 486 1210 localis
510 1161 574 1207 suo
602 1136 752 1206 consilio
777 1149 812 1205 et
835 1136 1003 1217 arbitrio,
1037 1149 1070 1205 et
1123 1143 1262 1232 penitus
1286 1160 1554 1228 cognoscemus,
1578 1162 1659 1207 cum
1680 1138 1717 1207 in
1738 1139 1799 1208 illa
1821 1155 1962 1212 aeterna
1979 1139 2117 1214 Acade·

74 1247 197 1330 nervi,
231 1243 383 1315 musculi
405 1235 1069 1330 aivovceeobtemperantsinecontu-
1122 1245 1213 1329 mia,
1240 1245 1278 1311 in
1296 1242 1372 1334 ipso
1388 1237 1465 1310 Deo
1487 1240 1601 1309 ideam
1617 1254 1765 1312 naturae
1780 1244 2117 1334 contemplabimur.

74 1350 199 1421 macia-
241 1342 409 1427 Achillen
435 1343 498 1413 01⁵5
515 1367 576 1411 ⁶⁰¹·
594 1345 776 1411 lsscssssssum
792 1356 844 1410 ⁰⁸1
859 1342 923 1423 51³,
952 1355 1068 1412 lamen
1120 1346 1190 1416 Sed
1208 1345 1376 1417 tamenin
1395 1340 1458 1412 bac
1470 1342 1539 1412 vita
1556 1338 1661 1413 buius
1675 1358 1791 1414 tantae
1806 1346 1997 1437 sapientiae
2014 1371 2116 1418 exor-

73 1456 225 1542 imperat
242 1449 425 1529 manibus,
450 1458 485 1514 et
506 1445 680 1535 imperare
698 1457 829 1534 potest,
857 1457 894 1513 nt
911 1444 1067 1532 gladium
1121 1452 1177 1517 dia
1202 1449 1278 1519 vult
1303 1446 1434 1540 percipi
1457 1459 1490 1514 et
1505 1448 1687 1536 cognosci,
1714 1472 1754 1516 ac
1770 1446 1940 1518 immensa
1957 1449 2116 1522 bonitate

73 1556 269 1628 recondant
298 1551 336 1619 in
360 1548 543 1637 vaginam,
577 1549 727 1636 imperat
756 1547 925 1636 pedibus,
958 1561 999 1617 ut
1023 1545 1068 1615 ab
1120 1551 1272 1623 effundit
1288 1553 1325 1620 in
1344 1550 1448 1619 corda
1467 1548 1708 1619 invocantium
1726 1550 1863 1641 ipsum,
1890 1551 1946 1621 sui
1965 1552 2115 1644 pectoris

73 1658 342 1749 Agamemnone
355 1651 548 1723 discedant.
601 1646 679 1718 Hoc
696 1651 803 1718 modo
828 1648 979 1717 noticiae
994 1672 1067 1716 non
1119 1654 1303 1745 spiritum,
1341 1665 1382 1722 nt
1416 1664 1619 1721 nostrorum
1645 1653 1808 1722 cordium
1834 1653 1980 1745 spiritus
2004 1667 2115 1732 sanet.

72 1763 273 1852 gubernant
288 1756 406 1838 corda,
432 1753 492 1821 sed
509 1745 576 1821 hae
594 1753 775 1820 suadendo
793 1766 975 1840 reguntur.
1008 1748 1068 1819 ln·
1119 1757 1350 1851 Nequaquam
1370 1754 1449 1824 vult
1471 1777 1570 1822 suam
1592 1757 1709 1824 sedem
1726 1779 1745 1824 a
1763 1756 1915 1827 diabolis
1937 1758 2114 1848 occupari,

72 1862 200 1951 telligit
215 1859 388 1946 Socrates,
416 1854 646 1946 temperantia
663 1853 863 1921 conservari
880 1854 972 1922 vires
988 1875 1068 1922 cor·
1119 1885 1228 1954 quare
1249 1876 1283 1930 et
1308 1857 1459 1927 libenter
1474 1857 1578 1926 nobis
1601 1882 1704 1949 opem
1728 1857 1816 1942 fert,
1843 1875 1987 1951 propter
2008 1883 2112 1931 sunm

73 1966 188 2059 poris,
222 1958 493 2052 intemperantia
530 1956 644 2035 laedi,
682 1956 806 2025 volens
838 1955 947 2045 igilur
980 1955 1068 2025 vitat
1120 1964 1247 2031 filium:
1280 1976 1314 2030 et
1335 1958 1552 2028 severissime
1575 1959 1764 2051 praecipit,
1797 1975 1836 2030 ut
1862 1977 2040 2053 petamus,
2073 1977 2114 2036 ut
2163 1950 2176 1959 ⁵

75 2069 289 2139 ebrietatem.
342 2056 395 2130 Ac
429 2060 562 2128 sinon
597 2059 735 2129 turbata
764 2071 854 2126 esset
881 2052 1066 2126 harmonia
1119 2066 1192 2157 ipse
1210 2079 1350 2156 pectora
1374 2076 1492 2131 nostra
1510 2063 1692 2151 gubernet.
1743 2060 1990 2136 Exnscitemus
2006 2064 2113 2155 igitur

72 2171 190 2261 legum
205 2180 241 2236 et
256 2164 384 2247 cordis,
410 2185 548 2253 semper
565 2173 690 2252 sponte
707 2173 942 2249 congruerent
959 2162 1064 2229 corda
1119 2193 1184 2238 nos
1202 2170 1246 2238 ad
1270 2163 1356 2236 baec
1377 2179 1477 2247 vota,
1510 2179 1545 2235 et
1568 2162 1660 2234 veris
1683 2166 1872 2255 gemitibus
1892 2163 2008 2237 Deum
2032 2192 2112 2237 οη.

70 2297 152 2343 cum
168 2269 316 2358 legibus.
367 2262 472 2334 Nunc
491 2264 627 2333 veroin
651 2259 716 2331 bac
733 2262 975 2333 imbecillitate
995 2258 1065 2333 bu·
1119 2295 1217 2354 mus,
1243 2286 1282 2340 nt
1304 2267 1377 2359 ipse
1399 2289 1537 2358 semper
1553 2267 1645 2336 adsit
1667 2267 1705 2335 in
1722 2268 1890 2345 cordibus
1906 2271 2051 2353 nostris,
2077 2283 2113 2341 et

71 2397 197 2444 manae
222 2383 369 2439 naturae
395 2372 429 2436 'et
451 2365 599 2434 dissidio
617 2365 757 2443 virium,
786 2379 902 2435 tamen
916 2364 1093 2434 sciamus-¹
1117 2374 1155 2442 in
1172 2368 1240 2442 hoe
1252 2397 1317 2442 suo
1330 2370 1513 2439 domicilio
1529 2370 1648 2454 corda,
1669 2369 1824 2460 spiritus,
1847 2385 1992 2457 mentes,
2015 2396 2112 2441 cere-

70 2473 188 2547 Deum
218 2466 390 2559 singulari
420 2466 570 2535 consilio
597 2480 630 2536 et
654 2465 825 2534 beneficio
852 2467 889 2534 in
920 2462 1065 2537 homine
1116 2477 1232 2557 brum,
1259 2489 1290 2543 ct
1309 2496 1433 2542 omnes
1448 2473 1541 2540 vires
1557 2486 1694 2542 nostras
1710 2495 1771 2542 sua
1788 2472 1866 2543 luce
1893 2488 1926 2545 et
1952 2497 2016 2544 suo
2039 2475 2113 2567 spi·

71 2594 296 2648 conservasse
317 2565 410 2637 hanc
435 2582 569 2657 partem
595 2567 789 2658 libertatis,
821 2582 863 2638 ut
883 2570 1063 2661 despotico
1117 2579 1187 2649 ritu
1204 2578 1394 2668 gubernet,
1418 2587 1458 2644 ut
1474 2597 1555 2642 vera
1573 2576 1778 2658 doceamus,
1800 2588 1834 2646 et
1851 2576 2018 2648 salutaria
2043 2601 2110 2647 no-

70 2673 220 2766 imperio
239 2671 312 2760 regi
329 2682 492 2739 externae
508 2669 663 2740 actiones
678 2670 824 2760 possint.
863 2669 951 2740 Vult
969 2672 1062 2740 enim
1117 2683 1170 2751 bis
1185 2696 1221 2752 et
1238 2681 1302 2751 1011
1319 2675 1497 2748 Ecclesiae
1514 2700 1668 2767 agamus,
1717 2673 1813 2747 Dixi,

71 2775 224 2863 intelligi
251 2772 462 2853 discrimen,
503 2770 636 2839 liberae
664 2771 800 2859 agentis
824 2772 1001 2861 potentiae
1029 2787 1064 2843 et

70 2899 215 2970 prorsus
235 2873 410 2966 captivae,
437 2872 515 2941 vult
538 2873 620 2941 sciri
645 2894 680 2940 se
698 2896 771 2941 esse
792 2896 898 2962 agens
918 2874 1061 2943 liberri-

67 3002 187 3057 mum,
210 3000 284 3047 non
308 2974 484 3043 inclusum
505 2974 616 3043 stoico
632 2974 784 3058 carceri,
810 2977 870 3043 sed
886 2976 1061 3045 volentem
1114 3014 1168 3083 No
1201 3014 1272 3084 Μ
1928 3040 1965 3080 m
2000 3017 2085 3082 ¹550

67 3103 207 3151 servare
234 3078 457 3159 invocantes,
492 3088 762 3144 etcontumaces
785 3077 924 3164 punire.
975 3075 1063 3146 Vult
1120 3062 1292 3136 03⁸2
1927 3060 2100 3138 »ΣΝ-,3

67 3181 256 3273 disciplina
271 3176 405 3247 frenari
421 3172 593 3245 homines.
634 3173 730 3245 Haec
746 3176 898 3267 intelligi
917 3190 950 3248 et
967 3177 1061 3247 iudi·
1236 3211 1313 3295 De
1336 3208 1512 3293 Ioanne
1534 3208 1668 3295 Dm
1690 3209 1810 3296 sax·
1835 3210 1983 3298 Elea·

67 3285 140 3356 cari
166 3295 330 3375 possunt,
366 3302 447 3348 cum
470 3278 704 3348 discernimus
727 3278 764 3367 in
786 3272 933 3347 bomine
949 3279 1060 3373 impe-

67 3389 161 3458 rinm
184 3376 404 3457 δεσποτικὸν
427 3395 462 3451 et
489 3375 688 3453 πολιτικὸν.
751 3379 922 3451 Videmus
944 3396 1059 3451 autem
1183 3371 1212 3424 ¹¹¹
1229 3369 1318 3425 Μ·
1339 3367 1469 3489 ῙζΕΘΙῂΙΤ·
1485 3366 1533 3422 ¹¹¹·
1536 3387 1579 3490 og·
1592 3369 1725 3452 ttosqq..
1753 3368 1930 3425 dictarat.
1947 3370 1982 3488 ¹¹¹:
2002 3368 2111 3440 P·⁷⁵⁵·v

68 3513 168 3579 saepe
189 3511 267 3568 cor,
292 3498 331 3553 ut
356 3499 546 3577 tyrannum
566 3507 761 3574 repugnare
780 3484 871 3573 legi,
895 3498 931 3554 et
950 3483 1061 3576 impe
1214 3442 1344 3562 {iliis
1366 3439 1802 3579 ,aatat.;.1ta¹¹la',ll;
1830 3438 2108 3566 ‘ills‘l'ellda‘tl

67 3593 144 3662 dire
160 3579 380 3661 δεσποτικὸν
403 3586 591 3677 imperinm
610 3586 762 3669 cerebri,
788 3601 821 3655 et
837 3587 1059 3678 disciplinam
1215 3578 1309 3632 atton.
1323 3526 1456 3633 aletand.
1469 3575 1521 3632 No.
1534 3576 1596 3631 ³⁵⁵·

66 3695 222 3766 turbare.
259 3689 359 3760 pm
374 3691 482 3806 ΜΨ
484 3712 501 3757 ⁵
516 3710 637 3757 ³⁰¹⁰‘e
651 3711 714 3778 Vp
716 3688 744 3757 it
759 3686 946 3758 H⁰¹⁰¹¹³m'
981 3688 1060 3758 ΑΠ’
1112 3745 1240 3812 Oratio
1262 3738 1309 3810 de
1334 3742 1477 3809 Ioanne
1500 3738 1751 3810 DuceSnoeon
1776 3739 1884 3810 Elect
1905 3764 1912 3779 ·
1936 3745 2105 3813 recitato

66 3796 187 3869 tonius
210 3792 316 3863 stulta
341 3792 537 3860 ambitione
564 3803 600 3862 et
629 3791 865 3861 aenntlatione
895 3792 1059 3862 incitatus
1280 3846 1288 3861 .
1343 3844 1351 3859 .
1618 3846 1625 3861 .
1727 3791 1761 3860 .'
1885 3789 1913 3827 ⁰'

1111 3847 1371 3915 reflectentis
1393 3843 1654 3913 Laurentio
1682 3840 1992 3932 Lindemann,
2021 3867 2109 3915 cum

65 3899 200 3969 bellum
218 3891 371 3965 Octavio
384 3893 502 3962 infert.
538 3890 584 3961 Hi
605 3893 742 3962 frtrores
757 3894 849 3963 litant
863 3893 967 3964 etiam
984 3918 1060 3963 ma·
1716 3950 1725 3966 ,
1873 3950 1881 3965 ‚

65 4003 168 4083 iores,
195 4022 275 4068 cnm
294 3995 410 4065 cordis
424 3995 586 4088 tyrannis
601 4008 791 4065 armatura
807 3996 971 4081 diabolis,
997 3996 1059 4090 qui
1109 3947 1253 4045 Vradm
1278 3943 1547 4065 decfmrms
1570 3946 1724 4016 D⁰⁰l⁰⁷l
1745 3950 1880 4017 mmm
1903 3944 2109 4019 S⁰lmrii⁰l

64 4104 171 4175 corda
187 4099 299 4171 Deum
317 4097 577 4168 contemnentia
594 4111 753 4190 occupat.
1264 4045 1549 4143 Νθηὸθῗθθηθῑν
1576 4044 1613 4116 d·
1636 4045 1672 4120 9·
1689 4046 1826 4120 Declr·
1847 4047 1954 4123 1550·

167 4200 215 4273 Et
231 4203 269 4270 in
286 4201 416 4271 talibus
433 4200 541 4269 multa
558 4214 750 4270 occurrunt
767 4201 870 4284 mala,
896 4201 1060 4271 diabolus
1113 4188 1193 4269 l)e0
1210 4211 1353 4268 aeterno
1367 4197 1459 4289 patri
1470 4194 1616 4266 Domini
1634 4199 1747 4268 nostri
1762 4195 1841 4270 lesu
1851 4194 1997 4286 Christi,
2018 4225 2107 4270 con·

62 4328 240 4398 occupans
257 4306 363 4373 corda
376 4316 557 4396 utntnque
574 4302 670 4385 facit,
691 4326 756 4372 suo
771 4303 904 4382 altlatu,
932 4327 1060 4393 pravos
1111 4301 1219 4373 ditori
1243 4315 1277 4370 et
1292 4301 1429 4369 custodi
1446 4294 1623 4368 Ecclesiae
1638 4323 1741 4387 snae,
1766 4317 1801 4372 et
1819 4302 1974 4372 iustitiae
1992 4328 2031 4373 ac
2045 4326 2106 4373 so·

61 4412 210 4483 affectus
224 4403 383 4475 accendit
397 4416 431 4473 et
446 4419 561 4494 auget,
584 4404 621 4473 in
638 4418 755 4474 mente
768 4405 873 4474 etiam
885 4405 1060 4495 extinguit
1111 4404 1245 4473 cietatis
1268 4399 1446 4472 hnmanae
1469 4403 1727 4487 conservatori,
1751 4405 1883 4495 gratias
1898 4428 1982 4493 ago,
2008 4407 2105 4497 quod

61 4538 187 4583 verum
214 4508 406 4591 iudicium,
434 4520 468 4576 et
483 4510 588 4576 corda
612 4508 761 4596 gignunt
775 4507 920 4598 spiritus
936 4508 1059 4578 vitales
1111 4503 1279 4577 hactenns
1293 4505 1486 4574 clementer
1500 4526 1566 4572 nos
1580 4506 1741 4595 protexit,
1763 4521 1886 4577 elnon
1906 4506 1992 4576 sinit
2007 4507 2103 4598 apud

61 4627 275 4694 venenatos,
306 4608 427 4702 quiet
462 4610 531 4699 ipsi
560 4611 743 4678 cerebrum
771 4623 806 4679 et
834 4610 921 4679 alias
942 4624 1059 4702 partes
1109 4632 1175 4678 nos
1199 4607 1354 4696 extingui
1379 4606 1561 4675 doctrinae
1582 4607 1717 4691 studia,
1747 4633 1838 4701 quae
1862 4609 1955 4679 vitae
1987 4603 2106 4678 bomi-
2149 4615 2153 4623 '

61 4718 247 4796 inficiunt,
274 4725 313 4782 ut
327 4712 364 4781 lit
379 4711 417 4779 in
431 4712 551 4781 bestiis
567 4711 729 4785 rabiosis.
781 4710 878 4782 llaec
900 4713 1056 4803 ingentia
1111 4735 1197 4780 num
1210 4709 1404 4780 necessaria
1421 4722 1519 4778 sunt:
1547 4731 1697 4801 eumque
1715 4722 1789 4778 toto
1806 4723 1947 4801 pectore
1964 4735 2040 4796 oro,
2064 4723 2104 4782 ut

59 4820 156 4890 mala
177 4815 432 4886 consideranda
448 4827 548 4896 stant,
575 4827 610 4882 et
624 4837 761 4882 summa
783 4838 866 4884 cura
882 4811 1057 4884 adhiben-
1109 4836 1175 4882 nos
1191 4814 1356 4904 deinceps
1371 4834 1512 4905 qnoque
1527 4812 1700 4899 gubernet
1726 4825 1760 4880 et
1783 4824 1941 4897 tueatur,
1967 4827 2001 4883 et
2021 4837 2106 4904 pro-
2203 4902 2206 4907 Ι

59 4926 108 4994 da
124 4933 195 4999 est,
223 4932 262 4988 ut
276 4917 408 4986 sanitas
423 4916 557 4998 cordis,
584 4930 754 5009 quantum
774 4917 850 4986 fieri
866 4930 999 5008 potest,
1022 4931 1058 4987 et
1108 4930 1187 5008 pter
1207 4939 1306 4985 stram
1328 4914 1477 5005 gloriam
1501 4914 1538 4981 in
1565 4908 1621 4982 bis
1645 4914 1850 5003 regionibus
1872 4937 2010 5006 semper
2029 4915 2104 4986 filio

59 5024 270 5096 restituatur
293 5033 328 5089 et
348 5032 586 5088 conservetur.
637 5013 683 5089 Et
700 5020 844 5112 quidem
866 5036 906 5090 ut
928 5019 1055 5089 sitdo-
1107 5043 1172 5087 suo
1190 5014 1346 5087 Domino
1364 5030 1485 5086 nostro
1504 5013 1580 5084 lesu
1592 5011 1737 5085 Christo
1754 5010 2007 5087 haereditatem
2030 5020 2105 5088 col·

58 5126 233 5198 micilium
249 5120 336 5207 Dei,
361 5122 405 5189 ad
422 5145 526 5214 quem
550 5143 651 5190 usum
674 5120 919 5212 principaliter
930 5123 1057 5191 condi·
1109 5121 1212 5209 ligat,
1239 5120 1493 5188 celebraturam
1512 5117 1627 5208 ipsum
1649 5118 1685 5185 in
1703 5120 1800 5187 omni
1822 5119 2040 5192 aeternitate.

58 5246 138 5303 tum
154 5240 216 5296 est.
269 5223 366 5294 llaec
381 5225 486 5305 bona,
509 5238 549 5292 ut
569 5223 823 5313 intelligamus,
850 5226 1057 5314 adpetamus
1210 5220 1507 5292 Honestissimnm
1525 5233 1576 5288 est
1591 5234 1706 5287 antem
1729 5221 1767 5288 in
1785 5218 1840 5290 bis
1857 5222 2103 5310 congressibus

59 5347 96 5403 et
112 5351 357 5422 assequamur,
389 5326 551 5395 doctrina
575 5328 620 5394 de
645 5320 701 5393 bis
723 5328 830 5397 tantis
854 5328 978 5410 rebus,
1011 5328 1056 5395 de
1107 5324 1178 5394 dici
1200 5323 1336 5417 aliquid
1355 5325 1451 5416 quod
1476 5325 1589 5412 prosit
1610 5324 1654 5390 ad
1678 5323 1894 5393 erudiendos
1910 5322 2102 5403 auditores,

58 5450 187 5505 natura
204 5428 371 5508 hominis,
396 5430 439 5496 de
456 5441 574 5497 nostra
591 5428 841 5513 imbecillitate,
866 5430 910 5496 de
925 5428 1055 5498 volun·
1105 5428 1162 5497 vel
1183 5429 1227 5495 ad
1247 5426 1413 5495 virtutem
1440 5424 1652 5496 excitandos.
1705 5422 1791 5496 ldeo
1813 5424 1900 5495 alias
1916 5427 1961 5494 de
1983 5425 2101 5514 legum

58 5550 132 5610 tate
146 5534 227 5620 Dei,
243 5534 286 5602 de
300 5529 480 5601 beneficiis
495 5529 560 5599 lilii
572 5526 653 5615 Dei,
666 5531 827 5605 studiose
837 5553 1054 5622 cognoscen-
1103 5543 1307 5601 nostrarum
1329 5525 1503 5619 dignitate
1526 5526 1614 5597 dixi.
1675 5525 1779 5599 Nunc
1803 5551 1887 5598 vero
1912 5522 2100 5600 historiam
