4664 6022
145 299 226 379 455
747 286 910 367 nucu.
962 285 1038 372 nu
1071 285 1217 366 vrrs
1249 288 1596 392 incusatur
2116 297 2196 381 sss

142 494 220 550 cnm
242 473 400 543 fecerant
422 469 463 540 in
491 461 702 552 Ecclesiam,
735 489 809 536 non
826 464 975 536 remittit
993 463 1141 536 omnino
1194 464 1352 536 Tantum
1367 468 1412 536 de
1427 465 1670 556 dogmatibus,
1696 480 1819 538 ettam
1834 470 1953 557 utilia,
1978 495 2046 544 nec
2058 467 2194 545 Hiero·

144 599 319 675 poenam,
352 571 491 645 etiamsi
510 594 575 664 pro
597 568 647 639 eis
667 569 922 659 deprecabatur
947 565 1142 639 Nectarius.
1196 591 1324 663 nymus
1345 593 1411 639 nec
1426 569 1614 663 quisquam
1630 569 1723 640 alius
1740 571 1896 663 scripsit.
1923 571 2116 647 Caeterum
2130 577 2196 648 alii

144 678 193 752 Et
217 679 362 773 quidem
387 675 506 769 inquit
526 674 678 764 loquens
700 672 745 740 de
766 663 953 755 Ethnicis,
988 693 1025 739 se
1046 671 1144 740 nolle
1196 672 1309 741 sancti
1330 671 1400 740 viri
1419 672 1498 741 aliis
1522 673 1713 744 virtutibus
1736 675 1987 751 excelluerunt.
2040 675 2115 750 Sed
2140 693 2197 751 ta-

145 785 191 854 ab
206 782 251 850 iis
265 779 402 872 rogari,
424 776 590 871 aquibus
606 768 767 846 Christus
783 796 856 843 non
872 785 1027 861 rogetur.
1071 767 1145 844 Bo·
1196 797 1279 843 meu
1294 774 1514 845 anteferendi
1530 788 1613 844 sunt
1636 775 1710 856 illi,
1736 776 1799 870 qui
1816 778 1856 847 in
1870 780 2197 865 administratione,

146 883 318 956 nifacium
347 877 523 953 Comitem
550 899 671 947 severe
702 875 885 965 obiurgat,
919 875 1015 968 quod
1044 876 1146 945 duxit
1197 877 1236 946 in
1250 876 1436 968 periculis,
1463 877 1501 946 in
1517 877 1590 946 acic
1606 878 1734 949 versati
1753 895 1856 962 sunt,
1882 906 1963 952 cum
1985 883 2119 953 caeteri
2141 908 2196 954 es·

145 981 328 1060 ethnicam
350 983 550 1072 coniugem.
605 976 745 1050 Rursus
771 978 885 1048 multa
907 977 1147 1048 leniterfecit.
1197 994 1276 1050 sent
1292 979 1413 1052 ociosi.
1458 977 1620 1051 Recitavi
1637 975 1824 1051 historiam
1840 982 2033 1075 Augustini
2049 1000 2196 1079 propter

148 1088 232 1160 Nou
254 1088 332 1157 vult
353 1084 504 1156 interfici
527 1081 697 1166 militem,
723 1081 785 1174 qui
803 1080 975 1172 templum
989 1080 1147 1150 violave-
1188 1083 1447 1154 adolescentes.
1479 1078 1587 1169 Quod
1604 1083 1698 1151 enim
1715 1085 1914 1176 exemplum
1929 1087 2041 1178 magis
2055 1083 2196 1160 hortari

129 1204 222 1276 .rat,
248 1190 308 1260 scd
331 1188 432 1258 iubet
454 1210 535 1258 eum
555 1183 742 1254 admoneri
766 1196 800 1254 et
824 1183 868 1251 ad
891 1181 1145 1275 poenitentiam
1199 1207 1265 1253 nos
1280 1184 1324 1253 ad
1340 1183 1500 1253 discendi
1516 1207 1637 1254 curam
1653 1198 1783 1277 potest,
1808 1211 1914 1280 quarn
1934 1184 2021 1263 haec
2046 1186 2195 1282 ipsahi·

150 1291 309 1366 invitari.
362 1287 520 1379 Quidam
542 1290 736 1358 donaverat
753 1298 888 1355 certum
908 1287 1062 1355 fundum
1076 1281 1147 1354 Ec-
1199 1285 1333 1357 storia?
1386 1283 1557 1356 Videmus
1578 1286 1640 1381 qui
1664 1287 1793 1358 fluctus
1818 1290 1994 1382 excipiant
2018 1315 2102 1374 eos,
2134 1292 2194 1387 qui

149 1395 292 1480 clesiae,
318 1405 398 1485 post
417 1415 553 1462 annum
574 1401 709 1459 mutata
723 1388 923 1473 voluntate,
949 1387 1078 1479 repetit
1093 1399 1147 1456 ta·
1198 1384 1367 1457 Ecclesiis
1388 1388 1585 1481 praefuturi
1607 1401 1708 1476 sunt,
1731 1413 1796 1459 nec
1816 1414 1917 1483 posse
1938 1393 2192 1483 gubernatores

32 1574 35 1579 ,
149 1497 269 1568 bulas:
296 1491 520 1586 Augustinus
542 1516 587 1561 ne
604 1516 685 1561 cum
701 1485 849 1560 homine
869 1488 1057 1580 perfidioso
1072 1488 1148 1559 liti·
1200 1503 1332 1562 tantam
1364 1490 1495 1560 molem
1523 1491 1717 1577 sustinere,
1747 1492 1825 1562 sine
1856 1517 1983 1584 magna
2010 1497 2192 1569 doctrinae

148 1613 267 1691 garet,
292 1598 433 1669 tabulas
455 1595 586 1671 reddit.
644 1590 728 1663 Fuit
746 1605 780 1661 et
794 1593 931 1682 privata
953 1592 1025 1663 vita
1041 1593 1147 1684 plena
1200 1592 1300 1685 copia
1315 1607 1350 1663 et
1362 1592 1541 1666 varietate.
1576 1592 1649 1664 Tot
1662 1617 1702 1664 ac
1717 1607 1790 1664 tam
1806 1597 1922 1666 varias
1936 1600 2191 1671 controversias

147 1701 369 1792 optimorum
392 1697 653 1788 exemplorum,
686 1693 879 1787 pudicitiae
897 1708 931 1765 et
945 1706 1148 1786 temperan-
1199 1694 1364 1766 tractavit
1381 1689 1620 1784 Augustinus,
1645 1697 1775 1789 quibus
1797 1699 2023 1771 nullomodo
2037 1725 2108 1793 par
2125 1725 2191 1773 esse

148 1803 227 1877 tiae.
279 1797 372 1873 Odit
386 1800 596 1882 maledicos,
621 1811 663 1868 ut
687 1797 762 1867 eius
779 1796 944 1866 versiculi
961 1808 1149 1868 testantur.
1200 1799 1390 1889 potuisset,
1412 1797 1482 1867 uisi
1505 1811 1541 1868 et
1562 1798 1754 1891 multiplici
1775 1801 1978 1873 eruditione
2002 1804 2192 1876 instructus
2225 1790 2236 1875 .'

149 1903 468 1987 Fuisseamantem
492 1900 670 1984 veritatis,
696 1899 859 1969 indicant
879 1899 964 1969 libri
979 1912 1148 1969 retracta·
1199 1900 1343 1985 fuisset,
1368 1912 1403 1970 et
1419 1900 1600 1970 assiduum
1618 1901 1777 1971 studium
1793 1897 2026 1992 adhibuisset,
2052 1920 2192 2000 utpro-
2234 1960 2236 1975 .

150 2007 310 2092 tionum,
336 2005 433 2098 quod
456 2026 538 2074 suos
565 2025 701 2072 errores
720 2003 873 2091 ingenue
889 2003 1020 2072 latetur
1043 2014 1077 2072 et
1091 2024 1149 2071 ce-
1200 2015 1369 2075 moveret.
1419 2000 1533 2073 Docet
1549 2002 1607 2094 pia
1622 2017 1763 2095 pectora
1779 2002 1935 2098 Spiritus
1949 2023 2115 2095 sanctus,
2135 2010 2190 2080 sed

149 2121 280 2181 cantat.
337 2104 510 2197 Egressus
538 2105 834 2198 septuagesimum
859 2127 993 2173 annum
1024 2103 1147 2175 aetatis
1200 2107 1295 2176 dona
1321 2102 1390 2175 Dei
1411 2105 1579 2174 discendo
1601 2106 1784 2176 excitanda
1806 2121 1841 2179 et
1862 2109 2079 2182 cumulanda
2105 2125 2190 2197 sunt,

150 2234 233 2281 suae
258 2224 421 2280 mortuus
446 2221 518 2292 est,
549 2230 629 2276 curn
650 2205 859 2298 praefuisset
879 2202 1059 2276 Ecclesiae
1083 2230 1147 2275 an·
1200 2208 1290 2278 sicut
1305 2204 1439 2276 Paulus
1453 2201 1617 2277 hortatur
1633 2201 1883 2295 Timotheum,
1909 2228 1949 2285 ut
1962 2213 2011 2284 sit
2033 2214 2189 2287 assiduus

150 2309 662 2405 nosquadragintafoeliciter.
716 2305 874 2378 Accessit
890 2307 953 2377 illa
969 2307 1148 2378 calamitas
1201 2311 1240 2378 in
1263 2309 1433 2393 lectione,
1468 2324 1502 2380 et
1526 2308 1654 2401 addit:
1674 2306 1759 2379 Non
1782 2312 1938 2403 negligas
1958 2316 2102 2386 donum
2120 2313 2188 2387 Dei.

149 2417 188 2484 in
211 2414 337 2485 ultima
361 2428 513 2484 senecta:
547 2410 638 2481 vidit
656 2435 676 2481 a
697 2409 869 2479 Vandalis
892 2411 1020 2480 vastari
1049 2408 1148 2481 Alci·
1201 2410 1341 2502 lguavis
1358 2411 1451 2481 dona
1468 2409 1534 2481 Dei
1553 2410 1722 2499 effluunt,
1742 2412 1834 2483 sicut
1856 2416 2013 2488 ostendit
2027 2416 2184 2509 parabola

149 2542 244 2601 cam,
288 2517 350 2611 qui
383 2541 464 2586 cum
500 2514 628 2607 passim
661 2512 781 2584 omnia
814 2513 982 2604 populari
1017 2526 1148 2598 esseut,
1200 2517 1245 2584 de
1271 2514 1416 2586 talento.
1477 2511 1655 2604 Tempora
1677 2515 1782 2583 etiam
1799 2540 1864 2586 nos
1888 2535 2080 2606 moveant,
2103 2518 2191 2593 utin
2227 2518 2231 2529 '

151 2620 342 2690 cinxerunt
357 2618 544 2688 obsidione
559 2617 685 2686 urbem
701 2611 992 2706 Hipponensem,
1020 2615 1058 2684 in
1078 2639 1147 2707 qua
1200 2637 1324 2687 omnes
1339 2616 1452 2686 bonas
1467 2615 1693 2706 disciplinas,
1719 2640 1810 2710 quae
1833 2632 1918 2691 sunt
1929 2617 2116 2693 Ecclesiae
2134 2644 2192 2693 ne·

151 2734 226 2793 erat
248 2721 488 2813 Augustinus,
517 2719 579 2813 qui
601 2731 687 2789 tunc
706 2717 926 2786 luculentum
953 2717 1041 2809 illud
1058 2740 1149 2808 opus
1200 2717 1388 2803 cessariae,
1421 2716 1554 2787 maiore
1588 2717 1723 2810 impetu
1753 2719 2015 2795 incumbamus:
2058 2722 2193 2799 Videtis

150 2824 342 2910 scribebat,
382 2824 439 2894 cui
477 2822 623 2893 titulum
655 2819 757 2899 iecit,
800 2831 922 2887 contra
952 2812 1146 2892 Iulianum.
1201 2822 1297 2890 enim
1314 2843 1388 2889 non
1404 2841 1505 2911 posse
1525 2819 1603 2889 sine
1617 2822 1799 2890 acerrimis
1815 2823 2111 2898 dimicationibus
2130 2850 2193 2920 pn-

150 2923 306 3017 Rogavit
335 2939 453 2996 autem
482 2921 617 3006 Deum,
651 2935 693 2991 ut
715 2919 771 2989 vel
805 2920 998 3012 depelleret
1020 2915 1147 3006 hostes,

150 3027 206 3099 vel
226 3037 324 3100 sc'ex
339 3022 397 3096 his
416 3025 568 3095 miseriis
590 3037 750 3093 evocaret
773 3025 817 3091 ad
834 3021 1146 3104 immortalitatem,

149 3130 323 3223 quianon
339 3142 454 3221 posset
472 3151 545 3198 esse
559 3138 735 3218 spectator
749 3125 1029 3217 expugnationis.
1073 3122 1148 3195 De·-

149 3232 251 3304 cessit
262 3232 372 3323 igitur
384 3228 607 3321 Augustinus
623 3252 717 3298 anno
731 3223 882 3296 Domini
905 3229 1145 3320 quadringen-

149 3335 274 3405 tesimo
299 3333 401 3406 tertio
426 3335 576 3403 durante
602 3331 808 3414 obsidione,
832 3343 1067 3422 anteceptam
1084 3354 1141 3400 ur·

149 3436 242 3509 bom.
294 3435 367 3506 Nec
381 3434 529 3505 excussit
545 3435 576 3503 ei
594 3433 698 3503 fidem
717 3432 780 3501 illa
795 3431 976 3501 calamitas
993 3433 1145 3524 publica.

148 3535 240 3608 Cum
267 3537 361 3606 enim
379 3524 613 3607 consuluisset
636 3560 717 3604 eum
733 3532 871 3603 vicinus
886 3529 1084 3626 Episcopus
1101 3536 1144 3603 de

149 3642 253 3729 suga,
286 3663 332 3708 an
355 3641 578 3732 quaerendae
598 3651 713 3709 essent
736 3637 908 3721 latebrae,
940 3637 1043 3707 iussit
1063 3660 1145 3707 eum

149 3738 371 3830 Augustinus
399 3765 473 3811 non
500 3744 660 3811 deserere
690 3736 905 3822 Ecclesiam3
951 3738 1017 3809 etsi
1048 3739 1146 3810 enim

150 3844 275 3915 ruebat
289 3843 497 3935 imperium,
526 3859 645 3915 tamen
664 3838 741 3911 Deo
758 3835 952 3910 Ecclesiam
967 3863 1071 3910 curae
1087 3841 1146 3911 fu·

149 3958 266 4014 turam
288 3968 371 4015 esse.
423 3940 541 4040 Atque
563 3944 611 4013 ita
633 3942 771 4013 accidit.
821 3940 915 4011 Nam
933 3966 1053 4034 preces
1068 3940 1144 4013 Au·

148 4046 284 4136 gustini
324 4059 358 4116 et
397 4047 549 4118 aliorum
582 4045 726 4135 piorum
755 4068 832 4113 non
872 4057 973 4113 erant
1011 4045 1145 4117 irritae.

148 4144 367 4242 Quanquam
393 4150 490 4218 enirn
514 4148 599 4218 urbs
614 4144 859 4239 Hipponensis
878 4161 978 4238 capta
994 4162 1063 4233 est,
1092 4161 1146 4219 ta-

149 4274 232 4320 men
256 4251 361 4341 paulo
387 4265 484 4342 post,
519 4245 586 4322 hoc
616 4250 751 4318 bellurn
778 4252 937 4318 sedatum
963 4262 1030 4332 est,
1064 4273 1144 4319 cum

151 4349 321 4423 Vandalis
337 4354 439 4423 datae
454 4366 571 4423 essent
586 4353 684 4421 sedes
698 4351 737 4418 in
751 4348 889 4434 Africa,
915 4375 955 4420 ac
969 4354 1145 4424 durarunt

1200 2925 1340 2993 ritatem
1357 2923 1539 2992 doctrinae
1554 2923 1714 2994 retineri.
1770 2921 1957 2996 Conantur
1973 2952 2057 2997 eam
2072 2931 2191 3001 adven·

1199 3025 1283 3095 sarii
1305 3024 1496 3116 multiplici
1518 3019 1719 3116 sophistica
1743 3026 1907 3102 obruere.
1965 3026 2045 3101 Nec
2068 3029 2184 3104 desinit

1199 3126 1364 3198 diabolus
1379 3127 1532 3197 subinde
1547 3128 1653 3198 salsas
1666 3127 1855 3220 opiniobes
1871 3151 1997 3217 serere,
2019 3146 2064 3204 ut
2079 3132 2187 3206 ottar-

1199 3233 1259 3301 dat
1282 3229 1433 3300 incautis
1453 3229 1591 3322 aliquid
1614 3231 1762 3316 erroris,
1786 3245 1826 3303 ut
1848 3232 1931 3303 fecit
1952 3233 1992 3302 in
2011 3233 2190 3309 paradiso

1200 3330 1320 3421 Quare
1347 3332 1502 3402 subinde
1528 3332 1738 3403 exoriuntur
1768 3357 1883 3404 novae
1905 3336 2129 3424 discordiae,
2156 3359 2192 3409 sc

1198 3434 1302 3527 plane
1320 3434 1377 3514 fit,
1403 3434 1501 3504 utin
1517 3435 1627 3504 veteri
1643 3432 1836 3505 Comoedia
1855 3437 2003 3510 dicitur:

1248 3591 1360 3680 ἆτερός
1381 3591 1462 3679 πρὸς
1482 3588 1595 3677 ἅτερὸν
1617 3591 1775 3680 ἀλείφεται
1792 3603 1875 3680 χεῖρε
1897 3619 1930 3661 re
1949 3593 2144 3669 almostam.

1199 3750 1262 3823 Est
1289 3751 1398 3841 igitur
1430 3774 1520 3842 opus
1545 3747 1726 3821 Ecclesiae
1752 3751 1857 3821 bonis
1890 3767 1925 3825 et
1952 3755 2067 3826 doctis
2099 3756 2197 3848 viris,

1198 3877 1353 3949 quorum
1386 3875 1473 3921 voce
1499 3867 1534 3923 et
1567 3853 1707 3946 scriptis
1734 3856 1952 3945 propugnari
1978 3857 2098 3946 gloria
2127 3857 2193 3933 nsi

1200 3957 1319 4050 possit.
1369 3951 1427 4024 Ad
1456 3949 1543 4025 haec
1566 3954 1758 4026 certamina
1782 3980 1846 4026 vos
1869 3974 2099 4049 praeparate,
2128 3984 2194 4033 uec

1199 4084 1261 4129 vos
1278 4058 1408 4128 iudicia
1427 4057 1654 4128 indoctorum
1669 4059 1879 4135 deterreant.
1931 4059 2077 4148 Midae,
2100 4060 2194 4136 Cen·

1198 4161 1311 4245 taum,
1334 4174 1368 4230 et
1382 4159 1510 4249 vulgus
1534 4160 1662 4250 partim
1683 4173 1935 4247 contemnunt,
1959 4165 2095 4255 partim
2109 4166 2195 4239 ads

1197 4279 1282 4334 runt
1303 4264 1438 4333 literas:
1465 4284 1587 4329 verum
1604 4284 1645 4330 eo
1662 4263 1796 4331 maiore
1810 4263 1995 4350 diligentia
2011 4268 2059 4337 sb
2073 4267 2195 4340 omni·

1197 4368 1265 4437 bus
1289 4365 1356 4456 piis
1378 4378 1413 4435 et
1433 4364 1633 4434 amantibus
1655 4358 1868 4450 Ecclesiam,
1900 4368 2055 4440 tuendae
2076 4386 2116 4445 et
2133 4394 2194 4445 ot·-

45 4448 48 4453 ’
147 4454 198 4522 ibi
222 4451 402 4525 Ecclesiae
434 4478 548 4524 annos
578 4456 652 4523 lere
674 4453 845 4523 ducentos
872 4468 950 4544 post
972 4449 1144 4543 Augusti·
1197 4470 1335 4537 flandae
1359 4480 1453 4539 sunt.
1504 4462 1625 4553 Quare
1647 4464 1850 4536 intueamur
1870 4467 1909 4539 in
1931 4473 2096 4564 exempla
2116 4473 2194 4569 pio·

147 4580 244 4631 num.
296 4552 372 4626 Alii
393 4559 510 4627 solent
525 4557 655 4624 addere
672 4554 952 4645 comparationes
974 4554 1011 4622 in
1030 4555 1143 4645 epilo·
1197 4595 1295 4655 rum,
1326 4567 1452 4650 Pauli,
1484 4566 1710 4656 Augustini„
1731 4567 1934 4650 Ambrosii,
1965 4584 2002 4642 et
2024 4574 2193 4659 aliorum.

144 4658 197 4747 gis
207 4658 474 4749 laudationum,
494 4681 646 4753 quorum
657 4655 845 4725 consilium
856 4679 931 4724 non
949 4657 1142 4725 admodum
1196 4673 1258 4767 qui
1274 4697 1355 4743 cum
1371 4668 1505 4749 suerint
1519 4669 1787 4750 studiosissimi,
1813 4671 2005 4744 excitemus
2019 4700 2089 4751 uos
2103 4702 2194 4775 qun-

148 4760 282 4849 probo,
306 4761 378 4831 nisi
403 4759 558 4831 docendi
579 4781 682 4829 causa
705 4757 765 4829 fiat
787 4758 941 4829 collatio.
992 4753 1143 4828 Prodest
1196 4799 1265 4869 que
1287 4776 1333 4844 ad
1353 4772 1516 4849 discendi
1536 4795 1679 4861 curam,
1709 4797 1818 4865 quam
1841 4775 1987 4866 quidem
2019 4781 2194 4876 pnecip’n

148 4862 382 4942 considerari.
415 4861 504 4957 quid
528 4861 698 4953 cuiusque
718 4858 849 4951 scripta
878 4858 983 4927 nobis
1006 4860 1142 4929 condu·
1194 4876 1522 4969 sputaminum,
1547 4873 1729 4968 inquiens:
1757 4873 1918 4949 Verbum
1930 4873 2003 4948 Dei
2019 4881 2195 4957 interm

147 4975 239 5031 cant.
296 4959 491 5054 Augustini
513 4963 617 5034 lectio
641 4962 786 5055 prodest
816 4960 856 5030 in
880 4959 954 5030 illis
974 4961 1142 5048 materiis,
1193 4980 1363 5053 abundet,
1415 4975 1511 5054 Dixi,

147 5084 235 5157 quas
254 5065 435 5149 tractavit,
459 5089 524 5135 nec
539 5090 624 5136 vero
642 5061 830 5157 quisquam
844 5061 1007 5132 tractavit
1021 5061 1141 5154 plures

147 5164 323 5245 materias.
382 5164 532 5259 Scripsit
551 5167 741 5255 diligenter
760 5164 804 5233 de
821 5161 1017 5249 Trinitate,
1043 5165 1138 5234 reiu-

144 5264 235 5335 tavit
262 5261 493 5337 Manichaeos
526 5281 561 5338 et
593 5264 779 5339 Arrianus.
848 5260 961 5335 Docet
996 5287 1063 5337 nos
1092 5268 1138 5336 de

141 5366 275 5537 Bestia,
301 5382 335 5440 et
358 5370 404 5439 de
428 5369 568 5441 iusticia
588 5369 672 5440 fidei
695 5366 734 5437 in
758 5366 972 5437 rdutatione
993 5363 1144 5458 Pelagii,

201 5479 256 5540 cet
281 5470 325 5543 de
352 5466 512 5545 Ecclesia
541 5471 582 5541 in
615 5467 829 5543 refutatione
856 5463 1140 5563 Donatistacum.
