4664 6022
1974 248 1979 259 ⁵
2102 307 2178 385 wa

140 252 216 388 ni
681 301 843 381 unct„
872 303 949 382 nn
981 300 1323 382 nouorum
1355 303 1652 382 carnoten

143 482 339 560 necessaria
361 479 539 578 impediri.
602 475 766 573 Denique
796 480 1076 552 mediocritatem
1103 493 1137 550 et
1188 505 1239 566 ex,
1259 478 1321 552 tuo'
1350 494 1491 573 pectore
1510 481 1685 575 Spiritum
1713 491 1892 565 sanctum,
1923 488 1979 552 'et
2009 478 2180 552 innubis

143 589 425 660 moderationem
460 587 498 654 in
531 583 700 653 omnibus
732 584 838 653 rebus
874 586 1025 655 amabat.
1089 579 1138 653 Et
1188 597 1368 654 aeternam
1397 586 1524 671 vitam,
1566 586 1682 654 lucem
1705 597 1741 653 et
1763 583 1933 653 iustitiam
1959 585 2179 660 accenderes.

21 729 24 733 ·
145 715 350 787 quanquam
375 689 502 759 virtute
531 699 565 756 et
586 686 697 775 gradu
722 681 871 756 honoris
894 686 1137 771 antecellebat,
1189 683 1287 757 llaec
1304 700 1344 758 ut
1360 689 1399 756 in
1410 684 1606 776 Evangelio
1620 700 1694 770 tuo,
1716 688 1810 779 quod
1830 686 1978 776 protulit
1993 709 2036 754 ex
2052 709 2179 756 arcano

145 809 186 866 ut
203 796 280 864 vult
292 792 388 864 Deus
405 814 476 861 esse
494 784 680 857 homiuum
697 791 844 883 gradus:
877 803 998 859 tamen
1019 789 1137 858 locum
1189 789 1270 859 sinu
1295 803 1356 860 tuo
1382 790 1492 875 filius,
1526 791 1652 858 tradita
1673 801 1775 872 sunt,
1803 801 1877 859 toto
1900 801 2044 878 pectore
2066 791 2180 874 credo,

146 897 297 986 singulis
320 892 589 964 convenientem
610 890 787 975 tribuens,
820 891 927 961 ctiam
950 890 1138 961 inferiores
1190 905 1225 962 et
1242 893 1411 961 confiteor
1425 917 1482 961 me
1499 892 1663 961 miseram
1680 905 1799 961 natam
1820 915 1862 961 ex
1879 889 2026 959 sordida
2042 903 2180 977 natura,

145 1012 293 1091 propter
307 994 422 1067 Deum
442 993 632 1081 diligebat,
663 1017 729 1062 uec
749 995 900 1085 superbe
924 994 1139 1078 fastidiebat,
1190 1018 1265 1064 non
1280 996 1404 1064 arsisse
1421 995 1611 1065 dilectione
1625 991 1689 1075 tui,
1715 1015 1754 1061 ac
1767 992 1851 1081 fide,
1874 1006 1913 1063 nt
1929 994 2121 1078 debebam,
2144 1018 2180 1064 ac

144 1102 206 1175 scd
229 1115 397 1192 tanquam
420 1117 523 1190 pares
545 1095 709 1167 societate
728 1091 906 1168 Ecclesiae
934 1111 968 1168 et
997 1096 1139 1182 virtute,
1189 1097 1321 1167 multos
1336 1120 1472 1166 errores
1488 1120 1528 1166 ac
1542 1096 1685 1165 vitiosas
1699 1094 1909 1184 cupiditates
1925 1096 1963 1163 in
1985 1095 2092 1164 omui
2114 1096 2180 1167 vita

145 1198 283 1274 honore
297 1200 482 1270 afficiebat.

250 1302 398 1399 Ingenia
426 1302 621 1394 prudenter
648 1300 885 1396 diiudicabat,
926 1301 965 1369 in
989 1300 1138 1390 singulis

146 1421 257 1479 certas
276 1407 423 1476 virtutes
437 1403 658 1495 suspiciebat.
710 1399 997 1476 Obtrectationes
1015 1418 1049 1474 et
1063 1427 1139 1472 ser-

145 1533 269 1580 mones
293 1506 489 1577 virulcntos
511 1510 598 1577 adeo
621 1528 695 1575 non
714 1508 897 1591 audiebat,
937 1519 978 1576 ut
1007 1521 1139 1576 stoma·

146 1610 251 1682 chose
268 1610 373 1680 etiam
389 1609 649 1698 interpellaret,
679 1621 714 1678 et
729 1610 893 1699 abrumpi
914 1631 972 1677 eos
989 1622 1138 1697 cogeret.

145 1712 348 1784 Multorum
365 1711 458 1781 inter
473 1733 555 1781 suos
569 1710 733 1796 dissidia,
759 1734 820 1781 sua
838 1710 1027 1782 autoritate
1042 1711 1138 1779 dire-

111 1821 113 1825 ’
145 1818 223 1891 mit.
256 1814 329 1886 Nec
342 1827 459 1884 tamen
475 1835 608 1902 egressa
622 1826 673 1882 est
688 1837 834 1885 suornm
847 1814 1047 1882 officiorum
1064 1837 1137 1881 me·

17 1952 23 1967 ·
144 1931 216 2002 tas,
248 1942 322 1986 nou
347 1914 510 2005 impediit
533 1915 683 2000 iudicia,
725 1940 798 1986 non
824 1915 936 2005 leges,
976 1940 1050 1984 non
1075 1939 1137 1983 cu-

145 2020 254 2100 riam,
286 2020 346 2087 sed
372 2041 435 2086 suo
459 2017 539 2086 loco
563 2017 611 2088 ita
634 2017 825 2102 benefecit,
855 2019 987 2110 quibus
1010 2017 1137 2109 potuit,

143 2146 189 2191 ue
205 2119 290 2214 quid
308 2121 353 2189 de
366 2118 555 2189 autoritate
569 2121 774 2213 cuiusquam
785 2119 1012 2209 Magistratus
1030 2121 1138 2191 dimi-

143 2237 291 2308 nueret,
319 2246 407 2292 neve
423 2223 585 2290 ordinem
601 2220 756 2313 Reipub.
775 2237 808 2292 et
829 2248 950 2316 pacem
968 2226 1137 2297 turbaret.

143 2323 236 2396 Nam
260 2327 304 2394 ad
336 2318 401 2392 hos
430 2325 520 2393 duos
548 2324 637 2394 fines
662 2325 783 2395 omnia
810 2327 902 2395 vitae
928 2326 1075 2396 consilia
1104 2338 1138 2395 et

144 2450 268 2497 omnes
284 2426 439 2497 actiones
451 2426 594 2511 retulit,
619 2429 662 2496 ad
680 2430 876 2496 ornandam
894 2429 1042 2516 gloriam
1058 2424 1137 2512 Dei,

144 2543 178 2600 et
195 2531 239 2599 ad
256 2529 435 2622 publicam
454 2552 587 2619 pacem.
637 2525 728 2599 Cum
746 2529 856 2619 igitur
870 2533 913 2599 ad
931 2529 1035 2600 Pauli
1050 2554 1136 2600 con-

143 2632 301 2712 cionem,
327 2630 618 2721 complectentem
632 2654 754 2700 omnes
773 2632 851 2721 piae
867 2647 1049 2702 matronae
1064 2634 1137 2702 vir-

142 2747 254 2813 tutes,
280 2746 479 2823 congruant
496 2756 611 2801 mores
627 2731 805 2825 Principis
818 2729 1035 2820 Dorotheus,
1062 2738 1137 2826 pla·

143 2837 257 2904 cuisse
273 2858 349 2903 cam
365 2834 440 2904 Deo
460 2835 689 2904 iudicandum
711 2849 782 2921 est,
807 2837 869 2930 qui
887 2861 965 2906 cum
990 2862 1067 2907 eam
1092 2839 1135 2907 ad

143 2937 348 3008 coelestium
365 2937 658 3006 consuetudinem
675 2940 903 3007 traducturus
921 2954 1028 3024 esset,
1061 2941 1137 3009 exi-

142 3053 220 3109 tum
237 3039 342 3110 etiam
356 3039 448 3107 vitae
464 3037 623 3108 mortalis
640 3039 818 3128 placidum
833 3040 884 3124 ei,
911 3055 946 3112 et
958 3042 1138 3112 sanctissi-

143 3141 212 3209 mis
226 3141 387 3210 moribus
406 3139 517 3231 ipsius
534 3154 787 3230 congruentem
802 3143 909 3215 dedit.
960 3140 1053 3214 Cum
1071 3170 1137 3213 na-

143 3257 260 3313 turam
275 3242 310 3310 vi
326 3243 442 3312 morbi
455 3256 655 3333 superatam
670 3266 744 3313 esse
758 3245 914 3331 sentiret,
940 3247 1137 3339 tranquillo

32 3429 44 3441 ‚
143 3345 322 3415 animose
348 3345 511 3416 velutad
538 3345 605 3415 iter
636 3347 879 3436 praeparavit,
909 3372 957 3417 ac
985 3350 1138 3419 subinde

142 3448 295 3516 miscens
326 3447 419 3516 votis
445 3459 480 3516 et
505 3447 723 3518 invocationi
753 3448 1008 3519 confessionem
1044 3451 1138 3535 fidei,

143 3572 245 3638 saepe
269 3544 353 3617 haec
376 3550 482 3617 verba
507 3550 663 3639 repetiit:
698 3549 780 3619 Non
803 3576 884 3620 casn
912 3552 1028 3624 extitit
1052 3550 1138 3623 haec

142 3650 269 3719 mundi
286 3643 522 3739 pulcherrima
540 3675 742 3742 compages,
769 3677 833 3722 nec
847 3678 930 3724 casu
946 3670 1070 3725 natum
1086 3670 1139 3726 est

143 3774 254 3841 genus
276 3746 491 3836 humanum,
528 3754 589 3821 sed
614 3777 687 3823 esse
703 3752 817 3824 Deum
842 3758 1062 3829 conditorem
1082 3781 1138 3826 re.-

144 3878 245 3938 rum,
279 3853 493 3944 sapientem,
527 3854 744 3942 beneficum,
778 3858 930 3941 iustum,
965 3884 1137 3940 veracem,

145 3970 293 4039 castum,
314 3969 388 4026 toto
404 3968 543 4047 pectore
560 3960 678 4038 credo,
696 3983 735 4028 ac
752 3975 784 4029 te
802 3975 985 4035 aeternum
1003 3977 1136 4052 patrem

144 4054 291 4128 Domini
307 4054 509 4126 nostrilesu
524 4054 679 4140 Christi,
704 4061 766 4153 qui
783 4076 817 4132 te
835 4063 1026 4153 patefecisti
1043 4064 1137 4135 mul-

145 4159 191 4229 tis
208 4159 417 4229 testimoniis
433 4160 525 4229 edita
543 4185 627 4230 voce
643 4157 849 4252 Evangelii,
875 4179 910 4234 et
927 4166 1138 4250 missoftliu,

147 4263 191 4330 dc
206 4286 276 4355 quo
293 4261 465 4331 clamasti:
491 4259 599 4333 Hunc
613 4265 743 4349 audite,
758 4268 918 4344 adfirmo,
932 4292 1013 4335 vere
1022 4265 1137 4336 Deum

147 4387 240 4446 esse,
266 4363 487 4433 conditorem
513 4389 650 4445 rerum,
685 4392 755 4436 arna
778 4393 858 4438 cum
884 4369 957 4437 lilio
983 4382 1046 4439 tuo
1060 4371 1139 4441 Dn-

147 4466 246 4534 mirm
268 4479 389 4534 nostro
408 4464 484 4535 lesu
501 4462 645 4538 Christo
673 4482 708 4539 et
723 4468 862 4558 Spiritu
886 4486 1019 4542 sancto.
1085 4471 1138 4542 Te

148 4568 252 4637 credo
265 4590 375 4656 genus
391 4563 586 4638 humanum
603 4597 675 4639 non
692 4572 1048 4658 frustracondidisse,
1073 4599 1139 4643 nec

148 4669 277 4738 frustra
296 4683 328 4739 te
343 4672 447 4740 nubis
470 4671 573 4742 toties
597 4672 818 4763 patefecisse,
852 4678 912 4743 sed
938 4701 1018 4744 vere
1042 4677 1138 4746 iudi-

148 4796 222 4840 cem
246 4795 319 4841 esse
340 4774 477 4859 generis
499 4768 664 4857 humani,
697 4787 731 4843 et
754 4776 920 4864 colligere
941 4779 1003 4846 tibi
1026 4793 1139 4847 steter-

149 4897 231 4939 nnm
247 4869 458 4957 Ecclesiam,
492 4875 747 4945 celebraturum
771 4892 805 4947 te
828 4881 866 4946 in
888 4895 1027 4950 aeterna
1051 4905 1137 4949 con·

1190 1197 1466 1284 circumtulisse,
1493 1214 1526 1269 et
1542 1222 1645 1289 saepe
1661 1212 1757 1267 tuam
1774 1199 1996 1268 voluntatem
2012 1197 2107 1267 meis
2131 1222 2181 1268 er-

1191 1300 1332 1371 roribus
1348 1316 1382 1371 et
1396 1301 1553 1392 lapsibus
1568 1301 1739 1371 offensam
1755 1322 1848 1380 esse,
1875 1295 2113 1370 vehementer
2123 1302 2182 1371 do-

1190 1403 1257 1476 leo.
1307 1402 1399 1474 Cum
1423 1418 1539 1473 autem
1564 1404 1701 1472 miseris
1730 1401 1841 1471 lilium
1862 1416 1963 1472 tuum
1986 1398 2183 1471 Dominum

1190 1519 1351 1575 nostrum
1372 1503 1485 1575 lesum
1502 1501 1684 1576 Christum
1701 1504 1905 1573 crucifixtun
1934 1528 2001 1594 pro
2024 1504 2136 1575 uerbis
2153 1518 2183 1577 et

1189 1607 1450 1692 resuscitatum,
1476 1632 1515 1677 ac
1534 1606 1751 1699 praeceperis
1764 1619 1806 1676 ut
1817 1610 1859 1676 ad
1878 1631 1958 1676 eum
1976 1607 2179 1696 confugere·

1189 1733 1286 1795 mus,
1310 1725 1345 1780 et
1361 1709 1562 1800 promiseris
1579 1725 1610 1779 te
1628 1723 1852 1802 recepturum
1868 1732 1995 1778 omnes
2007 1711 2057 1778 ad
2075 1710 2181 1801 ipsun

1190 1835 1272 1880 vcra
1294 1813 1364 1882 lide
1383 1813 1645 1901 confugientes,
1678 1826 1712 1883 te
1740 1811 1885 1902 supplex
1910 1835 1997 1895 oro,
2031 1825 2076 1882 ut
2101 1806 2183 1881 mibi

1189 1913 1309 1985 omnia
1327 1937 1404 1983 mea
1419 1931 1576 2006 peccata,
1608 1939 1730 1984 omncs
1752 1936 1905 1996 ermres,
1939 1937 2074 1984 omnes
2097 1914 2184 1985 labes

1188 2017 1365 2101 remittas,
1391 2030 1534 2107 propter
1549 2018 1662 2086 lilium
1678 2031 1778 2086 tuum
1798 2013 1998 2086 Dominum
2023 2031 2182 2087 nostrum

1190 2116 1304 2188 lesum
1328 2114 1531 2201 Christum,
1578 2144 1682 2212 quem
1712 2117 1857 2188 voluisti
1887 2143 1953 2209 pru
1981 2121 2093 2189 nobis
2114 2117 2181 2189 fieri

1188 2221 1388 2290 victimam:
1425 2234 1461 2291 et
1475 2234 1515 2291 ut
1531 2220 1668 2312 Spiritu
1684 2233 1803 2291 sancto
1826 2233 1886 2288 tuo
1916 2221 2026 2292 initia
2045 2222 2136 2293 vitae
2150 2235 2180 2291 et

1189 2323 1348 2393 iusticiae
1361 2338 1523 2394 aeternae
1538 2324 1576 2392 in
1592 2348 1647 2392 me
1661 2322 1841 2407 accendas,
1868 2347 1999 2416 meque
2017 2328 2064 2395 ad
2079 2324 2175 2393 socie-

1189 2438 1296 2494 tatem
1313 2440 1394 2496 tuae
1407 2422 1586 2496 Ecclesiae
1602 2427 1779 2506 coelestis,
1806 2449 1896 2518 quae
1920 2440 1956 2497 te
1982 2426 2027 2495 in
2051 2441 2174 2497 aeterna

1189 2527 1326 2597 laeticia
1346 2527 1546 2599 intuebitur
1569 2543 1604 2598 et
1621 2526 1833 2612 celebrabit,
1859 2529 2063 2599 clementer
2076 2530 2176 2599 abdu-

1189 2653 1259 2700 cas.
1324 2628 1440 2700 Credo
1466 2631 1538 2701 tuis
1562 2631 1876 2723 promissionibus,
1909 2645 1946 2703 et
1967 2632 2101 2703 fiducia
2123 2631 2178 2700 nti

1188 2731 1241 2802 tui
1266 2732 1470 2803 mediatoris
1493 2757 1549 2803 me
1570 2748 1746 2818 sustento,
1777 2758 1850 2802 nou
1873 2733 2006 2805 fiducia
2032 2759 2176 2806 mestun

1190 2834 1373 2918 virtutum,
1397 2849 1565 2927 tuamque
1582 2836 1669 2905 iram
1686 2837 1858 2926 placatam
1875 2859 1951 2906 esse
1965 2838 2130 2915 conlido,
2147 2849 2169 2904 et

1190 2950 1283 3005 certa
1299 2959 1360 3026 spe
1377 2937 1581 3008 coelestium
1597 2939 1889 3008 connsuetudinem
1908 2953 2075 3028 expecto.
2106 2935 2172 3010 'libi
2223 2976 2225 2983 ·

1189 3038 1294 3109 ctiam
1306 3039 1435 3128 gratias
1448 3063 1513 3128 ago
1530 3055 1565 3110 et
1578 3064 1678 3128 agam
1694 3039 1731 3107 in
1749 3040 1848 3108 omni
1861 3041 2091 3126 aeternitate,
2105 3063 2168 3110 om

1189 3165 1253 3231 pro
1270 3141 1414 3210 caeteris
1438 3142 1617 3211 beneficiis
1638 3141 1984 3226 innumerabilibus,
2025 3157 2103 3214 tum
2123 3163 2170 3233 pro

1191 3243 1423 3332 patefactione
1439 3245 1504 3325 tui,
1531 3260 1564 3315 et
1580 3269 1644 3336 pro
1662 3245 1735 3314 lilio
1753 3245 1858 3313 nobis
1874 3247 2028 3332 donato,
2054 3260 2090 3317 et
2107 3266 2178 3314 voce

1190 3341 1374 3434 Evangelii
1394 3347 1508 3427 edita,
1534 3349 1700 3440 qrrodque
1719 3373 1775 3416 me
1797 3349 1840 3414 ad
1864 3347 2092 3433 agnitionem
2111 3362 2182 3419 tuse

1189 3447 1279 3516 lucis
1302 3449 1454 3531 vocasti,
1480 3473 1544 3519 nec
1561 3450 1600 3537 in
1618 3445 1757 3518 ethnica
1776 3448 1925 3536 caligine
1942 3463 1978 3519 et
1992 3451 2077 3521 aliis
2092 3472 2184 3519 erro·

1190 3550 1290 3619 ribus
1310 3551 1497 3643 reliquisti.
1551 3551 1604 3620 'l'e
1626 3553 1730 3620 etiam
1746 3550 1825 3621 lesu
1842 3546 2009 3633 Christe,
2041 3554 2094 3623 fili
2108 3549 2184 3632 Dei,

1189 3652 1351 3721 crucifixe
1381 3677 1443 3743 pro
1470 3654 1575 3723 nobis
1607 3669 1642 3724 et
1674 3654 1894 3738 resuscitate,
1935 3654 2057 3744 imago
2081 3653 2184 3747 patris

1189 3754 1343 3835 aeterni,
1370 3757 1431 3848 qui
1449 3758 1624 3827 mediator
1639 3756 1852 3827 constitutus
1870 3779 1908 3826 es
1931 3757 2030 3826 inter
2053 3773 2185 3848 patrem

1191 3871 1224 3926 et
1242 3878 1326 3939 nos,
1352 3881 1392 3926 ac
1411 3858 1551 3928 dixisti:
1581 3856 1706 3927 Venite
1722 3861 1764 3927 ad
1780 3883 1835 3927 me
1850 3881 1974 3929 omnes
1994 3859 2062 3953 qui
2087 3860 2185 3929 labo-

1190 3958 1276 4027 ratis
1292 3971 1326 4028 et
1348 3960 1484 4028 onerati
1509 3959 1610 4041 estis,
1643 3984 1707 4050 ego
1730 3962 1883 4031 reficiam
1906 3983 1989 4042 vos,
2027 3985 2097 4033 oro
2115 3974 2185 4031 toto

1192 4076 1349 4148 pectore,
1374 4075 1413 4130 ut
1426 4062 1494 4129 mei
1512 4064 1695 4147 misertus,
1720 4089 1784 4153 pro
1803 4088 1859 4132 me
1876 4062 2079 4133 intercedas
2093 4064 2183 4155 apud

1191 4176 1371 4230 aetcmum
1385 4177 1520 4256 patrem
1546 4180 1669 4245 tuum,
1702 4165 1795 4236 etin
1823 4190 1877 4233 me
1894 4165 2035 4254 Spiritu
2064 4180 2184 4247 saneto

1190 4277 1251 4333 tuo
1276 4265 1383 4335 vitam
1403 4281 1599 4347 aeternam,
1634 4268 1748 4336 lucem
1763 4282 1797 4338 et
1812 4267 1988 4336 iusticiam
2003 4271 2186 4343 accendas.

1192 4364 1336 4439 Gratias
1353 4367 1458 4437 etiam
1475 4392 1540 4458 ago
1555 4371 1639 4453 tibi,
1665 4382 1699 4440 et
1718 4393 1818 4458 agam
1842 4369 1880 4436 iu
1901 4369 2006 4438 omni
2029 4369 2184 4440 aeterni·

1192 4482 1280 4552 tate,
1319 4473 1414 4562 quod
1440 4495 1514 4542 mea
1537 4496 1639 4541 causa
1662 4484 1696 4541 et
1721 4484 1866 4560 propter
1890 4471 2041 4541 salutem
2071 4495 2182 4541 meam

1190 4584 1333 4643 aeterno
1350 4572 1442 4663 patri
1458 4575 1605 4664 supplex
1622 4597 1678 4656 es,
1703 4586 1739 4642 et
1757 4573 1899 4642 victima
1916 4596 1982 4665 pro
2002 4597 2062 4643 me
2076 4574 2183 4645 factus

1191 4697 1239 4759 es.
1290 4672 1369 4743 lloc
1381 4687 1483 4744 tuum
1499 4677 1623 4765 ingens
1637 4675 1844 4744 beneficium
1858 4675 2047 4766 praedico,
2075 4676 2181 4747 ‹lisce-

1190 4777 1277 4845 dens
1292 4800 1332 4844 ex
1347 4772 1412 4846 hac
1428 4779 1631 4847 mortalium
1647 4778 1920 4856 cotrsuetndine,
1951 4803 1995 4848 ac
2017 4781 2181 4850 adversus

1190 4901 1295 4964 regna
1314 4879 1448 4948 diaboli
1465 4895 1496 4949 et
1518 4880 1679 4949 omnium
1706 4879 1898 4970 impiorum
1924 4879 2088 4964 furores,
2126 4877 2181 4973 qtti

148 4974 335 5044 suetudine
351 4990 386 5045 et
407 4975 555 5044 laeticia.
614 4974 729 5045 Credo
754 4981 922 5050 etlilium
946 4997 1044 5052 tuum
1062 4980 1137 5051 Do·
1190 4979 1255 5050 tibi
1272 4981 1505 5066 maledicunt,
1529 4983 1696 5062 adfirmo,
1721 4994 1817 5051 tuam
1844 4982 2049 5052 doctrinam
2075 4981 2182 5055 tradi·

147 5077 283 5145 minum
302 5092 463 5147 nostrum
480 5075 594 5146 lesum
610 5075 810 5166 Christum,
843 5084 1047 5152 crucifixum
1072 5108 1136 5174 pro
1189 5094 1260 5150 tam
1287 5098 1348 5153 tua
1376 5109 1481 5167 voce,
1514 5098 1547 5152 et
1574 5079 1834 5174 Prophetarum
1864 5096 1898 5153 et
1924 5080 2180 5176 Apostolomm

147 5178 251 5247 nobis
268 5193 301 5250 et
319 5179 580 5264 resuscitatum,
606 5182 771 5252 mirando
789 5185 936 5254 consilio
955 5209 974 5252 a
998 5199 1032 5253 te
1051 5186 1137 5252 vnis-
1188 5183 1317 5268 literis,
1338 5200 1522 5255 sonantem
1537 5186 1576 5255 in
1594 5180 1658 5255 hac
1675 5199 1734 5255 tua
1751 5181 1929 5271 Ecclesia,
1954 5189 2059 5258 euius
2080 5186 2181 5257 disei-

146 5302 223 5348 sum
244 5302 334 5364 esse,
359 5279 497 5372 ntqnia
520 5296 699 5370 peccatum
725 5310 788 5377 pru
809 5285 1136 5375 nobisliebatipse,
1187 5285 1308 5376 pulam
1328 5311 1470 5357 neeesse
1488 5289 1672 5377 profiteor,
1705 5312 1825 5357 veram
1849 5313 1947 5376 esse,
1982 5304 2019 5361 et
2043 5310 2181 5360 execror
2223 5290 2225 5295 ’

147 5379 439 5452 ansiusticiaDei
458 5388 805 5472 pereumlieremus.
852 5385 969 5479 thue
984 5412 1062 5457 cum
1078 5413 1136 5456 re·
1188 5384 1347 5458 ethnicos
1374 5405 1409 5461 et
1424 5385 1618 5461 haereticos
1639 5392 1778 5459 furores
1801 5416 1880 5462 cum
1905 5407 1965 5461 tua
2002 5416 2091 5462 voce
2121 5415 2181 5481 pu·

144 5483 279 5574 ciperes
299 5508 364 5553 nos
379 5484 416 5552 in
433 5485 579 5574 gratiam
597 5489 774 5579 placatus,
801 5488 1000 5559 effunderes
1014 5491 1052 5558 iu
1068 5512 1134 5560 nos
1185 5507 1345 5583 guantes.
1398 5493 1455 5566 Sit
1468 5494 1610 5564 lucerna
1625 5493 1777 5584 pedibus
1793 5495 1882 5564 meis
1897 5495 2050 5565 verbum
2073 5508 2181 5576 tuum,
