<?xml version="1.0" encoding="UTF-8"?>
<!DOCTYPE html PUBLIC "-//W3C//DTD XHTML 1.0 Transitional//EN"
    "http://www.w3.org/TR/xhtml1/DTD/xhtml1-transitional.dtd">
<html xmlns="http://www.w3.org/1999/xhtml" xml:lang="en" lang="en">
 <head>
  <title>
</title>
<meta http-equiv="Content-Type" content="text/html;charset=utf-8" />
  <meta name='ocr-system' content='tesseract 3.04.00' />
  <meta name='ocr-capabilities' content='ocr_page ocr_carea ocr_par ocr_line ocrx_word'/>
</head>
<body>
  <div class='ocr_page' id='page_1' title='image "./philippimelanth00bretgoog_0343.png"; bbox 0 0 4664 6022; ppageno 0'>
   <div class='ocr_carea' id='block_1_1' title="bbox 136 256 2170 401">
    <p class='ocr_par' dir='ltr' id='par_1_1' title="bbox 136 256 2170 401">
     <span class='ocr_line' id='line_1_1' title="bbox 136 256 2170 401; baseline -0.008 0"><span class='ocrx_word' id='word_1_1' title='bbox 136 327 211 401; x_wconf 80' lang='lat' dir='ltr'>aar</span> <span class='ocrx_word' id='word_1_2' title='bbox 342 256 345 261; x_wconf 34' lang='lat'><strong>⁴</strong></span> <span class='ocrx_word' id='word_1_3' title='bbox 725 307 886 388; x_wconf 76' lang='lat' dir='ltr'>nucu</span> <span class='ocrx_word' id='word_1_4' title='bbox 919 303 995 385; x_wconf 82' lang='lat' dir='ltr'>ou</span> <span class='ocrx_word' id='word_1_5' title='bbox 1027 304 1127 386; x_wconf 84' lang='lat' dir='ltr'>ou1</span> <span class='ocrx_word' id='word_1_6' title='bbox 1160 304 1605 387; x_wconf 77' lang='lat' dir='ltr'>luvocarmuu.</span> <span class='ocrx_word' id='word_1_7' title='bbox 2099 308 2170 385; x_wconf 84' lang='lat' dir='ltr'>aas</span> 
     </span>
    </p>
   </div>
   <div class='ocr_carea' id='block_1_2' title="bbox 139 476 2178 982">
    <p class='ocr_par' dir='ltr' id='par_1_2' title="bbox 139 476 2178 982">
     <span class='ocr_line' id='line_1_2' title="bbox 139 476 2176 577; baseline -0.008 -8"><span class='ocrx_word' id='word_1_8' title='bbox 139 492 344 576; x_wconf 84' lang='lat' dir='ltr'>missiones,</span> <span class='ocrx_word' id='word_1_9' title='bbox 365 482 547 560; x_wconf 75' lang='lat' dir='ltr'>etlilium</span> <span class='ocrx_word' id='word_1_10' title='bbox 561 476 685 577; x_wconf 75' lang='grc' dir='ltr'><strong><em>ἱκέτην</em></strong></span> <span class='ocrx_word' id='word_1_11' title='bbox 698 481 891 556; x_wconf 88' lang='lat' dir='ltr'>constituit.</span> <span class='ocrx_word' id='word_1_12' title='bbox 942 477 992 556; x_wconf 85' lang='lat' dir='ltr'>Et</span> <span class='ocrx_word' id='word_1_13' title='bbox 1012 496 1133 554; x_wconf 87' lang='lat' dir='ltr'>osten·</span> <span class='ocrx_word' id='word_1_14' title='bbox 1186 483 1310 576; x_wconf 89' lang='lat' dir='ltr'>pulsus</span> <span class='ocrx_word' id='word_1_15' title='bbox 1333 480 1469 572; x_wconf 77' lang='lat' dir='ltr'><strong>ingenti</strong></span> <span class='ocrx_word' id='word_1_16' title='bbox 1490 482 1608 554; x_wconf 91' lang='lat' dir='ltr'>cordis</span> <span class='ocrx_word' id='word_1_17' title='bbox 1628 497 1727 555; x_wconf 92' lang='lat' dir='ltr'>motu</span> <span class='ocrx_word' id='word_1_18' title='bbox 1749 498 1783 556; x_wconf 91' lang='lat' dir='ltr'>et</span> <span class='ocrx_word' id='word_1_19' title='bbox 1804 480 2010 557; x_wconf 85' lang='lat' dir='ltr'>certamine.</span> <span class='ocrx_word' id='word_1_20' title='bbox 2062 478 2176 553; x_wconf 87' lang='lat' dir='ltr'>Huius</span> 
     </span>
     <span class='ocr_line' id='line_1_3' title="bbox 143 580 2175 680; baseline -0.008 -10"><span class='ocrx_word' id='word_1_21' title='bbox 143 599 198 671; x_wconf 85' lang='lat' dir='ltr'>dit</span> <span class='ocrx_word' id='word_1_22' title='bbox 210 593 316 667; x_wconf 88' lang='lat' dir='ltr'>uobis</span> <span class='ocrx_word' id='word_1_23' title='bbox 331 587 528 664; x_wconf 88' lang='lat' dir='ltr'>tristissima</span> <span class='ocrx_word' id='word_1_24' title='bbox 549 584 708 678; x_wconf 85' lang='lat' dir='ltr'>exempla</span> <span class='ocrx_word' id='word_1_25' title='bbox 727 584 800 654; x_wconf 87' lang='lat' dir='ltr'>irae</span> <span class='ocrx_word' id='word_1_26' title='bbox 820 607 922 672; x_wconf 85' lang='lat' dir='ltr'>suae,</span> <span class='ocrx_word' id='word_1_27' title='bbox 948 608 1037 677; x_wconf 88' lang='lat' dir='ltr'>quae</span> <span class='ocrx_word' id='word_1_28' title='bbox 1056 586 1139 656; x_wconf 88' lang='lat' dir='ltr'>vult</span> <span class='ocrx_word' id='word_1_29' title='bbox 1187 583 1360 676; x_wconf 86' lang='lat' dir='ltr'>gemitus,</span> <span class='ocrx_word' id='word_1_30' title='bbox 1399 580 1616 680; x_wconf 77' lang='lat' dir='ltr'><strong>lachrymas,</strong></span> <span class='ocrx_word' id='word_1_31' title='bbox 1657 609 1839 674; x_wconf 87' lang='lat' dir='ltr'>cruorem,</span> <span class='ocrx_word' id='word_1_32' title='bbox 1871 608 1946 655; x_wconf 91' lang='lat' dir='ltr'>nou</span> <span class='ocrx_word' id='word_1_33' title='bbox 1968 597 2175 679; x_wconf 70' lang='lat' dir='ltr'>aspernatur</span> 
     </span>
     <span class='ocr_line' id='line_1_4' title="bbox 146 683 2175 788; baseline -0.008 -17"><span class='ocrx_word' id='word_1_34' title='bbox 146 691 502 771; x_wconf 81' lang='lat' dir='ltr'>commonefactiones</span> <span class='ocrx_word' id='word_1_35' title='bbox 526 711 620 776; x_wconf 90' lang='lat' dir='ltr'>esse,</span> <span class='ocrx_word' id='word_1_36' title='bbox 650 699 693 758; x_wconf 92' lang='lat' dir='ltr'>ut</span> <span class='ocrx_word' id='word_1_37' title='bbox 719 700 880 779; x_wconf 89' lang='lat' dir='ltr'>petamus</span> <span class='ocrx_word' id='word_1_38' title='bbox 907 686 1138 779; x_wconf 89' lang='lat' dir='ltr'>gubernatio·</span> <span class='ocrx_word' id='word_1_39' title='bbox 1187 700 1350 757; x_wconf 88' lang='lat' dir='ltr'>aeteruus</span> <span class='ocrx_word' id='word_1_40' title='bbox 1379 684 1499 771; x_wconf 89' lang='lat' dir='ltr'>Pater,</span> <span class='ocrx_word' id='word_1_41' title='bbox 1539 710 1621 756; x_wconf 82' lang='lat' dir='ltr'>vere</span> <span class='ocrx_word' id='word_1_42' title='bbox 1652 683 1898 788; x_wconf 76' lang='grc' dir='ltr'><strong><em>φιλόστοργος</em></strong></span> <span class='ocrx_word' id='word_1_43' title='bbox 1926 708 2009 777; x_wconf 87' lang='lat' dir='ltr'>erga</span> <span class='ocrx_word' id='word_1_44' title='bbox 2032 683 2175 769; x_wconf 82' lang='lat' dir='ltr'>Filium,</span> 
     </span>
     <span class='ocr_line' id='line_1_5' title="bbox 147 786 2177 883; baseline -0.009 -12"><span class='ocrx_word' id='word_1_45' title='bbox 147 824 228 872; x_wconf 91' lang='lat' dir='ltr'>nem</span> <span class='ocrx_word' id='word_1_46' title='bbox 244 811 279 867; x_wconf 91' lang='lat' dir='ltr'>et</span> <span class='ocrx_word' id='word_1_47' title='bbox 293 792 544 865; x_wconf 73' lang='lat' dir='ltr'>defensionem.</span> <span class='ocrx_word' id='word_1_48' title='bbox 1189 789 1301 858; x_wconf 88' lang='lat' dir='ltr'>sedet</span> <span class='ocrx_word' id='word_1_49' title='bbox 1324 787 1441 878; x_wconf 89' lang='lat' dir='ltr'>ipsum</span> <span class='ocrx_word' id='word_1_50' title='bbox 1469 789 1632 874; x_wconf 83' lang='lat' dir='ltr'>exaudit,</span> <span class='ocrx_word' id='word_1_51' title='bbox 1657 804 1697 861; x_wconf 87' lang='lat' dir='ltr'>et·</span> <span class='ocrx_word' id='word_1_52' title='bbox 1713 791 1820 861; x_wconf 87' lang='lat' dir='ltr'>nobis</span> <span class='ocrx_word' id='word_1_53' title='bbox 1839 801 1984 883; x_wconf 89' lang='lat' dir='ltr'>propter</span> <span class='ocrx_word' id='word_1_54' title='bbox 2004 810 2088 859; x_wconf 90' lang='lat' dir='ltr'>eum</span> <span class='ocrx_word' id='word_1_55' title='bbox 2103 786 2177 877; x_wconf 87' lang='lat' dir='ltr'>opi·</span> 
     </span>
     <span class='ocr_line' id='line_1_6' title="bbox 1190 886 2178 982; baseline -0.001 -24"><span class='ocrx_word' id='word_1_56' title='bbox 1190 891 1335 959; x_wconf 88' lang='lat' dir='ltr'>tulatur.</span> <span class='ocrx_word' id='word_1_57' title='bbox 1386 886 1483 960; x_wconf 82' lang='lat' dir='ltr'>llaec</span> <span class='ocrx_word' id='word_1_58' title='bbox 1504 890 1644 960; x_wconf 86' lang='lat' dir='ltr'>assidue</span> <span class='ocrx_word' id='word_1_59' title='bbox 1661 892 1848 982; x_wconf 89' lang='lat' dir='ltr'>cogitanda</span> <span class='ocrx_word' id='word_1_60' title='bbox 1864 903 1967 976; x_wconf 90' lang='lat' dir='ltr'>sunt,</span> <span class='ocrx_word' id='word_1_61' title='bbox 1990 901 2035 960; x_wconf 88' lang='lat' dir='ltr'>ut</span> <span class='ocrx_word' id='word_1_62' title='bbox 2056 889 2102 959; x_wconf 89' lang='lat' dir='ltr'>ad</span> <span class='ocrx_word' id='word_1_63' title='bbox 2126 886 2178 957; x_wconf 87' lang='lat' dir='ltr'>in·</span> 
     </span>
    </p>
   </div>
   <div class='ocr_carea' id='block_1_3' title="bbox 250 938 1813 1068">
    <p class='ocr_par' dir='ltr' id='par_1_3' title="bbox 250 938 1813 1068">
     <span class='ocr_line' id='line_1_7' title="bbox 250 938 1813 1068; baseline 0.024 -40"><span class='ocrx_word' id='word_1_64' title='bbox 250 948 324 1021; x_wconf 79' lang='lat' dir='ltr'>Tol</span> <span class='ocrx_word' id='word_1_65' title='bbox 346 945 479 1018; x_wconf 59' lang='lat' dir='ltr'>Summi</span> <span class='ocrx_word' id='word_1_66' title='bbox 501 941 585 1028; x_wconf 84' lang='lat' dir='ltr'>viri,</span> <span class='ocrx_word' id='word_1_67' title='bbox 609 938 671 1035; x_wconf 64' lang='lat'>‘1¹¹3</span> <span class='ocrx_word' id='word_1_68' title='bbox 699 940 833 1011; x_wconf 54' lang='lat' dir='ltr'>Virtute</span> <span class='ocrx_word' id='word_1_69' title='bbox 858 940 1140 1010; x_wconf 58' lang='lat' dir='ltr'>antecellu‘mm</span> <span class='ocrx_word' id='word_1_70' title='bbox 1190 989 1410 1063; x_wconf 84' lang='lat' dir='ltr'>vocationem</span> <span class='ocrx_word' id='word_1_71' title='bbox 1435 992 1541 1061; x_wconf 88' lang='lat' dir='ltr'>corda</span> <span class='ocrx_word' id='word_1_72' title='bbox 1565 994 1813 1068; x_wconf 78' lang='lat' dir='ltr'><strong>accendantur.</strong></span> 
     </span>
    </p>
   </div>
   <div class='ocr_carea' id='block_1_4' title="bbox 149 1039 2218 3062">
    <p class='ocr_par' dir='ltr' id='par_1_4' title="bbox 149 1039 2218 2050">
     <span class='ocr_line' id='line_1_8' title="bbox 149 1039 1142 1136; baseline -0.022 -7"><span class='ocrx_word' id='word_1_73' title='bbox 149 1052 318 1130; x_wconf 90' lang='lat' dir='ltr'>omnibus</span> <span class='ocrx_word' id='word_1_74' title='bbox 330 1045 548 1132; x_wconf 87' lang='lat' dir='ltr'>homiuibus,</span> <span class='ocrx_word' id='word_1_75' title='bbox 560 1039 781 1113; x_wconf 75' lang='lat' dir='ltr'>horribiliter</span> <span class='ocrx_word' id='word_1_76' title='bbox 795 1042 994 1136; x_wconf 71' lang='lat' dir='ltr'>perierunt,</span> <span class='ocrx_word' id='word_1_77' title='bbox 1004 1053 1039 1112; x_wconf 86' lang='lat' dir='ltr'>et</span> <span class='ocrx_word' id='word_1_78' title='bbox 1050 1063 1142 1132; x_wconf 89' lang='lat' dir='ltr'>quo-</span> 
     </span>
     <span class='ocr_line' id='line_1_9' title="bbox 152 1134 2177 1247; baseline -0.01 -15"><span class='ocrx_word' id='word_1_79' title='bbox 152 1157 242 1233; x_wconf 88' lang='lat' dir='ltr'>tidie</span> <span class='ocrx_word' id='word_1_80' title='bbox 254 1162 415 1247; x_wconf 88' lang='lat' dir='ltr'>pereunt.</span> <span class='ocrx_word' id='word_1_81' title='bbox 465 1144 558 1217; x_wconf 85' lang='lat' dir='ltr'>Tam</span> <span class='ocrx_word' id='word_1_82' title='bbox 575 1144 705 1214; x_wconf 91' lang='lat' dir='ltr'>multae</span> <span class='ocrx_word' id='word_1_83' title='bbox 720 1145 826 1215; x_wconf 89' lang='lat' dir='ltr'>urbes</span> <span class='ocrx_word' id='word_1_84' title='bbox 842 1157 876 1214; x_wconf 90' lang='lat' dir='ltr'>et</span> <span class='ocrx_word' id='word_1_85' title='bbox 893 1159 1031 1233; x_wconf 79' lang='lat' dir='ltr'>gentes,</span> <span class='ocrx_word' id='word_1_86' title='bbox 1055 1141 1140 1210; x_wconf 86' lang='lat' dir='ltr'>inde</span> <span class='ocrx_word' id='word_1_87' title='bbox 1294 1134 1342 1212; x_wconf 87' lang='lat' dir='ltr'>Et</span> <span class='ocrx_word' id='word_1_88' title='bbox 1361 1138 1444 1234; x_wconf 91' lang='lat' dir='ltr'>quia</span> <span class='ocrx_word' id='word_1_89' title='bbox 1466 1136 1558 1212; x_wconf 90' lang='lat' dir='ltr'>hauc</span> <span class='ocrx_word' id='word_1_90' title='bbox 1581 1142 1957 1215; x_wconf 85' lang='lat' dir='ltr'>commonefactionem</span> <span class='ocrx_word' id='word_1_91' title='bbox 1982 1140 2055 1211; x_wconf 91' lang='lat' dir='ltr'>iam</span> <span class='ocrx_word' id='word_1_92' title='bbox 2083 1138 2177 1211; x_wconf 82' lang='lat' dir='ltr'>audi·</span> 
     </span>
     <span class='ocr_line' id='line_1_10' title="bbox 153 1236 2178 1352; baseline -0.01 -21"><span class='ocrx_word' id='word_1_93' title='bbox 153 1280 267 1352; x_wconf 85' lang='lat' dir='ltr'>usque</span> <span class='ocrx_word' id='word_1_94' title='bbox 291 1278 311 1325; x_wconf 83' lang='lat' dir='ltr'>a</span> <span class='ocrx_word' id='word_1_95' title='bbox 332 1248 461 1322; x_wconf 90' lang='lat' dir='ltr'>mundi</span> <span class='ocrx_word' id='word_1_96' title='bbox 480 1248 583 1318; x_wconf 90' lang='lat' dir='ltr'>initio</span> <span class='ocrx_word' id='word_1_97' title='bbox 607 1245 741 1316; x_wconf 82' lang='lat' dir='ltr'>deletae</span> <span class='ocrx_word' id='word_1_98' title='bbox 763 1260 857 1318; x_wconf 81' lang='lat' dir='ltr'>sunt.</span> <span class='ocrx_word' id='word_1_99' title='bbox 908 1242 981 1314; x_wconf 90' lang='lat' dir='ltr'>Nec</span> <span class='ocrx_word' id='word_1_100' title='bbox 1002 1256 1141 1313; x_wconf 89' lang='lat' dir='ltr'>tantum</span> <span class='ocrx_word' id='word_1_101' title='bbox 1192 1241 1310 1328; x_wconf 86' lang='lat' dir='ltr'>vistis,</span> <span class='ocrx_word' id='word_1_102' title='bbox 1342 1241 1379 1312; x_wconf 90' lang='lat' dir='ltr'>in</span> <span class='ocrx_word' id='word_1_103' title='bbox 1401 1236 1466 1312; x_wconf 91' lang='lat' dir='ltr'>hac</span> <span class='ocrx_word' id='word_1_104' title='bbox 1491 1240 1565 1334; x_wconf 87' lang='lat' dir='ltr'>ipsa</span> <span class='ocrx_word' id='word_1_105' title='bbox 1587 1244 1857 1334; x_wconf 74' lang='lat' dir='ltr'>congregatione</span> <span class='ocrx_word' id='word_1_106' title='bbox 1878 1257 1961 1315; x_wconf 82' lang='lat' dir='ltr'>vota</span> <span class='ocrx_word' id='word_1_107' title='bbox 1989 1240 2178 1333; x_wconf 86' lang='lat' dir='ltr'>coniunga-</span> 
     </span>
     <span class='ocr_line' id='line_1_11' title="bbox 156 1341 2179 1438; baseline -0.01 -7"><span class='ocrx_word' id='word_1_108' title='bbox 156 1356 296 1431; x_wconf 87' lang='lat' dir='ltr'>moenia</span> <span class='ocrx_word' id='word_1_109' title='bbox 312 1376 431 1425; x_wconf 81' lang='lat' dir='ltr'>eversa</span> <span class='ocrx_word' id='word_1_110' title='bbox 446 1363 541 1434; x_wconf 89' lang='lat' dir='ltr'>sunt,</span> <span class='ocrx_word' id='word_1_111' title='bbox 565 1361 627 1418; x_wconf 89' lang='lat' dir='ltr'>aut</span> <span class='ocrx_word' id='word_1_112' title='bbox 641 1358 760 1436; x_wconf 87' lang='lat' dir='ltr'>gentes</span> <span class='ocrx_word' id='word_1_113' title='bbox 775 1347 975 1437; x_wconf 76' lang='lat' dir='ltr'>dissipatae,</span> <span class='ocrx_word' id='word_1_114' title='bbox 997 1346 1058 1415; x_wconf 91' lang='lat' dir='ltr'>sed</span> <span class='ocrx_word' id='word_1_115' title='bbox 1076 1345 1142 1412; x_wconf 93' lang='lat' dir='ltr'>do-</span> <span class='ocrx_word' id='word_1_116' title='bbox 1193 1367 1287 1414; x_wconf 89' lang='lat' dir='ltr'>mus:</span> <span class='ocrx_word' id='word_1_117' title='bbox 1315 1343 1440 1435; x_wconf 91' lang='lat' dir='ltr'>probat</span> <span class='ocrx_word' id='word_1_118' title='bbox 1460 1344 1555 1413; x_wconf 91' lang='lat' dir='ltr'>enim</span> <span class='ocrx_word' id='word_1_119' title='bbox 1569 1341 1667 1416; x_wconf 93' lang='lat' dir='ltr'>Deus</span> <span class='ocrx_word' id='word_1_120' title='bbox 1690 1369 1913 1416; x_wconf 90' lang='lat' dir='ltr'>communem</span> <span class='ocrx_word' id='word_1_121' title='bbox 1934 1342 2179 1438; x_wconf 72' lang='lat' dir='ltr'>precationem,</span> 
     </span>
     <span class='ocr_line' id='line_1_12' title="bbox 156 1440 2178 1538; baseline -0.008 -7"><span class='ocrx_word' id='word_1_122' title='bbox 156 1459 292 1531; x_wconf 90' lang='lat' dir='ltr'>ctrinae</span> <span class='ocrx_word' id='word_1_123' title='bbox 307 1457 368 1526; x_wconf 79' lang='lat' dir='ltr'>lust</span> <span class='ocrx_word' id='word_1_124' title='bbox 386 1453 489 1524; x_wconf 88' lang='lat' dir='ltr'>etiam</span> <span class='ocrx_word' id='word_1_125' title='bbox 506 1449 657 1521; x_wconf 85' lang='lat' dir='ltr'>extincta</span> <span class='ocrx_word' id='word_1_126' title='bbox 673 1460 742 1529; x_wconf 90' lang='lat' dir='ltr'>est,</span> <span class='ocrx_word' id='word_1_127' title='bbox 768 1472 812 1519; x_wconf 89' lang='lat' dir='ltr'>ne</span> <span class='ocrx_word' id='word_1_128' title='bbox 827 1451 871 1520; x_wconf 92' lang='lat' dir='ltr'>ad</span> <span class='ocrx_word' id='word_1_129' title='bbox 890 1460 1047 1538; x_wconf 90' lang='lat' dir='ltr'>posteros</span> <span class='ocrx_word' id='word_1_130' title='bbox 1062 1467 1143 1536; x_wconf 91' lang='lat' dir='ltr'>per·</span> <span class='ocrx_word' id='word_1_131' title='bbox 1194 1460 1229 1517; x_wconf 92' lang='lat' dir='ltr'>et</span> <span class='ocrx_word' id='word_1_132' title='bbox 1252 1444 1420 1537; x_wconf 84' lang='lat' dir='ltr'>peculiari</span> <span class='ocrx_word' id='word_1_133' title='bbox 1436 1445 1670 1538; x_wconf 75' lang='lat' dir='ltr'>promissione</span> <span class='ocrx_word' id='word_1_134' title='bbox 1687 1471 1763 1517; x_wconf 91' lang='lat' dir='ltr'>eam</span> <span class='ocrx_word' id='word_1_135' title='bbox 1786 1446 1945 1531; x_wconf 86' lang='lat' dir='ltr'>ornavit,</span> <span class='ocrx_word' id='word_1_136' title='bbox 1971 1458 2015 1517; x_wconf 90' lang='lat' dir='ltr'>ut</span> <span class='ocrx_word' id='word_1_137' title='bbox 2028 1440 2178 1515; x_wconf 74' lang='lat' dir='ltr'>Ecclesia</span> 
     </span>
     <span class='ocr_line' id='line_1_13' title="bbox 159 1540 2178 1642; baseline -0.008 -10"><span class='ocrx_word' id='word_1_138' title='bbox 159 1561 313 1642; x_wconf 88' lang='lat' dir='ltr'>veniret,</span> <span class='ocrx_word' id='word_1_139' title='bbox 337 1569 373 1626; x_wconf 84' lang='lat' dir='ltr'>et</span> <span class='ocrx_word' id='word_1_140' title='bbox 397 1567 522 1624; x_wconf 89' lang='lat' dir='ltr'>natura</span> <span class='ocrx_word' id='word_1_141' title='bbox 539 1549 744 1639; x_wconf 81' lang='lat' dir='ltr'>languidior</span> <span class='ocrx_word' id='word_1_142' title='bbox 762 1551 854 1621; x_wconf 80' lang='lat' dir='ltr'>lacta</span> <span class='ocrx_word' id='word_1_143' title='bbox 877 1561 945 1632; x_wconf 90' lang='lat' dir='ltr'>est,</span> <span class='ocrx_word' id='word_1_144' title='bbox 970 1572 1015 1616; x_wconf 90' lang='lat' dir='ltr'>ne</span> <span class='ocrx_word' id='word_1_145' title='bbox 1031 1545 1144 1615; x_wconf 90' lang='lat' dir='ltr'>virtus</span> <span class='ocrx_word' id='word_1_146' title='bbox 1195 1546 1241 1616; x_wconf 93' lang='lat' dir='ltr'>sit</span> <span class='ocrx_word' id='word_1_147' title='bbox 1262 1545 1504 1631; x_wconf 89' lang='lat' dir='ltr'>coniunctior,</span> <span class='ocrx_word' id='word_1_148' title='bbox 1535 1562 1570 1618; x_wconf 90' lang='lat' dir='ltr'>et</span> <span class='ocrx_word' id='word_1_149' title='bbox 1596 1547 1765 1619; x_wconf 88' lang='lat' dir='ltr'>libentius</span> <span class='ocrx_word' id='word_1_150' title='bbox 1787 1546 1995 1631; x_wconf 88' lang='lat' dir='ltr'>conveniat,</span> <span class='ocrx_word' id='word_1_151' title='bbox 2031 1559 2077 1617; x_wconf 88' lang='lat' dir='ltr'>ut</span> <span class='ocrx_word' id='word_1_152' title='bbox 2094 1540 2178 1617; x_wconf 85' lang='lat' dir='ltr'>Deus</span> 
     </span>
     <span class='ocr_line' id='line_1_14' title="bbox 160 1647 2178 1756; baseline -0.009 -23"><span class='ocrx_word' id='word_1_153' title='bbox 160 1672 432 1756; x_wconf 81' lang='lat' dir='ltr'>propagaretur,</span> <span class='ocrx_word' id='word_1_154' title='bbox 464 1668 498 1724; x_wconf 95' lang='lat' dir='ltr'>et</span> <span class='ocrx_word' id='word_1_155' title='bbox 528 1651 692 1722; x_wconf 86' lang='lat' dir='ltr'>exercitia</span> <span class='ocrx_word' id='word_1_156' title='bbox 726 1650 867 1722; x_wconf 87' lang='lat' dir='ltr'>virtutis</span> <span class='ocrx_word' id='word_1_157' title='bbox 891 1648 1024 1721; x_wconf 81' lang='lat' dir='ltr'>abolita</span> <span class='ocrx_word' id='word_1_158' title='bbox 1048 1659 1143 1718; x_wconf 89' lang='lat' dir='ltr'>suut.</span> <span class='ocrx_word' id='word_1_159' title='bbox 1195 1648 1337 1741; x_wconf 91' lang='lat' dir='ltr'>publica</span> <span class='ocrx_word' id='word_1_160' title='bbox 1350 1648 1569 1718; x_wconf 85' lang='lat' dir='ltr'>confessione</span> <span class='ocrx_word' id='word_1_161' title='bbox 1596 1650 1793 1721; x_wconf 83' lang='lat' dir='ltr'>celebretur</span> <span class='ocrx_word' id='word_1_162' title='bbox 1818 1664 1853 1720; x_wconf 88' lang='lat' dir='ltr'>et</span> <span class='ocrx_word' id='word_1_163' title='bbox 1874 1647 2041 1719; x_wconf 87' lang='lat' dir='ltr'>doctriua</span> <span class='ocrx_word' id='word_1_164' title='bbox 2060 1670 2178 1739; x_wconf 81' lang='lat' dir='ltr'>props-</span> 
     </span>
     <span class='ocr_line' id='line_1_15' title="bbox 161 1742 2218 1840; baseline -0.007 -7"><span class='ocrx_word' id='word_1_165' title='bbox 161 1762 211 1838; x_wconf 91' lang='lat' dir='ltr'>Ut</span> <span class='ocrx_word' id='word_1_166' title='bbox 232 1784 328 1832; x_wconf 91' lang='lat' dir='ltr'>nnuc</span> <span class='ocrx_word' id='word_1_167' title='bbox 354 1760 393 1827; x_wconf 90' lang='lat' dir='ltr'>in</span> <span class='ocrx_word' id='word_1_168' title='bbox 416 1750 502 1824; x_wconf 80' lang='lat' dir='ltr'>Asia</span> <span class='ocrx_word' id='word_1_169' title='bbox 525 1767 559 1823; x_wconf 90' lang='lat' dir='ltr'>et</span> <span class='ocrx_word' id='word_1_170' title='bbox 582 1750 731 1822; x_wconf 85' lang='lat' dir='ltr'>Graecia</span> <span class='ocrx_word' id='word_1_171' title='bbox 754 1752 854 1822; x_wconf 92' lang='lat' dir='ltr'>nulla</span> <span class='ocrx_word' id='word_1_172' title='bbox 883 1763 966 1821; x_wconf 87' lang='lat' dir='ltr'>sunt</span> <span class='ocrx_word' id='word_1_173' title='bbox 988 1761 1144 1819; x_wconf 86' lang='lat' dir='ltr'>vetustae</span> <span class='ocrx_word' id='word_1_174' title='bbox 1196 1763 1308 1840; x_wconf 85' lang='lat' dir='ltr'>getur.</span> <span class='ocrx_word' id='word_1_175' title='bbox 1354 1746 1535 1820; x_wconf 90' lang='lat' dir='ltr'>Intuentes</span> <span class='ocrx_word' id='word_1_176' title='bbox 1548 1750 1656 1839; x_wconf 90' lang='lat' dir='ltr'>igitur</span> <span class='ocrx_word' id='word_1_177' title='bbox 1672 1774 1794 1820; x_wconf 86' lang='lat' dir='ltr'>verum</span> <span class='ocrx_word' id='word_1_178' title='bbox 1807 1747 1934 1833; x_wconf 93' lang='lat' dir='ltr'>Deum,</span> <span class='ocrx_word' id='word_1_179' title='bbox 1956 1742 2179 1819; x_wconf 75' lang='lat' dir='ltr'>fiducial&#39;ilii</span> <span class='ocrx_word' id='word_1_180' title='bbox 2216 1748 2218 1775; x_wconf 79' lang='lat'>²</span> 
     </span>
     <span class='ocr_line' id='line_1_16' title="bbox 160 1846 2179 1947; baseline -0.007 -12"><span class='ocrx_word' id='word_1_181' title='bbox 160 1862 359 1944; x_wconf 89' lang='lat' dir='ltr'>doctrinae,</span> <span class='ocrx_word' id='word_1_182' title='bbox 383 1869 444 1928; x_wconf 85' lang='lat' dir='ltr'>aut</span> <span class='ocrx_word' id='word_1_183' title='bbox 463 1853 606 1924; x_wconf 88' lang='lat' dir='ltr'>virtutis</span> <span class='ocrx_word' id='word_1_184' title='bbox 620 1851 784 1940; x_wconf 87' lang='lat' dir='ltr'>vestigia,</span> <span class='ocrx_word' id='word_1_185' title='bbox 807 1852 944 1947; x_wconf 91' lang='lat' dir='ltr'>quoties</span> <span class='ocrx_word' id='word_1_186' title='bbox 966 1846 1035 1920; x_wconf 92' lang='lat' dir='ltr'>hoc</span> <span class='ocrx_word' id='word_1_187' title='bbox 1052 1847 1144 1918; x_wconf 87' lang='lat' dir='ltr'>aeci·</span> <span class='ocrx_word' id='word_1_188' title='bbox 1194 1852 1270 1920; x_wconf 90' lang='lat' dir='ltr'>eius</span> <span class='ocrx_word' id='word_1_189' title='bbox 1286 1847 1432 1919; x_wconf 88' lang='lat' dir='ltr'>Domini</span> <span class='ocrx_word' id='word_1_190' title='bbox 1449 1850 1562 1920; x_wconf 90' lang='lat' dir='ltr'>nostri</span> <span class='ocrx_word' id='word_1_191' title='bbox 1581 1849 1660 1920; x_wconf 88' lang='lat' dir='ltr'>lesu</span> <span class='ocrx_word' id='word_1_192' title='bbox 1675 1847 1822 1936; x_wconf 90' lang='lat' dir='ltr'>Christi,</span> <span class='ocrx_word' id='word_1_193' title='bbox 1846 1873 1987 1920; x_wconf 91' lang='lat' dir='ltr'>mecum</span> <span class='ocrx_word' id='word_1_194' title='bbox 2005 1862 2044 1921; x_wconf 85' lang='lat' dir='ltr'>et</span> <span class='ocrx_word' id='word_1_195' title='bbox 2061 1847 2179 1939; x_wconf 83' lang='lat' dir='ltr'>linguis</span> 
     </span>
     <span class='ocr_line' id='line_1_17' title="bbox 163 1944 2075 2050; baseline -0.009 -15"><span class='ocrx_word' id='word_1_196' title='bbox 163 1964 236 2050; x_wconf 89' lang='lat' dir='ltr'>dit,</span> <span class='ocrx_word' id='word_1_197' title='bbox 267 1975 307 2034; x_wconf 91' lang='lat' dir='ltr'>ut</span> <span class='ocrx_word' id='word_1_198' title='bbox 330 1960 369 2043; x_wconf 86' lang='lat' dir='ltr'>iu</span> <span class='ocrx_word' id='word_1_199' title='bbox 394 1954 639 2027; x_wconf 87' lang='lat' dir='ltr'>obsidionibus</span> <span class='ocrx_word' id='word_1_200' title='bbox 654 1948 816 2023; x_wconf 90' lang='lat' dir='ltr'>homiues</span> <span class='ocrx_word' id='word_1_201' title='bbox 838 1953 914 2023; x_wconf 87' lang='lat' dir='ltr'>ausi</span> <span class='ocrx_word' id='word_1_202' title='bbox 929 1953 1002 2023; x_wconf 88' lang='lat' dir='ltr'>sint</span> <span class='ocrx_word' id='word_1_203' title='bbox 1018 1945 1146 2019; x_wconf 85' lang='lat' dir='ltr'>huma-</span> <span class='ocrx_word' id='word_1_204' title='bbox 1196 1965 1232 2023; x_wconf 89' lang='lat' dir='ltr'>et</span> <span class='ocrx_word' id='word_1_205' title='bbox 1246 1965 1429 2043; x_wconf 87' lang='lat' dir='ltr'>pectorum</span> <span class='ocrx_word' id='word_1_206' title='bbox 1446 1951 1574 2043; x_wconf 91' lang='lat' dir='ltr'>pietate</span> <span class='ocrx_word' id='word_1_207' title='bbox 1591 1944 1676 2022; x_wconf 86' lang='lat' dir='ltr'>haec&#39;</span> <span class='ocrx_word' id='word_1_208' title='bbox 1693 1953 1801 2023; x_wconf 88' lang='lat' dir='ltr'>verba</span> <span class='ocrx_word' id='word_1_209' title='bbox 1819 1950 2075 2046; x_wconf 78' lang='lat' dir='ltr'>pronuntiate.</span> 
     </span>
    </p>

    <p class='ocr_par' dir='ltr' id='par_1_5' title="bbox 161 2053 1150 3062">
     <span class='ocr_line' id='line_1_18' title="bbox 162 2053 1146 2138; baseline -0.018 -3"><span class='ocrx_word' id='word_1_210' title='bbox 162 2089 246 2135; x_wconf 88' lang='lat' dir='ltr'>uam</span> <span class='ocrx_word' id='word_1_211' title='bbox 263 2083 403 2132; x_wconf 90' lang='lat' dir='ltr'>carnem</span> <span class='ocrx_word' id='word_1_212' title='bbox 418 2054 584 2128; x_wconf 86' lang='lat' dir='ltr'>dentibus</span> <span class='ocrx_word' id='word_1_213' title='bbox 597 2055 759 2138; x_wconf 89' lang='lat' dir='ltr'>lacerare,</span> <span class='ocrx_word' id='word_1_214' title='bbox 783 2068 817 2124; x_wconf 90' lang='lat' dir='ltr'>et</span> <span class='ocrx_word' id='word_1_215' title='bbox 832 2053 963 2123; x_wconf 84' lang='lat' dir='ltr'>viscera</span> <span class='ocrx_word' id='word_1_216' title='bbox 980 2064 1146 2122; x_wconf 89' lang='lat' dir='ltr'>natorum</span> 
     </span>
     <span class='ocr_line' id='line_1_19' title="bbox 162 2149 1147 2249; baseline -0.017 -13"><span class='ocrx_word' id='word_1_217' title='bbox 162 2166 238 2237; x_wconf 90' lang='lat' dir='ltr'>suis</span> <span class='ocrx_word' id='word_1_218' title='bbox 259 2159 449 2232; x_wconf 90' lang='lat' dir='ltr'>visceribus</span> <span class='ocrx_word' id='word_1_219' title='bbox 472 2156 647 2228; x_wconf 89' lang='lat' dir='ltr'>condere?</span> <span class='ocrx_word' id='word_1_220' title='bbox 678 2169 718 2227; x_wconf 92' lang='lat' dir='ltr'>ut</span> <span class='ocrx_word' id='word_1_221' title='bbox 739 2152 1023 2249; x_wconf 85' lang='lat' dir='ltr'>Hierosolymae,</span> <span class='ocrx_word' id='word_1_222' title='bbox 1047 2149 1147 2221; x_wconf 88' lang='lat' dir='ltr'>Poti-</span> 
     </span>
     <span class='ocr_line' id='line_1_20' title="bbox 163 2251 1147 2348; baseline -0.016 -12"><span class='ocrx_word' id='word_1_223' title='bbox 163 2268 267 2348; x_wconf 91' lang='lat' dir='ltr'>dcae,</span> <span class='ocrx_word' id='word_1_224' title='bbox 292 2260 415 2333; x_wconf 89' lang='lat' dir='ltr'>Uticae</span> <span class='ocrx_word' id='word_1_225' title='bbox 428 2271 463 2328; x_wconf 88' lang='lat' dir='ltr'>et</span> <span class='ocrx_word' id='word_1_226' title='bbox 478 2256 576 2331; x_wconf 88' lang='lat' dir='ltr'>alibi.</span> <span class='ocrx_word' id='word_1_227' title='bbox 628 2255 700 2327; x_wconf 93' lang='lat' dir='ltr'>Tot</span> <span class='ocrx_word' id='word_1_228' title='bbox 719 2251 946 2327; x_wconf 90' lang='lat' dir='ltr'>horribilium</span> <span class='ocrx_word' id='word_1_229' title='bbox 967 2253 1147 2344; x_wconf 82' lang='lat' dir='ltr'>exemplo-</span> 
     </span>
     <span class='ocr_line' id='line_1_21' title="bbox 163 2355 1147 2445; baseline -0.016 -8"><span class='ocrx_word' id='word_1_230' title='bbox 163 2391 242 2437; x_wconf 87' lang='lat' dir='ltr'>rum</span> <span class='ocrx_word' id='word_1_231' title='bbox 259 2359 492 2434; x_wconf 88' lang='lat' dir='ltr'>consideratio</span> <span class='ocrx_word' id='word_1_232' title='bbox 507 2359 694 2428; x_wconf 89' lang='lat' dir='ltr'>admoneat</span> <span class='ocrx_word' id='word_1_233' title='bbox 708 2381 774 2427; x_wconf 87' lang='lat' dir='ltr'>nos</span> <span class='ocrx_word' id='word_1_234' title='bbox 788 2359 832 2427; x_wconf 91' lang='lat' dir='ltr'>de</span> <span class='ocrx_word' id='word_1_235' title='bbox 849 2358 900 2426; x_wconf 86' lang='lat' dir='ltr'>ira</span> <span class='ocrx_word' id='word_1_236' title='bbox 916 2355 994 2440; x_wconf 91' lang='lat' dir='ltr'>Dei,</span> <span class='ocrx_word' id='word_1_237' title='bbox 1020 2367 1054 2425; x_wconf 89' lang='lat' dir='ltr'>et</span> <span class='ocrx_word' id='word_1_238' title='bbox 1068 2377 1147 2445; x_wconf 89' lang='lat' dir='ltr'>per-</span> 
     </span>
     <span class='ocr_line' id='line_1_22' title="bbox 163 2456 1148 2555; baseline -0.013 -19"><span class='ocrx_word' id='word_1_239' title='bbox 163 2476 317 2546; x_wconf 86' lang='lat' dir='ltr'>moveat,</span> <span class='ocrx_word' id='word_1_240' title='bbox 342 2475 382 2532; x_wconf 93' lang='lat' dir='ltr'>ut</span> <span class='ocrx_word' id='word_1_241' title='bbox 397 2483 478 2530; x_wconf 86' lang='lat' dir='ltr'>vera</span> <span class='ocrx_word' id='word_1_242' title='bbox 492 2458 708 2550; x_wconf 90' lang='lat' dir='ltr'>poenitentia</span> <span class='ocrx_word' id='word_1_243' title='bbox 723 2473 758 2529; x_wconf 93' lang='lat' dir='ltr'>et</span> <span class='ocrx_word' id='word_1_244' title='bbox 771 2458 908 2528; x_wconf 89' lang='lat' dir='ltr'>ardenti</span> <span class='ocrx_word' id='word_1_245' title='bbox 923 2456 1148 2555; x_wconf 79' lang='lat' dir='ltr'>invocatione</span> 
     </span>
     <span class='ocr_line' id='line_1_23' title="bbox 161 2556 1148 2639; baseline -0.016 0"><span class='ocrx_word' id='word_1_246' title='bbox 161 2564 278 2639; x_wconf 91' lang='lat' dir='ltr'>Deum</span> <span class='ocrx_word' id='word_1_247' title='bbox 300 2564 491 2632; x_wconf 86' lang='lat' dir='ltr'>flectamus.</span> <span class='ocrx_word' id='word_1_248' title='bbox 547 2556 670 2629; x_wconf 89' lang='lat' dir='ltr'>Bonus</span> <span class='ocrx_word' id='word_1_249' title='bbox 692 2574 744 2630; x_wconf 90' lang='lat' dir='ltr'>est</span> <span class='ocrx_word' id='word_1_250' title='bbox 767 2559 917 2630; x_wconf 90' lang='lat' dir='ltr'>enimet</span> <span class='ocrx_word' id='word_1_251' title='bbox 941 2556 1148 2639; x_wconf 87' lang='lat' dir='ltr'>misericors,</span> 
     </span>
     <span class='ocr_line' id='line_1_24' title="bbox 164 2656 1148 2749; baseline -0.012 -12"><span class='ocrx_word' id='word_1_252' title='bbox 164 2683 200 2739; x_wconf 89' lang='lat' dir='ltr'>et</span> <span class='ocrx_word' id='word_1_253' title='bbox 225 2690 299 2735; x_wconf 92' lang='lat' dir='ltr'>non</span> <span class='ocrx_word' id='word_1_254' title='bbox 327 2665 521 2734; x_wconf 84' lang='lat' dir='ltr'>delectatur</span> <span class='ocrx_word' id='word_1_255' title='bbox 549 2660 748 2749; x_wconf 87' lang='lat' dir='ltr'>perditione</span> <span class='ocrx_word' id='word_1_256' title='bbox 773 2660 898 2734; x_wconf 88' lang='lat' dir='ltr'>nostri.</span> <span class='ocrx_word' id='word_1_257' title='bbox 948 2656 1020 2729; x_wconf 87' lang='lat' dir='ltr'>Nec</span> <span class='ocrx_word' id='word_1_258' title='bbox 1048 2657 1148 2726; x_wconf 88' lang='lat' dir='ltr'>irrita</span> 
     </span>
     <span class='ocr_line' id='line_1_25' title="bbox 163 2756 1149 2847; baseline -0.015 -8"><span class='ocrx_word' id='word_1_259' title='bbox 163 2783 245 2840; x_wconf 89' lang='lat' dir='ltr'>suut</span> <span class='ocrx_word' id='word_1_260' title='bbox 263 2779 342 2835; x_wconf 89' lang='lat' dir='ltr'>vota</span> <span class='ocrx_word' id='word_1_261' title='bbox 366 2776 505 2847; x_wconf 87' lang='lat' dir='ltr'>nostra,</span> <span class='ocrx_word' id='word_1_262' title='bbox 530 2785 594 2830; x_wconf 87' lang='lat' dir='ltr'>uec</span> <span class='ocrx_word' id='word_1_263' title='bbox 618 2761 746 2830; x_wconf 90' lang='lat' dir='ltr'>surdus</span> <span class='ocrx_word' id='word_1_264' title='bbox 768 2773 820 2829; x_wconf 89' lang='lat' dir='ltr'>est</span> <span class='ocrx_word' id='word_1_265' title='bbox 839 2757 947 2830; x_wconf 89' lang='lat' dir='ltr'>Deus.</span> <span class='ocrx_word' id='word_1_266' title='bbox 1000 2756 1070 2829; x_wconf 90' lang='lat' dir='ltr'>Sed</span> <span class='ocrx_word' id='word_1_267' title='bbox 1092 2781 1149 2825; x_wconf 91' lang='lat' dir='ltr'>re-</span> 
     </span>
     <span class='ocr_line' id='line_1_26' title="bbox 164 2858 1150 2957; baseline -0.015 -17"><span class='ocrx_word' id='word_1_268' title='bbox 164 2892 246 2940; x_wconf 88' lang='lat' dir='ltr'>vera</span> <span class='ocrx_word' id='word_1_269' title='bbox 262 2865 463 2957; x_wconf 86' lang='lat' dir='ltr'>petentibus</span> <span class='ocrx_word' id='word_1_270' title='bbox 476 2885 580 2953; x_wconf 91' lang='lat' dir='ltr'>opem</span> <span class='ocrx_word' id='word_1_271' title='bbox 593 2860 661 2930; x_wconf 86' lang='lat' dir='ltr'>fert</span> <span class='ocrx_word' id='word_1_272' title='bbox 675 2861 713 2928; x_wconf 92' lang='lat' dir='ltr'>iu</span> <span class='ocrx_word' id='word_1_273' title='bbox 727 2860 894 2930; x_wconf 89' lang='lat' dir='ltr'>omuibus</span> <span class='ocrx_word' id='word_1_274' title='bbox 910 2858 1085 2951; x_wconf 83' lang='lat' dir='ltr'>periculis,</span> <span class='ocrx_word' id='word_1_275' title='bbox 1109 2869 1150 2927; x_wconf 94' lang='lat' dir='ltr'>ut</span> 
     </span>
     <span class='ocr_line' id='line_1_27' title="bbox 163 2955 1148 3062; baseline -0.014 -24"><span class='ocrx_word' id='word_1_276' title='bbox 163 2968 282 3062; x_wconf 89' lang='lat' dir='ltr'>inquit</span> <span class='ocrx_word' id='word_1_277' title='bbox 303 2965 480 3034; x_wconf 87' lang='lat' dir='ltr'>Psalmus:</span> <span class='ocrx_word' id='word_1_278' title='bbox 505 2958 620 3051; x_wconf 87' lang='lat' dir='ltr'>Prope</span> <span class='ocrx_word' id='word_1_279' title='bbox 639 2973 689 3029; x_wconf 87' lang='lat' dir='ltr'>est</span> <span class='ocrx_word' id='word_1_280' title='bbox 706 2955 882 3055; x_wconf 83' lang='lat' dir='ltr'>Dominus</span> <span class='ocrx_word' id='word_1_281' title='bbox 905 2960 1072 3029; x_wconf 90' lang='lat' dir='ltr'>omnibus</span> <span class='ocrx_word' id='word_1_282' title='bbox 1091 2958 1148 3026; x_wconf 91' lang='lat' dir='ltr'>in-</span> 
     </span>
    </p>
   </div>
   <div class='ocr_carea' id='block_1_5' title="bbox 1197 2060 2219 3109">
    <p class='ocr_par' dir='ltr' id='par_1_6' title="bbox 1197 2060 2219 3109">
     <span class='ocr_line' id='line_1_28' title="bbox 1299 2060 2219 2203; baseline 0.004 -32"><span class='ocrx_word' id='word_1_283' title='bbox 1299 2098 1441 2172; x_wconf 88' lang='lat' dir='ltr'>Gratias</span> <span class='ocrx_word' id='word_1_284' title='bbox 1455 2101 1591 2191; x_wconf 89' lang='lat' dir='ltr'>agimus</span> <span class='ocrx_word' id='word_1_285' title='bbox 1606 2102 1673 2173; x_wconf 90' lang='lat' dir='ltr'>tibi</span> <span class='ocrx_word' id='word_1_286' title='bbox 1687 2104 1911 2193; x_wconf 89' lang='lat' dir='ltr'>omnipotens</span> <span class='ocrx_word' id='word_1_287' title='bbox 1920 2099 2178 2187; x_wconf 67' lang='lat' dir='ltr'>neccarum</span> <span class='ocrx_word' id='word_1_288' title='bbox 2216 2060 2219 2203; x_wconf 62' lang='lat'><strong>⁴</strong></span> 
     </span>
     <span class='ocr_line' id='line_1_29' title="bbox 1197 2198 2179 2299; baseline 0.001 -27"><span class='ocrx_word' id='word_1_289' title='bbox 1197 2215 1232 2272; x_wconf 90' lang='lat' dir='ltr'>et</span> <span class='ocrx_word' id='word_1_290' title='bbox 1253 2203 1357 2271; x_wconf 88' lang='lat' dir='ltr'>unice</span> <span class='ocrx_word' id='word_1_291' title='bbox 1377 2201 1481 2274; x_wconf 88' lang='lat' dir='ltr'>Pater</span> <span class='ocrx_word' id='word_1_292' title='bbox 1495 2201 1640 2275; x_wconf 87' lang='lat' dir='ltr'>Domini</span> <span class='ocrx_word' id='word_1_293' title='bbox 1664 2205 1778 2277; x_wconf 89' lang='lat' dir='ltr'>nostri</span> <span class='ocrx_word' id='word_1_294' title='bbox 1796 2203 1876 2273; x_wconf 89' lang='lat' dir='ltr'>lesu</span> <span class='ocrx_word' id='word_1_295' title='bbox 1887 2198 2053 2289; x_wconf 88' lang='lat' dir='ltr'>Christi,</span> <span class='ocrx_word' id='word_1_296' title='bbox 2078 2214 2179 2299; x_wconf 80' lang='lat' dir='ltr'>quate</span> 
     </span>
     <span class='ocr_line' id='line_1_30' title="bbox 1197 2303 2177 2396; baseline 0.004 -23"><span class='ocrx_word' id='word_1_297' title='bbox 1197 2304 1389 2396; x_wconf 82' lang='lat' dir='ltr'>patefecisti</span> <span class='ocrx_word' id='word_1_298' title='bbox 1413 2304 1585 2373; x_wconf 89' lang='lat' dir='ltr'>immensa</span> <span class='ocrx_word' id='word_1_299' title='bbox 1601 2304 1779 2390; x_wconf 89' lang='lat' dir='ltr'>bonitate,</span> <span class='ocrx_word' id='word_1_300' title='bbox 1805 2317 1841 2376; x_wconf 89' lang='lat' dir='ltr'>et</span> <span class='ocrx_word' id='word_1_301' title='bbox 1859 2303 2024 2375; x_wconf 89' lang='lat' dir='ltr'>clamasti</span> <span class='ocrx_word' id='word_1_302' title='bbox 2040 2306 2089 2376; x_wconf 84' lang='lat' dir='ltr'>de</span> <span class='ocrx_word' id='word_1_303' title='bbox 2101 2304 2177 2376; x_wconf 79' lang='lat' dir='ltr'>Diis</span> 
     </span>
     <span class='ocr_line' id='line_1_31' title="bbox 1197 2401 2175 2478; baseline 0 -1"><span class='ocrx_word' id='word_1_304' title='bbox 1197 2420 1260 2478; x_wconf 89' lang='lat' dir='ltr'>tuo</span> <span class='ocrx_word' id='word_1_305' title='bbox 1286 2402 1442 2476; x_wconf 91' lang='lat' dir='ltr'>Domino</span> <span class='ocrx_word' id='word_1_306' title='bbox 1465 2420 1586 2477; x_wconf 90' lang='lat' dir='ltr'>nostro</span> <span class='ocrx_word' id='word_1_307' title='bbox 1613 2403 1692 2476; x_wconf 89' lang='lat' dir='ltr'>lesu</span> <span class='ocrx_word' id='word_1_308' title='bbox 1718 2401 1880 2477; x_wconf 86' lang='lat' dir='ltr'>Christo:</span> <span class='ocrx_word' id='word_1_309' title='bbox 1920 2401 2037 2477; x_wconf 85' lang='lat' dir='ltr'>Hnuc</span> <span class='ocrx_word' id='word_1_310' title='bbox 2064 2405 2175 2477; x_wconf 75' lang='lat' dir='ltr'>audite·</span> 
     </span>
     <span class='ocr_line' id='line_1_32' title="bbox 1197 2504 2179 2600; baseline 0.001 -21"><span class='ocrx_word' id='word_1_311' title='bbox 1197 2505 1372 2579; x_wconf 89' lang='lat' dir='ltr'>Conditor</span> <span class='ocrx_word' id='word_1_312' title='bbox 1388 2517 1421 2575; x_wconf 90' lang='lat' dir='ltr'>et</span> <span class='ocrx_word' id='word_1_313' title='bbox 1437 2504 1663 2578; x_wconf 85' lang='lat' dir='ltr'>conservator</span> <span class='ocrx_word' id='word_1_314' title='bbox 1676 2507 1837 2576; x_wconf 91' lang='lat' dir='ltr'>omnium</span> <span class='ocrx_word' id='word_1_315' title='bbox 1854 2530 1995 2593; x_wconf 88' lang='lat' dir='ltr'>rerum,</span> <span class='ocrx_word' id='word_1_316' title='bbox 2021 2522 2060 2581; x_wconf 91' lang='lat' dir='ltr'>et</span> <span class='ocrx_word' id='word_1_317' title='bbox 2078 2506 2179 2600; x_wconf 74' lang='lat' dir='ltr'>opitu·</span> 
     </span>
     <span class='ocr_line' id='line_1_33' title="bbox 1198 2605 2179 2694; baseline 0.002 -17"><span class='ocrx_word' id='word_1_318' title='bbox 1198 2609 1291 2677; x_wconf 86' lang='lat' dir='ltr'>lator</span> <span class='ocrx_word' id='word_1_319' title='bbox 1305 2631 1346 2676; x_wconf 88' lang='lat' dir='ltr'>ac</span> <span class='ocrx_word' id='word_1_320' title='bbox 1359 2607 1524 2677; x_wconf 90' lang='lat' dir='ltr'>conditor</span> <span class='ocrx_word' id='word_1_321' title='bbox 1538 2605 1715 2678; x_wconf 84' lang='lat' dir='ltr'>Ecclesiae</span> <span class='ocrx_word' id='word_1_322' title='bbox 1733 2623 1824 2694; x_wconf 88' lang='lat' dir='ltr'>tuae,</span> <span class='ocrx_word' id='word_1_323' title='bbox 1838 2631 1908 2678; x_wconf 86' lang='lat' dir='ltr'>ttna</span> <span class='ocrx_word' id='word_1_324' title='bbox 1926 2631 2013 2679; x_wconf 87' lang='lat' dir='ltr'>cum</span> <span class='ocrx_word' id='word_1_325' title='bbox 2024 2607 2120 2679; x_wconf 84' lang='lat' dir='ltr'>Filio</span> <span class='ocrx_word' id='word_1_326' title='bbox 2131 2622 2179 2679; x_wconf 86' lang='lat' dir='ltr'>tut</span> 
     </span>
     <span class='ocr_line' id='line_1_34' title="bbox 1199 2704 2179 2801; baseline 0 -22"><span class='ocrx_word' id='word_1_327' title='bbox 1199 2722 1385 2779; x_wconf 90' lang='lat' dir='ltr'>coaeterno</span> <span class='ocrx_word' id='word_1_328' title='bbox 1409 2708 1555 2777; x_wconf 92' lang='lat' dir='ltr'>domino</span> <span class='ocrx_word' id='word_1_329' title='bbox 1577 2721 1699 2779; x_wconf 86' lang='lat' dir='ltr'>nostro</span> <span class='ocrx_word' id='word_1_330' title='bbox 1728 2707 1808 2779; x_wconf 91' lang='lat' dir='ltr'>lesu</span> <span class='ocrx_word' id='word_1_331' title='bbox 1832 2704 1997 2796; x_wconf 85' lang='lat' dir='ltr'>Christo,</span> <span class='ocrx_word' id='word_1_332' title='bbox 2025 2723 2179 2801; x_wconf 58' lang='lat' dir='ltr'>regnaut</span> 
     </span>
     <span class='ocr_line' id='line_1_35' title="bbox 1198 2809 2180 2905; baseline 0.003 -26"><span class='ocrx_word' id='word_1_333' title='bbox 1198 2822 1335 2887; x_wconf 90' lang='lat' dir='ltr'>tecum,</span> <span class='ocrx_word' id='word_1_334' title='bbox 1373 2821 1407 2878; x_wconf 89' lang='lat' dir='ltr'>et</span> <span class='ocrx_word' id='word_1_335' title='bbox 1441 2809 1614 2899; x_wconf 74' lang='lat' dir='ltr'>patefacto</span> <span class='ocrx_word' id='word_1_336' title='bbox 1640 2810 1680 2878; x_wconf 93' lang='lat' dir='ltr'>in</span> <span class='ocrx_word' id='word_1_337' title='bbox 1706 2809 1949 2896; x_wconf 82' lang='lat' dir='ltr'>Hierusalem,</span> <span class='ocrx_word' id='word_1_338' title='bbox 1992 2824 2034 2881; x_wconf 90' lang='lat' dir='ltr'>et</span> <span class='ocrx_word' id='word_1_339' title='bbox 2061 2810 2180 2905; x_wconf 73' lang='lat' dir='ltr'>Spiritu</span> 
     </span>
     <span class='ocr_line' id='line_1_36' title="bbox 1199 2907 2179 3003; baseline 0.004 -23"><span class='ocrx_word' id='word_1_340' title='bbox 1199 2921 1320 2980; x_wconf 86' lang='lat' dir='ltr'>sancto</span> <span class='ocrx_word' id='word_1_341' title='bbox 1337 2910 1512 3000; x_wconf 85' lang='lat' dir='ltr'>paracleto</span> <span class='ocrx_word' id='word_1_342' title='bbox 1528 2910 1639 2981; x_wconf 82' lang='lat' dir='ltr'>effuso</span> <span class='ocrx_word' id='word_1_343' title='bbox 1652 2909 1691 2979; x_wconf 93' lang='lat' dir='ltr'>in</span> <span class='ocrx_word' id='word_1_344' title='bbox 1706 2907 1914 3003; x_wconf 85' lang='lat' dir='ltr'>Apostolos,</span> <span class='ocrx_word' id='word_1_345' title='bbox 1937 2913 2108 3003; x_wconf 87' lang='lat' dir='ltr'>sapiens,</span> <span class='ocrx_word' id='word_1_346' title='bbox 2127 2912 2179 2983; x_wconf 88' lang='lat' dir='ltr'>bo·</span> 
     </span>
     <span class='ocr_line' id='line_1_37' title="bbox 1198 3010 2173 3109; baseline 0.006 -30"><span class='ocrx_word' id='word_1_347' title='bbox 1198 3034 1263 3092; x_wconf 89' lang='lat' dir='ltr'>ne,</span> <span class='ocrx_word' id='word_1_348' title='bbox 1288 3034 1404 3096; x_wconf 83' lang='lat' dir='ltr'>verax,</span> <span class='ocrx_word' id='word_1_349' title='bbox 1424 3011 1637 3096; x_wconf 76' lang='lat' dir='ltr'>misericors,</span> <span class='ocrx_word' id='word_1_350' title='bbox 1662 3012 1779 3097; x_wconf 87' lang='lat' dir='ltr'>iudex,</span> <span class='ocrx_word' id='word_1_351' title='bbox 1805 3026 1839 3082; x_wconf 92' lang='lat' dir='ltr'>et</span> <span class='ocrx_word' id='word_1_352' title='bbox 1854 3013 2069 3101; x_wconf 88' lang='lat' dir='ltr'>liberrime,</span> <span class='ocrx_word' id='word_1_353' title='bbox 2100 3010 2173 3109; x_wconf 57' lang='grc' dir='ltr'><em>φά</em></span> 
     </span>
    </p>
   </div>
   <div class='ocr_carea' id='block_1_6' title="bbox 164 3058 2177 3202">
    <p class='ocr_par' dir='ltr' id='par_1_7' title="bbox 164 3058 2177 3202">
     <span class='ocr_line' id='line_1_38' title="bbox 164 3058 2177 3202; baseline 0.018 -53"><span class='ocrx_word' id='word_1_354' title='bbox 164 3067 373 3139; x_wconf 67' lang='lat' dir='ltr'>v⁰⁰2ss¹3b¹¹⁶</span> <span class='ocrx_word' id='word_1_355' title='bbox 388 3088 468 3133; x_wconf 61' lang='lat'>‘¹¹¹¹&#39;</span> <span class='ocrx_word' id='word_1_356' title='bbox 485 3063 524 3130; x_wconf 60' lang='lat'>5¹¹</span> <span class='ocrx_word' id='word_1_357' title='bbox 537 3060 692 3134; x_wconf 54' lang='lat' dir='ltr'>“rm</span> <span class='ocrx_word' id='word_1_358' title='bbox 744 3059 817 3133; x_wconf 54' lang='lat' dir='ltr'>Nm</span> <span class='ocrx_word' id='word_1_359' title='bbox 830 3061 921 3131; x_wconf 55' lang='grc' dir='ltr'>Μὴ</span> <span class='ocrx_word' id='word_1_360' title='bbox 936 3058 1003 3130; x_wconf 62' lang='lat' dir='ltr'>Dei</span> <span class='ocrx_word' id='word_1_361' title='bbox 1022 3058 1148 3177; x_wconf 38' lang='lat' dir='ltr'>Filii*</span> <span class='ocrx_word' id='word_1_362' title='bbox 1198 3104 1360 3183; x_wconf 82' lang='lat' dir='ltr'>revelasti</span> <span class='ocrx_word' id='word_1_363' title='bbox 1384 3125 1419 3182; x_wconf 89' lang='lat' dir='ltr'>te</span> <span class='ocrx_word' id='word_1_364' title='bbox 1440 3113 1559 3197; x_wconf 89' lang='lat' dir='ltr'>nobis,</span> <span class='ocrx_word' id='word_1_365' title='bbox 1580 3126 1613 3182; x_wconf 90' lang='lat' dir='ltr'>et</span> <span class='ocrx_word' id='word_1_366' title='bbox 1632 3114 1757 3184; x_wconf 89' lang='lat' dir='ltr'>misisti</span> <span class='ocrx_word' id='word_1_367' title='bbox 1774 3111 1905 3184; x_wconf 78' lang='lat' dir='ltr'>Filium</span> <span class='ocrx_word' id='word_1_368' title='bbox 1922 3126 2051 3202; x_wconf 89' lang='lat' dir='ltr'>tuum,</span> <span class='ocrx_word' id='word_1_369' title='bbox 2079 3110 2177 3187; x_wconf 73' lang='lat' dir='ltr'>etcd·</span> 
     </span>
    </p>
   </div>
   <div class='ocr_carea' id='block_1_7' title="bbox 163 3160 2181 3309">
    <p class='ocr_par' dir='ltr' id='par_1_8' title="bbox 163 3160 2181 3309">
     <span class='ocr_line' id='line_1_39' title="bbox 163 3160 2181 3309; baseline 0.008 -41"><span class='ocrx_word' id='word_1_370' title='bbox 163 3169 347 3263; x_wconf 57' lang='lat' dir='ltr'>inqui‘m‘</span> <span class='ocrx_word' id='word_1_371' title='bbox 383 3163 563 3255; x_wconf 56' lang='lat' dir='ltr'>Quic‘lffld</span> <span class='ocrx_word' id='word_1_372' title='bbox 583 3161 752 3265; x_wconf 47' lang='lat' dir='ltr'>Piiierifis</span> <span class='ocrx_word' id='word_1_373' title='bbox 773 3160 913 3232; x_wconf 58' lang='lat' dir='ltr'><strong>pamm</strong></span> <span class='ocrx_word' id='word_1_374' title='bbox 941 3162 979 3231; x_wconf 65' lang='lat' dir='ltr'>in</span> <span class='ocrx_word' id='word_1_375' title='bbox 1002 3183 1151 3229; x_wconf 62' lang='lat' dir='ltr'><strong>¹¹⁰m¹¹¹⁶</strong></span> <span class='ocrx_word' id='word_1_376' title='bbox 1199 3212 1277 3302; x_wconf 89' lang='lat' dir='ltr'>ligis</span> <span class='ocrx_word' id='word_1_377' title='bbox 1294 3213 1362 3282; x_wconf 90' lang='lat' dir='ltr'>tibi</span> <span class='ocrx_word' id='word_1_378' title='bbox 1375 3208 1568 3282; x_wconf 88' lang='lat' dir='ltr'>Ecclesiam</span> <span class='ocrx_word' id='word_1_379' title='bbox 1586 3214 1680 3284; x_wconf 90' lang='lat' dir='ltr'>inter</span> <span class='ocrx_word' id='word_1_380' title='bbox 1693 3238 1758 3284; x_wconf 92' lang='lat' dir='ltr'>nos</span> <span class='ocrx_word' id='word_1_381' title='bbox 1775 3238 1935 3309; x_wconf 83' lang='lat' dir='ltr'>quoque,</span> <span class='ocrx_word' id='word_1_382' title='bbox 1961 3214 2181 3287; x_wconf 87' lang='lat' dir='ltr'>ostendisls·</span> 
     </span>
    </p>
   </div>
   <div class='ocr_carea' id='block_1_8' title="bbox 162 3254 2183 3409">
    <p class='ocr_par' dir='ltr' id='par_1_9' title="bbox 162 3254 2183 3409">
     <span class='ocr_line' id='line_1_40' title="bbox 162 3254 2183 3409; baseline 0.005 -71"><span class='ocrx_word' id='word_1_383' title='bbox 162 3295 260 3353; x_wconf 90' lang='lat' dir='ltr'>meo,</span> <span class='ocrx_word' id='word_1_384' title='bbox 292 3266 390 3336; x_wconf 87' lang='lat' dir='ltr'>dabit</span> <span class='ocrx_word' id='word_1_385' title='bbox 411 3263 523 3338; x_wconf 84' lang='lat' dir='ltr'>robis.</span> <span class='ocrx_word' id='word_1_386' title='bbox 571 3261 695 3334; x_wconf 83' lang='lat' dir='ltr'>Servat</span> <span class='ocrx_word' id='word_1_387' title='bbox 713 3254 808 3333; x_wconf 82' lang='lat' dir='ltr'>Deus</span> <span class='ocrx_word' id='word_1_388' title='bbox 824 3259 1005 3351; x_wconf 15' lang='lat' dir='ltr'>Ecclesiae,</span> <span class='ocrx_word' id='word_1_389' title='bbox 1025 3255 1149 3352; x_wconf 90' lang='lat' dir='ltr'>hospi·</span> <span class='ocrx_word' id='word_1_390' title='bbox 1198 3337 1273 3383; x_wconf 59' lang='lat' dir='ltr'>tem</span> <span class='ocrx_word' id='word_1_391' title='bbox 1287 3314 1468 3383; x_wconf 41' lang='lat' dir='ltr'><strong>doctrina&amp;</strong></span> <span class='ocrx_word' id='word_1_392' title='bbox 1492 3327 1573 3384; x_wconf 57' lang='lat' dir='ltr'>mae</span> <span class='ocrx_word' id='word_1_393' title='bbox 1598 3328 1633 3385; x_wconf 55' lang='lat' dir='ltr'>et</span> <span class='ocrx_word' id='word_1_394' title='bbox 1653 3315 1856 3400; x_wconf 47' lang='lat' dir='ltr'>mentum,</span> <span class='ocrx_word' id='word_1_395' title='bbox 1880 3328 1913 3385; x_wconf 62' lang='lat' dir='ltr'>e,</span> <span class='ocrx_word' id='word_1_396' title='bbox 1933 3313 2183 3409; x_wconf 39' lang='lat' dir='ltr'>maha&amp;</span> 
     </span>
    </p>
   </div>
   <div class='ocr_carea' id='block_1_9' title="bbox 162 3363 2184 3508">
    <p class='ocr_par' dir='ltr' id='par_1_10' title="bbox 162 3363 2184 3508">
     <span class='ocr_line' id='line_1_41' title="bbox 162 3363 2184 3508; baseline 0.006 -70"><span class='ocrx_word' id='word_1_397' title='bbox 162 3372 232 3453; x_wconf 85' lang='lat' dir='ltr'>tia,</span> <span class='ocrx_word' id='word_1_398' title='bbox 257 3367 411 3437; x_wconf 81' lang='lat' dir='ltr'>familias</span> <span class='ocrx_word' id='word_1_399' title='bbox 426 3379 461 3435; x_wconf 90' lang='lat' dir='ltr'>et</span> <span class='ocrx_word' id='word_1_400' title='bbox 481 3377 571 3436; x_wconf 85' lang='lat' dir='ltr'>totas</span> <span class='ocrx_word' id='word_1_401' title='bbox 592 3364 732 3461; x_wconf 82' lang='lat' dir='ltr'>respub.</span> <span class='ocrx_word' id='word_1_402' title='bbox 747 3367 808 3435; x_wconf 90' lang='lat' dir='ltr'>dat</span> <span class='ocrx_word' id='word_1_403' title='bbox 823 3364 937 3434; x_wconf 81' lang='lat' dir='ltr'>luceru</span> <span class='ocrx_word' id='word_1_404' title='bbox 955 3363 1149 3447; x_wconf 87' lang='lat' dir='ltr'>doctrinae,</span> <span class='ocrx_word' id='word_1_405' title='bbox 1198 3416 1248 3484; x_wconf 56' lang='lat' dir='ltr'>fia</span> <span class='ocrx_word' id='word_1_406' title='bbox 1273 3410 1668 3490; x_wconf 46' lang='lat' dir='ltr'><strong>mediocriasscdeda‘·</strong></span> <span class='ocrx_word' id='word_1_407' title='bbox 1720 3414 1844 3508; x_wconf 59' lang='lat' dir='ltr'>Teque</span> <span class='ocrx_word' id='word_1_408' title='bbox 1866 3417 2088 3490; x_wconf 53' lang='lat' dir='ltr'><strong>ardenfibm</strong></span> <span class='ocrx_word' id='word_1_409' title='bbox 2106 3415 2184 3489; x_wconf 53' lang='lat' dir='ltr'>ms„</span> 
     </span>
    </p>
   </div>
   <div class='ocr_carea' id='block_1_10' title="bbox 163 3463 2183 3608">
    <p class='ocr_par' dir='ltr' id='par_1_11' title="bbox 163 3463 2183 3608">
     <span class='ocr_line' id='line_1_42' title="bbox 163 3463 2183 3608; baseline 0.01 -67"><span class='ocrx_word' id='word_1_410' title='bbox 163 3467 331 3541; x_wconf 88' lang='lat' dir='ltr'>honestae</span> <span class='ocrx_word' id='word_1_411' title='bbox 353 3465 560 3559; x_wconf 89' lang='lat' dir='ltr'>discipliuae</span> <span class='ocrx_word' id='word_1_412' title='bbox 589 3466 880 3554; x_wconf 86' lang='lat' dir='ltr'>gubernationem</span> <span class='ocrx_word' id='word_1_413' title='bbox 908 3479 944 3536; x_wconf 93' lang='lat' dir='ltr'>et</span> <span class='ocrx_word' id='word_1_414' title='bbox 973 3463 1149 3580; x_wconf 75' lang='lat' dir='ltr'>defensio·</span> <span class='ocrx_word' id='word_1_415' title='bbox 1198 3538 1341 3584; x_wconf 53' lang='lat' dir='ltr'><strong>oramus</strong></span> <span class='ocrx_word' id='word_1_416' title='bbox 1364 3529 1507 3608; x_wconf 50' lang='lat' dir='ltr'>propper</span> <span class='ocrx_word' id='word_1_417' title='bbox 1529 3514 1661 3586; x_wconf 58' lang='lat' dir='ltr'>pinum</span> <span class='ocrx_word' id='word_1_418' title='bbox 1687 3530 1786 3587; x_wconf 67' lang='lat' dir='ltr'>mum</span> <span class='ocrx_word' id='word_1_419' title='bbox 1805 3513 2009 3589; x_wconf 56' lang='lat' dir='ltr'><strong>Dominum</strong></span> <span class='ocrx_word' id='word_1_420' title='bbox 2036 3535 2183 3593; x_wconf 60' lang='lat' dir='ltr'>„mm</span> 
     </span>
    </p>
   </div>
   <div class='ocr_carea' id='block_1_11' title="bbox 162 3565 2222 3815">
    <p class='ocr_par' dir='ltr' id='par_1_12' title="bbox 162 3565 2222 3815">
     <span class='ocr_line' id='line_1_43' title="bbox 163 3565 2184 3707; baseline -0.004 -67"><span class='ocrx_word' id='word_1_421' title='bbox 163 3597 257 3655; x_wconf 89' lang='lat' dir='ltr'>nem,</span> <span class='ocrx_word' id='word_1_422' title='bbox 282 3571 462 3638; x_wconf 85' lang='lat' dir='ltr'>moderata</span> <span class='ocrx_word' id='word_1_423' title='bbox 476 3578 508 3635; x_wconf 91' lang='lat' dir='ltr'>et</span> <span class='ocrx_word' id='word_1_424' title='bbox 524 3565 888 3684; x_wconf 64' lang='lat' dir='ltr'>tranquillaimperia,</span> <span class='ocrx_word' id='word_1_425' title='bbox 911 3581 1055 3682; x_wconf 74' lang='lat' dir='ltr'>propter</span> <span class='ocrx_word' id='word_1_426' title='bbox 1069 3589 1148 3656; x_wconf 83' lang='lat' dir='ltr'>pro·</span> <span class='ocrx_word' id='word_1_427' title='bbox 1199 3613 1315 3685; x_wconf 50' lang='lat' dir='ltr'>laum</span> <span class='ocrx_word' id='word_1_428' title='bbox 1332 3611 1515 3687; x_wconf 54' lang='lat' dir='ltr'>christum</span> <span class='ocrx_word' id='word_1_429' title='bbox 1559 3618 1842 3707; x_wconf 55' lang='lat' dir='ltr'>crucifixum</span> <span class='ocrx_word' id='word_1_430' title='bbox 1856 3619 1964 3688; x_wconf 46' lang='lat' dir='ltr'><strong>nobis</strong></span> <span class='ocrx_word' id='word_1_431' title='bbox 1987 3634 2029 3692; x_wconf 56' lang='lat' dir='ltr'>et</span> <span class='ocrx_word' id='word_1_432' title='bbox 2046 3618 2184 3695; x_wconf 54' lang='lat' dir='ltr'><strong><em>m</em></strong></span> 
     </span>
     <span class='ocr_line' id='line_1_44' title="bbox 162 3660 2222 3815; baseline -0.003 -75"><span class='ocrx_word' id='word_1_433' title='bbox 162 3694 244 3741; x_wconf 87' lang='lat' dir='ltr'>rum</span> <span class='ocrx_word' id='word_1_434' title='bbox 258 3692 388 3761; x_wconf 87' lang='lat' dir='ltr'>preces.</span> <span class='ocrx_word' id='word_1_435' title='bbox 439 3663 525 3736; x_wconf 92' lang='lat' dir='ltr'>Ideo</span> <span class='ocrx_word' id='word_1_436' title='bbox 540 3660 703 3735; x_wconf 72' lang='lat' dir='ltr'>Christus</span> <span class='ocrx_word' id='word_1_437' title='bbox 721 3680 849 3759; x_wconf 76' lang='lat' dir='ltr'>inquit,</span> <span class='ocrx_word' id='word_1_438' title='bbox 874 3689 956 3759; x_wconf 81' lang='lat' dir='ltr'>suos</span> <span class='ocrx_word' id='word_1_439' title='bbox 971 3667 1148 3763; x_wconf 77' lang='lat' dir='ltr'>auditores</span> <span class='ocrx_word' id='word_1_440' title='bbox 1197 3728 1327 3800; x_wconf 50' lang='lat' dir='ltr'><strong>tatum,</strong></span> <span class='ocrx_word' id='word_1_441' title='bbox 1352 3714 1466 3815; x_wconf 55' lang='grc' dir='ltr'><em>λόγον</em></span> <span class='ocrx_word' id='word_1_442' title='bbox 1489 3670 1552 3787; x_wconf 57' lang='grc' dir='ltr'>κᾶὶ</span> <span class='ocrx_word' id='word_1_443' title='bbox 1575 3713 1699 3789; x_wconf 51' lang='lat' dir='ltr'>mm</span> <span class='ocrx_word' id='word_1_444' title='bbox 1725 3712 1849 3790; x_wconf 57' lang='grc' dir='ltr'><em>ἀΐδιον</em></span> <span class='ocrx_word' id='word_1_445' title='bbox 1872 3739 1964 3811; x_wconf 61' lang='grc' dir='ltr'><em>σου,</em></span> <span class='ocrx_word' id='word_1_446' title='bbox 2000 3748 2113 3815; x_wconf 61' lang='lat' dir='ltr'>qum</span> <span class='ocrx_word' id='word_1_447' title='bbox 2131 3744 2183 3791; x_wconf 48' lang='lat' dir='ltr'>w·</span> <span class='ocrx_word' id='word_1_448' title='bbox 2220 3774 2222 3789; x_wconf 43' lang='grc' dir='ltr'>Ι</span> 
     </span>
    </p>
   </div>
   <div class='ocr_carea' id='block_1_12' title="bbox 159 3764 2182 4165">
    <p class='ocr_par' dir='ltr' id='par_1_13' title="bbox 159 3764 2182 4165">
     <span class='ocr_line' id='line_1_45' title="bbox 163 3764 2181 3890; baseline -0.011 -49"><span class='ocrx_word' id='word_1_449' title='bbox 163 3772 269 3842; x_wconf 88' lang='lat' dir='ltr'>etiam</span> <span class='ocrx_word' id='word_1_450' title='bbox 288 3768 420 3887; x_wconf 68' lang='lat' dir='ltr'>maiora</span> <span class='ocrx_word' id='word_1_451' title='bbox 434 3765 606 3882; x_wconf 77' lang='lat' dir='ltr'>miracula</span> <span class='ocrx_word' id='word_1_452' title='bbox 618 3767 772 3885; x_wconf 78' lang='lat' dir='ltr'>facturos</span> <span class='ocrx_word' id='word_1_453' title='bbox 790 3789 882 3853; x_wconf 86' lang='lat' dir='ltr'>esse,</span> <span class='ocrx_word' id='word_1_454' title='bbox 904 3764 1165 3885; x_wconf 76' lang='lat' dir='ltr'>quamqualia</span> <span class='ocrx_word' id='word_1_455' title='bbox 1198 3817 1295 3887; x_wconf 53' lang='lat' dir='ltr'><strong>luisti</strong></span> <span class='ocrx_word' id='word_1_456' title='bbox 1346 3842 1386 3888; x_wconf 67' lang='lat' dir='ltr'>m</span> <span class='ocrx_word' id='word_1_457' title='bbox 1413 3818 1517 3888; x_wconf 45' lang='lat' dir='ltr'>nobis</span> <span class='ocrx_word' id='word_1_458' title='bbox 1542 3838 1616 3887; x_wconf 58' lang='lat' dir='ltr'>me</span> <span class='ocrx_word' id='word_1_459' title='bbox 1642 3818 1820 3888; x_wconf 49' lang='lat' dir='ltr'><strong>victimam</strong></span> <span class='ocrx_word' id='word_1_460' title='bbox 1890 3816 1931 3890; x_wconf 57' lang='grc' dir='ltr'>αἱ</span> <span class='ocrx_word' id='word_1_461' title='bbox 2037 3819 2048 3845; x_wconf 47' lang='grc' dir='ltr'><em>Ι</em></span> <span class='ocrx_word' id='word_1_462' title='bbox 2172 3814 2181 3841; x_wconf 59' lang='grc'><strong>,</strong></span> 
     </span>
     <span class='ocr_line' id='line_1_46' title="bbox 164 3842 2182 3957; baseline -0.008 -18"><span class='ocrx_word' id='word_1_463' title='bbox 164 3872 325 3939; x_wconf 82' lang='lat' dir='ltr'>viderant</span> <span class='ocrx_word' id='word_1_464' title='bbox 357 3893 395 3936; x_wconf 83' lang='lat' dir='ltr'>ru</span> <span class='ocrx_word' id='word_1_465' title='bbox 427 3866 596 3937; x_wconf 79' lang='lat' dir='ltr'>sanandis</span> <span class='ocrx_word' id='word_1_466' title='bbox 628 3880 795 3957; x_wconf 79' lang='lat' dir='ltr'>aegrotas,</span> <span class='ocrx_word' id='word_1_467' title='bbox 830 3881 865 3937; x_wconf 90' lang='lat' dir='ltr'>et</span> <span class='ocrx_word' id='word_1_468' title='bbox 897 3867 1147 3938; x_wconf 76' lang='lat' dir='ltr'>resuscitandis</span> <span class='ocrx_word' id='word_1_469' title='bbox 1200 3915 1256 3941; x_wconf 52' lang='grc' dir='ltr'><em>Η</em></span> <span class='ocrx_word' id='word_1_470' title='bbox 1321 3842 1344 3909; x_wconf 70' lang='grc' dir='ltr'><strong><em>Ρ</em></strong></span> <span class='ocrx_word' id='word_1_471' title='bbox 1381 3919 1391 3937; x_wconf 91' lang='grc'><strong>.</strong></span> <span class='ocrx_word' id='word_1_472' title='bbox 1616 3919 1653 3936; x_wconf 84' lang='grc'>..</span> <span class='ocrx_word' id='word_1_473' title='bbox 1821 3868 1840 3938; x_wconf 86' lang='grc'>,’</span> <span class='ocrx_word' id='word_1_474' title='bbox 1865 3843 1890 3891; x_wconf 70' lang='lat'>²</span> <span class='ocrx_word' id='word_1_475' title='bbox 1951 3844 2182 3919; x_wconf 58' lang='lat' dir='ltr'>W‘Wffl</span> 
     </span>
     <span class='ocr_line' id='line_1_47' title="bbox 161 3920 2181 4061; baseline -0.004 -19"><span class='ocrx_word' id='word_1_476' title='bbox 161 3971 311 4042; x_wconf 85' lang='lat' dir='ltr'>mortuis</span> <span class='ocrx_word' id='word_1_477' title='bbox 325 3968 410 4039; x_wconf 87' lang='lat' dir='ltr'>lieri.</span> <span class='ocrx_word' id='word_1_478' title='bbox 457 3964 576 4037; x_wconf 81' lang='lat' dir='ltr'>Maibs</span> <span class='ocrx_word' id='word_1_479' title='bbox 590 3980 642 4037; x_wconf 88' lang='lat' dir='ltr'>est</span> <span class='ocrx_word' id='word_1_480' title='bbox 658 3967 752 4036; x_wconf 91' lang='lat' dir='ltr'>enim</span> <span class='ocrx_word' id='word_1_481' title='bbox 768 3969 836 4059; x_wconf 90' lang='lat' dir='ltr'>piis</span> <span class='ocrx_word' id='word_1_482' title='bbox 847 3958 1014 4061; x_wconf 85' lang='lat' dir='ltr'>¹precibus</span> <span class='ocrx_word' id='word_1_483' title='bbox 1030 3990 1148 4037; x_wconf 89' lang='lat' dir='ltr'>arcere</span> <span class='ocrx_word' id='word_1_484' title='bbox 1197 3942 1320 4011; x_wconf 56' lang='lat' dir='ltr'>‘mm‘</span> <span class='ocrx_word' id='word_1_485' title='bbox 1341 3920 1696 4037; x_wconf 66' lang='lat' dir='ltr'>¹⁰¹¹³⁰d⁰.⁰⁰¹¹⁸¹¹¹⁰’</span> <span class='ocrx_word' id='word_1_486' title='bbox 1720 3920 1914 4038; x_wconf 59' lang='lat' dir='ltr'>⁸i⁰ft¹fi⁶³’</span> <span class='ocrx_word' id='word_1_487' title='bbox 1939 3946 2052 4015; x_wconf 66' lang='lat'><strong>&#39;⁸⁸⁸’</strong></span> <span class='ocrx_word' id='word_1_488' title='bbox 2078 3940 2113 3997; x_wconf 63' lang='lat'>‘²</span> <span class='ocrx_word' id='word_1_489' title='bbox 2129 3926 2181 3993; x_wconf 51' lang='grc' dir='ltr'>δ”</span> 
     </span>
     <span class='ocr_line' id='line_1_48' title="bbox 159 4018 2180 4165; baseline -0.003 -61"><span class='ocrx_word' id='word_1_490' title='bbox 159 4074 298 4142; x_wconf 62' lang='lat' dir='ltr'>sumes</span> <span class='ocrx_word' id='word_1_491' title='bbox 312 4070 472 4161; x_wconf 51' lang='lat' dir='ltr'>puppim,</span> <span class='ocrx_word' id='word_1_492' title='bbox 485 4082 521 4138; x_wconf 53' lang='lat' dir='ltr'>ep</span> <span class='ocrx_word' id='word_1_493' title='bbox 534 4068 668 4165; x_wconf 42' lang='lat' dir='ltr'>excipi„</span> <span class='ocrx_word' id='word_1_494' title='bbox 686 4069 841 4139; x_wconf 40' lang='lat' dir='ltr'><strong>urbium·</strong></span> <span class='ocrx_word' id='word_1_495' title='bbox 1197 4042 1255 4102; x_wconf 86' lang='lat' dir='ltr'>ce,</span> <span class='ocrx_word' id='word_1_496' title='bbox 1285 4020 1434 4089; x_wconf 86' lang='lat' dir='ltr'>accende</span> <span class='ocrx_word' id='word_1_497' title='bbox 1455 4032 1489 4088; x_wconf 93' lang='lat' dir='ltr'>et</span> <span class='ocrx_word' id='word_1_498' title='bbox 1506 4043 1588 4089; x_wconf 84' lang='lat' dir='ltr'>ruva</span> <span class='ocrx_word' id='word_1_499' title='bbox 1609 4043 1675 4090; x_wconf 89' lang='lat' dir='ltr'>nos</span> <span class='ocrx_word' id='word_1_500' title='bbox 1694 4018 1832 4111; x_wconf 85' lang='lat' dir='ltr'>Sprntu</span> <span class='ocrx_word' id='word_1_501' title='bbox 1857 4037 1983 4095; x_wconf 85' lang='lat' dir='ltr'>sancto</span> <span class='ocrx_word' id='word_1_502' title='bbox 2004 4039 2092 4107; x_wconf 90' lang='lat' dir='ltr'>tuo,</span> <span class='ocrx_word' id='word_1_503' title='bbox 2120 4024 2180 4097; x_wconf 84' lang='lat' dir='ltr'>ml·</span> 
     </span>
    </p>
   </div>
   <div class='ocr_carea' id='block_1_13' title="bbox 138 4117 2180 5521">
    <p class='ocr_par' dir='ltr' id='par_1_14' title="bbox 138 4117 2180 5521">
     <span class='ocr_line' id='line_1_49' title="bbox 184 4117 2180 4218; baseline 0.004 -34"><span class='ocrx_word' id='word_1_504' title='bbox 184 4208 188 4213; x_wconf 25' lang='grc' dir='ltr'>Ι</span> <span class='ocrx_word' id='word_1_505' title='bbox 1197 4120 1267 4209; x_wconf 90' lang='lat' dir='ltr'>lige</span> <span class='ocrx_word' id='word_1_506' title='bbox 1298 4119 1365 4189; x_wconf 92' lang='lat' dir='ltr'>tibi</span> <span class='ocrx_word' id='word_1_507' title='bbox 1395 4121 1489 4192; x_wconf 91' lang='lat' dir='ltr'>inter</span> <span class='ocrx_word' id='word_1_508' title='bbox 1520 4140 1586 4191; x_wconf 87' lang='lat' dir='ltr'>nos</span> <span class='ocrx_word' id='word_1_509' title='bbox 1613 4117 1806 4191; x_wconf 84' lang='lat' dir='ltr'>Ecclesiam</span> <span class='ocrx_word' id='word_1_510' title='bbox 1833 4135 1868 4191; x_wconf 89' lang='lat' dir='ltr'>te</span> <span class='ocrx_word' id='word_1_511' title='bbox 1899 4142 2081 4218; x_wconf 78' lang='lat' dir='ltr'>perpetuo</span> <span class='ocrx_word' id='word_1_512' title='bbox 2104 4124 2180 4199; x_wconf 82' lang='lat' dir='ltr'>cela·</span> 
     </span>
     <span class='ocr_line' id='line_1_50' title="bbox 258 4218 2179 4313; baseline 0.004 -22"><span class='ocrx_word' id='word_1_513' title='bbox 258 4218 306 4291; x_wconf 85' lang='lat' dir='ltr'>Et</span> <span class='ocrx_word' id='word_1_514' title='bbox 327 4244 372 4288; x_wconf 90' lang='lat' dir='ltr'>ue</span> <span class='ocrx_word' id='word_1_515' title='bbox 393 4232 557 4310; x_wconf 88' lang='lat' dir='ltr'>putemus</span> <span class='ocrx_word' id='word_1_516' title='bbox 572 4232 653 4289; x_wconf 88' lang='lat' dir='ltr'>vota</span> <span class='ocrx_word' id='word_1_517' title='bbox 675 4230 795 4289; x_wconf 90' lang='lat' dir='ltr'>nostra</span> <span class='ocrx_word' id='word_1_518' title='bbox 817 4218 917 4288; x_wconf 89' lang='lat' dir='ltr'>irrita</span> <span class='ocrx_word' id='word_1_519' title='bbox 942 4239 1033 4300; x_wconf 89' lang='lat' dir='ltr'>esse,</span> <span class='ocrx_word' id='word_1_520' title='bbox 1058 4218 1146 4287; x_wconf 89' lang='lat' dir='ltr'>scia-</span> <span class='ocrx_word' id='word_1_521' title='bbox 1196 4220 1397 4307; x_wconf 86' lang='lat' dir='ltr'>braturam,</span> <span class='ocrx_word' id='word_1_522' title='bbox 1429 4245 1495 4290; x_wconf 89' lang='lat' dir='ltr'>uec</span> <span class='ocrx_word' id='word_1_523' title='bbox 1521 4221 1616 4291; x_wconf 90' lang='lat' dir='ltr'>sinas</span> <span class='ocrx_word' id='word_1_524' title='bbox 1642 4222 1799 4312; x_wconf 87' lang='lat' dir='ltr'>extingui</span> <span class='ocrx_word' id='word_1_525' title='bbox 1831 4223 1890 4313; x_wconf 91' lang='lat' dir='ltr'>pia</span> <span class='ocrx_word' id='word_1_526' title='bbox 1916 4228 2043 4299; x_wconf 89' lang='lat' dir='ltr'>studia</span> <span class='ocrx_word' id='word_1_527' title='bbox 2069 4242 2106 4301; x_wconf 88' lang='lat' dir='ltr'>et</span> <span class='ocrx_word' id='word_1_528' title='bbox 2125 4228 2179 4299; x_wconf 86' lang='lat' dir='ltr'>do·</span> 
     </span>
     <span class='ocr_line' id='line_1_51' title="bbox 158 4318 2178 4423; baseline 0.004 -31"><span class='ocrx_word' id='word_1_529' title='bbox 158 4346 239 4394; x_wconf 86' lang='lat' dir='ltr'>mus</span> <span class='ocrx_word' id='word_1_530' title='bbox 273 4346 339 4407; x_wconf 84' lang='lat' dir='ltr'>nos</span> <span class='ocrx_word' id='word_1_531' title='bbox 371 4343 446 4389; x_wconf 91' lang='lat' dir='ltr'>non</span> <span class='ocrx_word' id='word_1_532' title='bbox 472 4318 565 4387; x_wconf 89' lang='lat' dir='ltr'>solos</span> <span class='ocrx_word' id='word_1_533' title='bbox 596 4320 743 4410; x_wconf 82' lang='lat' dir='ltr'>precari.</span> <span class='ocrx_word' id='word_1_534' title='bbox 796 4318 869 4391; x_wconf 87' lang='lat' dir='ltr'>Sed</span> <span class='ocrx_word' id='word_1_535' title='bbox 895 4319 1035 4389; x_wconf 88' lang='lat' dir='ltr'>assidue</span> <span class='ocrx_word' id='word_1_536' title='bbox 1058 4334 1147 4390; x_wconf 87' lang='lat' dir='ltr'>astat</span> <span class='ocrx_word' id='word_1_537' title='bbox 1195 4320 1331 4391; x_wconf 87' lang='lat' dir='ltr'>ctrinae</span> <span class='ocrx_word' id='word_1_538' title='bbox 1356 4321 1483 4391; x_wconf 86' lang='lat' dir='ltr'>lucem.</span> <span class='ocrx_word' id='word_1_539' title='bbox 1540 4321 1650 4394; x_wconf 84' lang='lat' dir='ltr'>Serva</span> <span class='ocrx_word' id='word_1_540' title='bbox 1671 4325 1777 4395; x_wconf 88' lang='lat' dir='ltr'>etiam</span> <span class='ocrx_word' id='word_1_541' title='bbox 1805 4319 1869 4394; x_wconf 91' lang='lat' dir='ltr'>has</span> <span class='ocrx_word' id='word_1_542' title='bbox 1893 4326 2065 4418; x_wconf 80' lang='lat' dir='ltr'>politiae,</span> <span class='ocrx_word' id='word_1_543' title='bbox 2103 4346 2178 4423; x_wconf 72' lang='lat' dir='ltr'>pust</span> 
     </span>
     <span class='ocr_line' id='line_1_52' title="bbox 158 4416 2177 4514; baseline 0.005 -21"><span class='ocrx_word' id='word_1_544' title='bbox 158 4440 301 4493; x_wconf 87' lang='lat' dir='ltr'>aeterno</span> <span class='ocrx_word' id='word_1_545' title='bbox 317 4419 415 4491; x_wconf 88' lang='lat' dir='ltr'>Patri</span> <span class='ocrx_word' id='word_1_546' title='bbox 430 4433 550 4488; x_wconf 85' lang='lat' dir='ltr'>noster</span> <span class='ocrx_word' id='word_1_547' title='bbox 572 4418 744 4490; x_wconf 85' lang='lat' dir='ltr'>Sacerdos</span> <span class='ocrx_word' id='word_1_548' title='bbox 756 4416 934 4490; x_wconf 89' lang='lat' dir='ltr'>Dominus</span> <span class='ocrx_word' id='word_1_549' title='bbox 954 4434 1076 4491; x_wconf 86' lang='lat' dir='ltr'>noster</span> <span class='ocrx_word' id='word_1_550' title='bbox 1091 4418 1145 4490; x_wconf 91' lang='lat' dir='ltr'>le·</span> <span class='ocrx_word' id='word_1_551' title='bbox 1197 4435 1279 4491; x_wconf 90' lang='lat' dir='ltr'>suut</span> <span class='ocrx_word' id='word_1_552' title='bbox 1299 4417 1451 4514; x_wconf 90' lang='lat' dir='ltr'>hospitia</span> <span class='ocrx_word' id='word_1_553' title='bbox 1476 4419 1671 4509; x_wconf 86' lang='lat' dir='ltr'>Ecclesiae,</span> <span class='ocrx_word' id='word_1_554' title='bbox 1695 4439 1730 4496; x_wconf 90' lang='lat' dir='ltr'>et</span> <span class='ocrx_word' id='word_1_555' title='bbox 1750 4437 1849 4495; x_wconf 83' lang='lat' dir='ltr'>turre</span> <span class='ocrx_word' id='word_1_556' title='bbox 1870 4422 2065 4502; x_wconf 85' lang='lat' dir='ltr'>honestam</span> <span class='ocrx_word' id='word_1_557' title='bbox 2084 4427 2177 4503; x_wconf 73' lang='lat' dir='ltr'>disd-</span> 
     </span>
     <span class='ocr_line' id='line_1_53' title="bbox 154 4520 2177 4618; baseline 0.003 -24"><span class='ocrx_word' id='word_1_558' title='bbox 154 4548 217 4595; x_wconf 88' lang='lat' dir='ltr'>sus</span> <span class='ocrx_word' id='word_1_559' title='bbox 234 4520 414 4601; x_wconf 88' lang='lat' dir='ltr'>Christus,</span> <span class='ocrx_word' id='word_1_560' title='bbox 443 4524 509 4610; x_wconf 85' lang='lat' dir='ltr'>pro</span> <span class='ocrx_word' id='word_1_561' title='bbox 532 4521 636 4590; x_wconf 89' lang='lat' dir='ltr'>nobis</span> <span class='ocrx_word' id='word_1_562' title='bbox 649 4521 834 4591; x_wconf 84' lang='lat' dir='ltr'>crucifixus</span> <span class='ocrx_word' id='word_1_563' title='bbox 856 4536 890 4592; x_wconf 81' lang='lat' dir='ltr'>st</span> <span class='ocrx_word' id='word_1_564' title='bbox 910 4521 1146 4607; x_wconf 88' lang='lat' dir='ltr'>resuscitatus,</span> <span class='ocrx_word' id='word_1_565' title='bbox 1196 4523 1350 4614; x_wconf 88' lang='lat' dir='ltr'>plinam,</span> <span class='ocrx_word' id='word_1_566' title='bbox 1373 4537 1407 4592; x_wconf 90' lang='lat' dir='ltr'>et</span> <span class='ocrx_word' id='word_1_567' title='bbox 1420 4545 1504 4613; x_wconf 89' lang='lat' dir='ltr'>rege</span> <span class='ocrx_word' id='word_1_568' title='bbox 1520 4549 1560 4594; x_wconf 88' lang='lat' dir='ltr'>ac</span> <span class='ocrx_word' id='word_1_569' title='bbox 1575 4526 1726 4596; x_wconf 74' lang='lat' dir='ltr'>defende</span> <span class='ocrx_word' id='word_1_570' title='bbox 1738 4527 1937 4618; x_wconf 81' lang='lat' dir='ltr'>principem</span> <span class='ocrx_word' id='word_1_571' title='bbox 1955 4546 2134 4617; x_wconf 76' lang='lat' dir='ltr'>nostrum,</span> <span class='ocrx_word' id='word_1_572' title='bbox 2149 4540 2177 4601; x_wconf 84' lang='lat' dir='ltr'>st</span> 
     </span>
     <span class='ocr_line' id='line_1_54' title="bbox 157 4622 2177 4720; baseline 0.003 -26"><span class='ocrx_word' id='word_1_573' title='bbox 157 4629 218 4720; x_wconf 71' lang='lat' dir='ltr'>quui</span> <span class='ocrx_word' id='word_1_574' title='bbox 244 4650 325 4694; x_wconf 84' lang='lat' dir='ltr'>vene</span> <span class='ocrx_word' id='word_1_575' title='bbox 347 4622 500 4692; x_wconf 84' lang='lat' dir='ltr'>allicitur</span> <span class='ocrx_word' id='word_1_576' title='bbox 519 4622 648 4690; x_wconf 83' lang='lat' dir='ltr'>nostris</span> <span class='ocrx_word' id='word_1_577' title='bbox 671 4623 868 4706; x_wconf 89' lang='lat' dir='ltr'>aerumnis,</span> <span class='ocrx_word' id='word_1_578' title='bbox 901 4636 936 4692; x_wconf 91' lang='lat' dir='ltr'>et</span> <span class='ocrx_word' id='word_1_579' title='bbox 959 4622 1144 4692; x_wconf 88' lang='lat' dir='ltr'>nobiscum</span> <span class='ocrx_word' id='word_1_580' title='bbox 1195 4647 1318 4694; x_wconf 86' lang='lat' dir='ltr'>omnes</span> <span class='ocrx_word' id='word_1_581' title='bbox 1347 4625 1515 4697; x_wconf 88' lang='lat' dir='ltr'>salutares</span> <span class='ocrx_word' id='word_1_582' title='bbox 1537 4627 1801 4716; x_wconf 87' lang='lat' dir='ltr'>gubernatores.</span> <span class='ocrx_word' id='word_1_583' title='bbox 1860 4627 1961 4701; x_wconf 86' lang='lat' dir='ltr'>Haec</span> <span class='ocrx_word' id='word_1_584' title='bbox 1989 4634 2122 4719; x_wconf 76' lang='lat' dir='ltr'>tacito,</span> <span class='ocrx_word' id='word_1_585' title='bbox 2144 4640 2177 4701; x_wconf 89' lang='lat' dir='ltr'>nt</span> 
     </span>
     <span class='ocr_line' id='line_1_55' title="bbox 138 4722 2177 4821; baseline 0.007 -28"><span class='ocrx_word' id='word_1_586' title='bbox 138 4741 337 4817; x_wconf 75' lang='lat' dir='ltr'>precatur,</span> <span class='ocrx_word' id='word_1_587' title='bbox 369 4746 414 4790; x_wconf 89' lang='lat' dir='ltr'>ne</span> <span class='ocrx_word' id='word_1_588' title='bbox 450 4724 670 4806; x_wconf 86' lang='lat' dir='ltr'>deseramur,</span> <span class='ocrx_word' id='word_1_589' title='bbox 708 4747 798 4792; x_wconf 89' lang='lat' dir='ltr'>neve</span> <span class='ocrx_word' id='word_1_590' title='bbox 830 4724 1051 4793; x_wconf 82' lang='lat' dir='ltr'>abiiciamur.</span> <span class='ocrx_word' id='word_1_591' title='bbox 1103 4722 1143 4793; x_wconf 94' lang='lat' dir='ltr'>ln</span> <span class='ocrx_word' id='word_1_592' title='bbox 1195 4736 1255 4795; x_wconf 91' lang='lat' dir='ltr'>tua</span> <span class='ocrx_word' id='word_1_593' title='bbox 1272 4726 1382 4815; x_wconf 89' lang='lat' dir='ltr'>gloria</span> <span class='ocrx_word' id='word_1_594' title='bbox 1400 4750 1481 4795; x_wconf 89' lang='lat' dir='ltr'>vere</span> <span class='ocrx_word' id='word_1_595' title='bbox 1497 4728 1705 4813; x_wconf 78' lang='lat' dir='ltr'>celebretur,</span> <span class='ocrx_word' id='word_1_596' title='bbox 1725 4732 1816 4800; x_wconf 90' lang='lat' dir='ltr'>sicut</span> <span class='ocrx_word' id='word_1_597' title='bbox 1831 4730 2033 4821; x_wconf 87' lang='lat' dir='ltr'>promisisti</span> <span class='ocrx_word' id='word_1_598' title='bbox 2048 4736 2090 4806; x_wconf 84' lang='lat' dir='ltr'>iu</span> <span class='ocrx_word' id='word_1_599' title='bbox 2104 4754 2177 4807; x_wconf 75' lang='lat' dir='ltr'>so!-</span> 
     </span>
     <span class='ocr_line' id='line_1_56' title="bbox 155 4817 2176 4923; baseline 0.007 -29"><span class='ocrx_word' id='word_1_600' title='bbox 155 4821 253 4894; x_wconf 89' lang='lat' dir='ltr'>hunc</span> <span class='ocrx_word' id='word_1_601' title='bbox 267 4847 405 4915; x_wconf 89' lang='lat' dir='ltr'>semper</span> <span class='ocrx_word' id='word_1_602' title='bbox 426 4823 632 4893; x_wconf 83' lang='lat' dir='ltr'>intueantur</span> <span class='ocrx_word' id='word_1_603' title='bbox 650 4824 782 4908; x_wconf 89' lang='lat' dir='ltr'>animi,</span> <span class='ocrx_word' id='word_1_604' title='bbox 813 4824 859 4893; x_wconf 91' lang='lat' dir='ltr'>ab</span> <span class='ocrx_word' id='word_1_605' title='bbox 877 4817 1143 4916; x_wconf 87' lang='lat' dir='ltr'>hocnunquam</span> <span class='ocrx_word' id='word_1_606' title='bbox 1194 4826 1296 4895; x_wconf 89' lang='lat' dir='ltr'>cionc</span> <span class='ocrx_word' id='word_1_607' title='bbox 1310 4820 1529 4917; x_wconf 90' lang='lat' dir='ltr'>prophetica:</span> <span class='ocrx_word' id='word_1_608' title='bbox 1557 4826 1708 4919; x_wconf 83' lang='lat' dir='ltr'>Propter</span> <span class='ocrx_word' id='word_1_609' title='bbox 1722 4854 1798 4916; x_wconf 88' lang='lat' dir='ltr'>me,</span> <span class='ocrx_word' id='word_1_610' title='bbox 1813 4845 1963 4923; x_wconf 86' lang='lat' dir='ltr'>propter</span> <span class='ocrx_word' id='word_1_611' title='bbox 1975 4858 2039 4906; x_wconf 88' lang='lat' dir='ltr'>me</span> <span class='ocrx_word' id='word_1_612' title='bbox 2051 4836 2176 4917; x_wconf 67' lang='lat' dir='ltr'>adea,</span> 
     </span>
     <span class='ocr_line' id='line_1_57' title="bbox 154 4923 2176 5020; baseline 0.007 -25"><span class='ocrx_word' id='word_1_613' title='bbox 154 4927 293 4996; x_wconf 86' lang='lat' dir='ltr'>deiicite</span> <span class='ocrx_word' id='word_1_614' title='bbox 314 4926 455 5014; x_wconf 84' lang='lat' dir='ltr'>oeulos,</span> <span class='ocrx_word' id='word_1_615' title='bbox 483 4925 544 4992; x_wconf 92' lang='lat' dir='ltr'>sed</span> <span class='ocrx_word' id='word_1_616' title='bbox 564 4923 708 4992; x_wconf 81' lang='lat' dir='ltr'>statuite</span> <span class='ocrx_word' id='word_1_617' title='bbox 727 4939 872 5015; x_wconf 86' lang='lat' dir='ltr'>propter</span> <span class='ocrx_word' id='word_1_618' title='bbox 895 4924 1010 5015; x_wconf 87' lang='lat' dir='ltr'>ipsum</span> <span class='ocrx_word' id='word_1_619' title='bbox 1034 4925 1142 5016; x_wconf 89' lang='lat' dir='ltr'>recipi</span> <span class='ocrx_word' id='word_1_620' title='bbox 1194 4938 1323 4996; x_wconf 88' lang='lat' dir='ltr'>utnon</span> <span class='ocrx_word' id='word_1_621' title='bbox 1339 4923 1573 5020; x_wconf 86' lang='lat' dir='ltr'>blasphemer.</span> <span class='ocrx_word' id='word_1_622' title='bbox 1606 4928 1666 5000; x_wconf 87' lang='lat' dir='ltr'>Tu</span> <span class='ocrx_word' id='word_1_623' title='bbox 1678 4928 1775 5001; x_wconf 88' lang='lat' dir='ltr'>Deus</span> <span class='ocrx_word' id='word_1_624' title='bbox 1790 4945 1934 5005; x_wconf 88' lang='lat' dir='ltr'>aeterne</span> <span class='ocrx_word' id='word_1_625' title='bbox 1947 4950 2176 5009; x_wconf 67' lang='lat' dir='ltr'>tenaceute!</span> 
     </span>
     <span class='ocr_line' id='line_1_58' title="bbox 153 5018 2176 5117; baseline 0.008 -22"><span class='ocrx_word' id='word_1_626' title='bbox 153 5039 274 5096; x_wconf 87' lang='lat' dir='ltr'>nostra</span> <span class='ocrx_word' id='word_1_627' title='bbox 290 5040 382 5097; x_wconf 63' lang='lat' dir='ltr'>votas</span> <span class='ocrx_word' id='word_1_628' title='bbox 410 5022 486 5093; x_wconf 92' lang='lat' dir='ltr'>lmo</span> <span class='ocrx_word' id='word_1_629' title='bbox 503 5018 600 5093; x_wconf 91' lang='lat' dir='ltr'>hunc</span> <span class='ocrx_word' id='word_1_630' title='bbox 616 5024 731 5114; x_wconf 89' lang='lat' dir='ltr'>aspice</span> <span class='ocrx_word' id='word_1_631' title='bbox 747 5040 962 5116; x_wconf 90' lang='lat' dir='ltr'>prostratum</span> <span class='ocrx_word' id='word_1_632' title='bbox 977 5027 1021 5096; x_wconf 89' lang='lat' dir='ltr'>ad</span> <span class='ocrx_word' id='word_1_633' title='bbox 1038 5028 1144 5117; x_wconf 79' lang='lat' dir='ltr'>pedes</span> <span class='ocrx_word' id='word_1_634' title='bbox 1193 5023 1387 5098; x_wconf 84' lang='lat' dir='ltr'>Ecclesiam</span> <span class='ocrx_word' id='word_1_635' title='bbox 1406 5028 1499 5099; x_wconf 89' lang='lat' dir='ltr'>inter</span> <span class='ocrx_word' id='word_1_636' title='bbox 1513 5042 1585 5099; x_wconf 86' lang='lat' dir='ltr'>tam</span> <span class='ocrx_word' id='word_1_637' title='bbox 1608 5031 1720 5102; x_wconf 84' lang='lat' dir='ltr'>multa</span> <span class='ocrx_word' id='word_1_638' title='bbox 1736 5046 1826 5103; x_wconf 87' lang='lat' dir='ltr'>tetra</span> <span class='ocrx_word' id='word_1_639' title='bbox 1841 5046 1877 5104; x_wconf 91' lang='lat' dir='ltr'>et</span> <span class='ocrx_word' id='word_1_640' title='bbox 1896 5030 2176 5111; x_wconf 74' lang='lat' dir='ltr'>horrendadel&#39;r</span> 
     </span>
     <span class='ocr_line' id='line_1_59' title="bbox 151 5124 2175 5233; baseline 0.007 -36"><span class='ocrx_word' id='word_1_641' title='bbox 151 5127 286 5197; x_wconf 88' lang='lat' dir='ltr'>aeterni</span> <span class='ocrx_word' id='word_1_642' title='bbox 295 5124 408 5194; x_wconf 71' lang='lat' dir='ltr'>Patris</span> <span class='ocrx_word' id='word_1_643' title='bbox 424 5126 462 5192; x_wconf 88' lang='lat' dir='ltr'>in</span> <span class='ocrx_word' id='word_1_644' title='bbox 477 5126 541 5194; x_wconf 87' lang='lat' dir='ltr'>illo</span> <span class='ocrx_word' id='word_1_645' title='bbox 558 5148 621 5194; x_wconf 87' lang='lat' dir='ltr'>suo</span> <span class='ocrx_word' id='word_1_646' title='bbox 637 5139 814 5215; x_wconf 87' lang='lat' dir='ltr'>postremo</span> <span class='ocrx_word' id='word_1_647' title='bbox 825 5149 948 5215; x_wconf 88' lang='lat' dir='ltr'>agone,</span> <span class='ocrx_word' id='word_1_648' title='bbox 969 5151 1048 5197; x_wconf 91' lang='lat' dir='ltr'>cum</span> <span class='ocrx_word' id='word_1_649' title='bbox 1063 5150 1142 5197; x_wconf 90' lang='lat' dir='ltr'>sus·</span> <span class='ocrx_word' id='word_1_650' title='bbox 1193 5128 1247 5197; x_wconf 87' lang='lat' dir='ltr'>ria</span> <span class='ocrx_word' id='word_1_651' title='bbox 1265 5129 1410 5215; x_wconf 92' lang='lat' dir='ltr'>mundi,</span> <span class='ocrx_word' id='word_1_652' title='bbox 1436 5129 1548 5219; x_wconf 87' lang='lat' dir='ltr'>regito</span> <span class='ocrx_word' id='word_1_653' title='bbox 1570 5142 1603 5199; x_wconf 90' lang='lat' dir='ltr'>et</span> <span class='ocrx_word' id='word_1_654' title='bbox 1622 5146 1775 5221; x_wconf 88' lang='lat' dir='ltr'>gestato,</span> <span class='ocrx_word' id='word_1_655' title='bbox 1800 5146 1834 5204; x_wconf 89' lang='lat' dir='ltr'>et</span> <span class='ocrx_word' id='word_1_656' title='bbox 1848 5135 1887 5204; x_wconf 94' lang='lat' dir='ltr'>in</span> <span class='ocrx_word' id='word_1_657' title='bbox 1905 5131 1964 5207; x_wconf 88' lang='lat' dir='ltr'>his</span> <span class='ocrx_word' id='word_1_658' title='bbox 1980 5139 2175 5233; x_wconf 70' lang='lat' dir='ltr'>ngioaibot</span> 
     </span>
     <span class='ocr_line' id='line_1_60' title="bbox 150 5224 2173 5333; baseline 0.006 -36"><span class='ocrx_word' id='word_1_659' title='bbox 150 5230 268 5298; x_wconf 87' lang='lat' dir='ltr'>tineus</span> <span class='ocrx_word' id='word_1_660' title='bbox 298 5231 387 5294; x_wconf 88' lang='lat' dir='ltr'>iram</span> <span class='ocrx_word' id='word_1_661' title='bbox 413 5224 478 5293; x_wconf 90' lang='lat' dir='ltr'>Dei</span> <span class='ocrx_word' id='word_1_662' title='bbox 509 5241 654 5317; x_wconf 90' lang='lat' dir='ltr'>propter</span> <span class='ocrx_word' id='word_1_663' title='bbox 682 5251 780 5312; x_wconf 90' lang='lat' dir='ltr'>mea,</span> <span class='ocrx_word' id='word_1_664' title='bbox 813 5239 893 5311; x_wconf 90' lang='lat' dir='ltr'>tua,</span> <span class='ocrx_word' id='word_1_665' title='bbox 925 5241 960 5297; x_wconf 89' lang='lat' dir='ltr'>et</span> <span class='ocrx_word' id='word_1_666' title='bbox 981 5229 1142 5299; x_wconf 87' lang='lat' dir='ltr'>omnium</span> <span class='ocrx_word' id='word_1_667' title='bbox 1193 5227 1260 5298; x_wconf 92' lang='lat' dir='ltr'>tibi</span> <span class='ocrx_word' id='word_1_668' title='bbox 1280 5231 1466 5324; x_wconf 88' lang='lat' dir='ltr'>reliquias,</span> <span class='ocrx_word' id='word_1_669' title='bbox 1500 5255 1591 5324; x_wconf 87' lang='lat' dir='ltr'>quae</span> <span class='ocrx_word' id='word_1_670' title='bbox 1610 5247 1646 5303; x_wconf 89' lang='lat' dir='ltr'>te</span> <span class='ocrx_word' id='word_1_671' title='bbox 1666 5257 1748 5304; x_wconf 87' lang='lat' dir='ltr'>vere</span> <span class='ocrx_word' id='word_1_672' title='bbox 1772 5236 1972 5325; x_wconf 83' lang='lat' dir='ltr'>celebrent,</span> <span class='ocrx_word' id='word_1_673' title='bbox 2006 5242 2173 5333; x_wconf 82' lang='lat' dir='ltr'>colligert</span> 
     </span>
     <span class='ocr_line' id='line_1_61' title="bbox 148 5326 1617 5420; baseline 0.003 -24"><span class='ocrx_word' id='word_1_674' title='bbox 148 5343 308 5420; x_wconf 89' lang='lat' dir='ltr'>peccata,</span> <span class='ocrx_word' id='word_1_675' title='bbox 333 5329 420 5395; x_wconf 91' lang='lat' dir='ltr'>adeo</span> <span class='ocrx_word' id='word_1_676' title='bbox 439 5326 648 5410; x_wconf 90' lang='lat' dir='ltr'>luctaretur,</span> <span class='ocrx_word' id='word_1_677' title='bbox 672 5352 752 5397; x_wconf 90' lang='lat' dir='ltr'>curn</span> <span class='ocrx_word' id='word_1_678' title='bbox 775 5328 923 5397; x_wconf 90' lang='lat' dir='ltr'>summis</span> <span class='ocrx_word' id='word_1_679' title='bbox 946 5331 1142 5399; x_wconf 88' lang='lat' dir='ltr'>terroribus</span> <span class='ocrx_word' id='word_1_680' title='bbox 1192 5350 1312 5416; x_wconf 86' lang='lat' dir='ltr'>serva,</span> <span class='ocrx_word' id='word_1_681' title='bbox 1344 5330 1470 5403; x_wconf 82' lang='lat' dir='ltr'>Amen.</span> <span class='ocrx_word' id='word_1_682' title='bbox 1522 5329 1617 5404; x_wconf 85' lang='lat' dir='ltr'>Dixi.</span> 
     </span>
     <span class='ocr_line' id='line_1_62' title="bbox 148 5429 1143 5521; baseline 0.004 -25"><span class='ocrx_word' id='word_1_683' title='bbox 148 5445 180 5496; x_wconf 89' lang='lat' dir='ltr'>et</span> <span class='ocrx_word' id='word_1_684' title='bbox 204 5430 407 5511; x_wconf 89' lang='lat' dir='ltr'>doloribus,</span> <span class='ocrx_word' id='word_1_685' title='bbox 438 5440 478 5497; x_wconf 90' lang='lat' dir='ltr'>ut</span> <span class='ocrx_word' id='word_1_686' title='bbox 504 5451 609 5498; x_wconf 88' lang='lat' dir='ltr'>cruor</span> <span class='ocrx_word' id='word_1_687' title='bbox 633 5443 708 5500; x_wconf 93' lang='lat' dir='ltr'>toto</span> <span class='ocrx_word' id='word_1_688' title='bbox 733 5429 809 5498; x_wconf 87' lang='lat' dir='ltr'>eius</span> <span class='ocrx_word' id='word_1_689' title='bbox 830 5452 981 5521; x_wconf 91' lang='lat' dir='ltr'>corpore</span> <span class='ocrx_word' id='word_1_690' title='bbox 1007 5430 1143 5516; x_wconf 88' lang='lat' dir='ltr'>flueret,</span> 
     </span>
    </p>
   </div>
   <div class='ocr_carea' id='block_1_14' title="bbox 0 0 2336 6022">
    <p class='ocr_par' dir='ltr' id='par_1_15' title="bbox 0 0 2336 6022">
     <span class='ocr_line' id='line_1_63' title="bbox 0 0 2336 6022; baseline 0 0"><span class='ocrx_word' id='word_1_691' title='bbox 0 0 2336 6022; x_wconf 95' lang='lat' dir='ltr'> </span> 
     </span>
    </p>
   </div>
  </div>
 </body>
</html>
