4620 6008
473 316 638 399 nach
675 317 754 395 DE
785 314 1191 399 antsror'snlt
1777 318 1854 395 att

127 493 231 578 aude,
257 494 356 613 quod
371 516 451 565 sero
465 495 661 567 admodum
676 496 804 566 docere
851 495 995 567 stoteles
1014 494 1123 567 rediit
1138 489 1319 583 Athenas,
1343 516 1386 565 ac
1398 488 1538 565 scholas
1559 486 1692 565 habere
1712 494 1846 589 coepit;

127 597 249 667 latone
279 597 362 666 vivo
392 620 468 668 non
496 593 623 669 habuit
653 593 803 672 scholas.
851 622 1005 694 cumque
1026 598 1163 670 videret
1184 622 1269 670 cum
1290 620 1413 669 rerum
1433 597 1579 669 scientia
1606 597 1846 692 eloquentiam

127 712 209 771 tant
234 693 430 771 honorilice
453 701 656 773 testimonia
678 699 802 773 Plato·
850 700 1138 791 coniungendam
1151 723 1247 787 esse,
1268 700 1590 786 matutinastudia‚
1613 723 1695 782 seu,
1718 714 1758 771 ut
1771 702 1846 792 ipse

127 802 255 892 rgenio.
324 801 483 874 Vocabat
505 805 603 873 enim
625 799 802 876 Aristote·
851 804 1062 875 nominabat
1083 796 1247 889 ἑῶθινα,
1281 804 1461 875 tribuebat
1484 750 1759 922 Philosophiae,
1783 827 1846 873 ve-

127 904 328 987 nveritatis,
349 920 383 976 et
399 929 609 999 comparans
624 931 705 977 eum
721 930 800 977 tum
852 906 1007 999 spertiua
1038 929 1101 977 seu
1129 902 1271 979 deltam
1292 900 1480 977 rhetoricis
1503 906 1689 977 exercitiis.
1742 904 1846 977 Unus

127 1002 302 1078 Aristoteli
322 1008 425 1079 freno
449 1031 539 1099 opus
561 1032 652 1095 esse,
678 1007 802 1080 Xeno·
851 1008 1014 1079 omnium
1031 1008 1182 1079 maxime
1194 1010 1286 1079 vidit
1302 1010 1547 1099 cognationem
1564 1009 1708 1079 artium.
1752 1004 1844 1077 Nam

176 1107 342 1178 licissim
365 1113 410 1179 de
429 1110 651 1202 Magistro
613 1114 683 1183 nasi
699 1135 800 1205 prae-
850 1107 1052 1208 Physicen
1041 1112 1196 1183 instituit
1212 1126 1247 1183 et
1262 1107 1436 1184 inchoata
1453 1110 1674 1202 geometricis
1691 1112 1842 1181 demon-

127 1210 335 1296 lristoteles,
369 1215 525 1284 tamdiu
547 1238 622 1284 non
645 1227 801 1309 putasset
851 1214 1096 1289 strationibus.
1162 1213 1248 1285 ldeo
1272 1237 1397 1285 omnes
1419 1228 1513 1285 artes
1535 1214 1726 1298 tractabat,
1758 1213 1846 1283 scri-

127 1311 324 1385 Dicitur
340 1315 446 1385 etiam
464 1314 604 1388 Platoni
622 1342 719 1389 aram
735 1342 801 1410 po·
851 1318 958 1389 bebat
977 1319 1022 1388 de
1043 1332 1171 1389 natura
1193 1342 1333 1404 recum,
1355 1319 1402 1387 de
1421 1317 1604 1401 moribus,
1629 1317 1707 1387 de
1697 1339 1845 1385 immor·

127 1441 234 1487 amma
265 1418 462 1502 addidisse,
495 1422 593 1513 qnod
615 1435 728 1505 extat,
759 1419 798 1488 in
852 1414 987 1491 talitate
1012 1420 1215 1490 animorum
1246 1433 1280 1492 et
1307 1421 1413 1490 rebus
1437 1419 1695 1491 coelestibus.-
1725 1416 1845 1491 Multa

150 1520 317 1589 laudibus
339 1533 443 1591 ornat
460 1520 658 1599 Platonem.
708 1520 799 1593 Nam
852 1523 1088 1614 componebat
1116 1524 1159 1593 ad
1182 1520 1449 1609 Alexandrum,
1480 1535 1521 1594 ut
1548 1522 1663 1593 victor
1683 1518 1845 1613 Respub.

127 1645 202 1692 rsus
224 1623 359 1695 indicat
379 1637 553 1718 quantum
572 1625 604 1696 ei
623 1624 800 1711 tribuerit,
852 1625 1010 1715 legibus,
1034 1625 1131 1708 iure,
1157 1625 1318 1711 iudiciis,
1344 1624 1533 1718 disciplina
1554 1624 1722 1695 muniret.
1773 1620 1845 1694 llic

852 1728 994 1821 scripsit
1016 1752 1142 1799 aureos
1165 1728 1246 1798 illos
1268 1729 1381 1801 libros
1396 1730 1441 1799 de
1457 1722 1608 1798 historia
1620 1726 1845 1811 animalium,

127 1849 186 1899 rent
200 1840 292 1898 talem
307 1841 384 1899 secla
399 1838 503 1901 futura
516 1842 625 1904 dmm.
853 1856 923 1927 qna
945 1831 984 1901 in
1008 1856 1046 1901 re
1069 1856 1144 1901 non
1166 1832 1284 1902 solum
1305 1830 1510 1903 Aristotelis
1531 1830 1717 1920 diligentia
1742 1828 1844 1898 miri-

132 1933 206 2002 ines
222 1934 377 2024 imperiti
391 1935 607 2007 simultatem
621 1931 799 2028 quandam
853 1936 934 2022 fica,
979 1936 1040 2005 sed
1073 1930 1180 2006 etiam
1211 1928 1408 2005 Alexandri
1438 1932 1631 2005 liberalitas
1665 1933 1845 2003 laudanda

127 2037 238 2105 essisse
256 2051 397 2127 putant,
422 2063 464 2107 eo
482 2040 577 2133 quod
591 2032 800 2108 Aristoteles
852 2053 913 2109 est.
962 2034 1054 2109 Nam
1077 2039 1113 2108 id
1135 2062 1279 2133 quoque
1302 2038 1437 2129 regium
1462 2050 1536 2123 est,
1559 2033 1740 2127 Rempub.
1757 2033 1846 2105 arti·

127 2140 221 2225 tl⁵lf⁰
244 2140 426 2225 dissentit,
453 2142 572 2233 isseph
596 2137 720 2233 opinio
738 2149 800 2205 eal·
852 2143 917 2212 bus
937 2154 972 2211 et
987 2139 1100 2210 literis
1117 2164 1257 2216 ornare.
1307 2138 1401 2213 Cum
1417 2140 1513 2210 enim
1531 2138 1679 2233 privatis
1695 2135 1846 2229 sumpti·

129 2256 165 2311 tu
181 2242 220 2309 in
237 2242 386 2312 dicenda
403 2244 577 2315 sententia
592 2264 695 2334 saepe
710 2238 799 2310 ami·
852 2245 918 2315 bus
946 2243 1122 2335 explorari
1150 2256 1296 2313 naturae
1324 2242 1562 2315 animantium
1591 2266 1666 2311 non
1689 2252 1846 2334 possent,

127 2344 250 2412 nsione
270 2347 475 2430 animorum,
489 2346 725 2426 dissentiunt,
750 2341 798 2411 ita
852 2347 946 2416 misit
961 2344 1165 2435 Alexander
1180 2341 1365 2419 Aristoteli
1383 2346 1584 2436 octingenta
1600 2344 1751 2428 talenta,
1775 2335 1845 2411 hoe

131 2448 161 2514 ri
179 2449 255 2515 sine
271 2449 460 2519 acerbitate
476 2451 679 2519 animorum
694 2444 798 2514 dissi·
851 2464 920 2535 est,
945 2450 1203 2543 quadringenta
1219 2464 1252 2521 et
1267 2449 1445 2539 octoginta
1461 2447 1574 2517 millia
1590 2459 1843 2516 {toronatorum

127 2549 283 2623 itlione&
342 2549 411 2620 Sed
434 2553 481 2621 (le
502 2547 567 2631 hac
586 2550 798 2643 opinionum
850 2555 895 2623 ad
919 2553 1169 2622 conducendos
1191 2565 1377 2622 venatores
1400 2566 1434 2622 et
1456 2550 1601 2621 alendas
1621 2548 1773 2631 bestias,
1803 2558 1845 2617 ut

127 2654 228 2743 paulo
252 2667 332 2743 post
353 2654 482 2724 dicam.
534 2653 618 2725 Post
640 2649 800 2723 Platonis
850 2678 975 2725 eorum
999 2667 1147 2726 naturae
1168 2653 1385 2725 considerari
1410 2665 1567 2775 possent.
1625 2646 1705 2722 Etsi
1726 2663 1844 2720 autem

127 2780 171 2823 ιιιι
197 2756 434 2826 celebraretur
453 2758 582 2827 domus
598 2752 800 2826 Aristotelis
850 2759 1023 2852 quaedam
1046 2757 1225 2848 praeclara
1246 2756 1375 2849 scripta
1397 2757 1474 2827 eius
1494 2755 1699 2850 perierunt,
1725 2766 1844 2823 tamen

127 2859 327 2939 ominibus,
354 2858 507 2927 incensis
524 2857 684 2929 discendi
698 2856 801 2948 cupi·
850 2860 1012 2930 existimo
1032 2884 1072 2929 ea
1086 2882 1177 2953 quae
1192 2859 1328 2953 reliqua
1343 2874 1444 2940 sunt,
1471 2882 1561 2953 qnae
1576 2858 1722 2951 quidem
1738 2848 1845 2925 scho-

137 2984 218 3028 eum
246 2955 435 3051 Philippus
451 2959 529 3032 Rex
547 2960 800 3043 Macedonum,
852 2962 896 3032 lis
916 2962 1070 3031 maxime
1092 2981 1173 3053 apta
1196 2974 1296 3047 sunt,
1329 2961 1502 3033 divinitus
1527 2974 1664 3031 servata
1687 2981 1780 3042 esse,
1803 2968 1846 3027 ut

127 3063 222 3130 min
249 3064 486 3153 disciplinam.
537 3062 652 3133 Porro
674 3062 745 3131 nisi
766 3074 798 3129 et
850 3066 1036 3157 posteritas
1056 3064 1187 3135 rectius
1208 3064 1327 3135 doceri
1351 3078 1480 3156 posset.
1530 3062 1723 3157 Postquam
1747 3058 1844 3131 enim

127 3189 215 3233 mres
245 3164 456 3236 Aristoteles
486 3162 566 3237 Rex
599 3161 800 3256 Philippus,
851 3168 888 3235 in
905 3164 1075 3251 Graecia,
1100 3180 1143 3236 ut
1156 3166 1214 3252 sn,
1239 3168 1454 3237 recentiores
1469 3160 1693 3256 Philosophi,
1718 3160 1845 3245 Stoici,

127 3271 158 3337 le
181 3269 333 3356 ingeniis
356 3269 514 3337 iudicare
536 3281 690 3359 poterat,
716 3290 799 3358 pro·
850 3265 1017 3361 Epicurei
1043 3281 1078 3340 et
1100 3264 1306 3337 Academici
1331 3283 1525 3360 coeperunt
1545 3267 1585 3335 in
1607 3265 1845 3339 admiratione

131 3395 186 3438 am
204 3373 235 3439 ei
253 3372 365 3439 filium
381 3384 500 3441 tantae
513 3370 587 3463 spei
604 3383 637 3439 et
651 3392 800 3459 genero—
850 3394 941 3454 esse,
973 3394 1054 3440 cum
1084 3370 1229 3463 quidem
1253 3370 1352 3463 pleni
1378 3370 1449 3441 sint
1472 3370 1689 3461 ineptiarum
1713 3389 1753 3437 ac
1774 3362 1843 3436 So·

131 3477 423 3542 commendasset.
478 3470 601 3567 ltaque
617 3467 687 3541 hoc
701 3470 799 3541 testi·
850 3468 1035 3564 phistices,
1068 3469 1231 3542 doctrina
1257 3472 1367 3542 veteri
1391 3497 1432 3542 ac
1454 3472 1649 3542 eruditiore
1674 3468 1844 3559 neglecta,

127 3575 152 3643 si
182 3578 226 3643 de
250 3573 441 3645 Aristotele
470 3575 718 3666 gravissimum
749 3585 800 3643 est
849 3575 978 3667 scripta
995 3570 1198 3643 Aristotelis
1219 3574 1488 3645 excutiebantur
1509 3572 1678 3644 studiosis
1699 3573 1745 3641 de
1767 3593 1844 3639 rna-

127 3677 152 3745 le
166 3679 240 3768 ipse
254 3679 397 3771 quidem
413 3681 590 3763 alumnus,
616 3701 697 3747 cum
712 3682 801 3745 esset
849 3677 976 3762 uibus,
1000 3690 1034 3747 et
1057 3677 1142 3746 libri
1160 3676 1199 3745 in
1217 3672 1444 3748 bibliothecis
1461 3700 1656 3770 paucorum
1672 3686 1845 3745 vetustate

127 3805 151 3848 0
169 3780 331 3867 ingenio
358 3794 542 3872 tantopere
555 3793 701 3850 amasset
718 3776 802 3847 Ma·
849 3795 884 3851 et
897 3804 991 3850 carre
1008 3780 1326 3867 consumebantur3
1353 3804 1392 3852 ac
1405 3792 1526 3851 tantus
1538 3774 1727 3850 thesaurus
1741 3799 1845 3869 pror·

127 3886 197 3951 ead
211 3884 410 3951 doctrinam
426 3885 644 3954 adiunxisset
658 3904 798 3950 morum
848 3906 908 3954 sus
921 3882 1101 3976 periisset,
1127 3882 1194 3951 nisr
1185 3882 1331 3976 Syllae
1346 3882 1518 3954 foelicitas
1534 3882 1638 3952 nobis
1652 3875 1740 3949 haec
1754 3899 1844 3971 quae

127 3987 236 4055 uavit
237 4001 328 4054 ·.tem
381 3985 493 4078 Saepe
514 4000 632 4055 autem
658 3976 801 4077 praedi·
848 3981 1040 4069 habemus,
1074 3984 1210 4078 reliqua
1232 3986 1381 4058 fecisset.
1449 3983 1484 4053 ls
1506 3986 1602 4053 enim
1624 3975 1844 4053 bibliotheca

127 4112 199 4172 ,se
224 4113 296 4156 non
320 4113 418 4158 secus
435 4112 553 4157 amare
571 4087 798 4156 Aristotelem
850 4089 887 4156 in
907 4088 1003 4158 bello
1019 4102 1139 4179 parta,
1161 4086 1261 4182 (nam
1278 4088 1365 4156 olim
1385 4084 1619 4177 imperatores
1633 4081 1726 4156 hanc
1742 4107 1844 4176 prae·

129 4192 204 4260 nsit
225 4204 342 4258 autem
368 4188 578 4260 Aristoteles
601 4190 695 4282 apud
712 4185 800 4258 Ale-
848 4191 943 4273 darn,
966 4204 1007 4261 ut
1021 4190 1115 4259 bona
1130 4189 1257 4279 senpta
1271 4204 1454 4261 servarent
1469 4214 1622 4259 maxume
1636 4180 1844 4280 captabant)

137 4294 280 4365 circiter
303 4307 401 4378 octo,
442 4318 513 4387 quo
536 4305 696 4382 tempore
717 4314 797 4360 cum
848 4315 930 4362 curn
958 4304 1072 4361 essent
1097 4291 1150 4363 ibi
1171 4290 1285 4362 multa
1310 4288 1512 4362 Aristotelis
1532 4293 1741 4381 volumina,
1780 4288 1843 4357 sed
1962 4336 1966 4347 .

127 4422 163 4466 re
195 4409 311 4485 partes
344 4396 374 4465 ei
403 4396 572 4479 tradidit,
611 4407 690 4465 tum
713 4415 799 4462 vero
849 4417 938 4487 pene
959 4393 1168 4478 obliterata,
1192 4394 1331 4465 curavit
1352 4394 1545 4489 undique
1534 4420 1573 4464 ιιι
1594 4391 1744 4464 Graecia
1766 4389 1842 4459 eius

127 4514 252 4567 artern.
306 4495 425 4590 Atque
445 4493 538 4567 hac
526 4520 565 4565 m
581 4520 620 4565 re
635 4518 709 4565 non
724 4506 799 4566 tam
848 4496 984 4567 autoris
999 4496 1289 4588 lihrosronquiri
1304 4500 1556 4568 etemendatos
1571 4498 1618 4568 ab
1631 4490 1842 4567 Andronico

127 4602 257 4672 totalis
283 4600 531 4670 admirandam
554 4617 661 4692 pasto,
701 4600 797 4691 quod
849 4597 1083 4690 publicavit.
1131 4596 1184 4668 lta
1213 4600 1514 4693 quemadmodum
1542 4600 1627 4667 vivo
1657 4592 1843 4667 Aristoteli

127 4704 198 4771 lire
215 4701 360 4790 Regem,
385 4727 498 4772 unum
515 4702 678 4771 omnium
694 4700 799 4788 longe
848 4701 981 4770 amicus
1000 4699 1069 4770 luit
1089 4696 1229 4791 Regum
1251 4723 1432 4787 summus,
1463 4702 1512 4772 ita
1535 4722 1626 4791 pene
1648 4698 1843 4769 extinctum

133 4819 208 4891 ,et
227 4830 332 4897 quem
346 4805 416 4873 fata
433 4805 505 4872 ad'
496 4806 685 4895 smperium
700 4802 799 4871 orbis
849 4802 1025 4872 revocavit
1048 4802 1089 4871 in
1104 4802 1219 4873 lucem
1236 4826 1395 4873 summus
1412 4818 1446 4875 et
1458 4802 1709 4873 soelicissimus
1724 4798 1843 4891 lmpe-

127 4924 191 4988 ιιι,
218 4932 323 4999 quam
341 4908 567 4995 prudentiam
582 4905 798 4976 laudandam
848 4917 945 4975 rator
969 4904 1081 5001 Sylla.
1129 4900 1264 4975 Extant
1284 4919 1405 4978 tamen
1424 4902 1540 4975 adhuc
1563 4904 1709 4996 vestigia
1733 4901 1842 4975 huius

127 5013 177 5080 od
205 5036 245 5078 ea
269 5010 416 5078 tradidit
439 5008 674 5091 adolescenti,
708 5031 798 5101 quae
847 5008 1075 5093 calamitatis,
1100 5007 1139 5077 in
1162 5002 1220 5077 his
1238 5008 1340 5079 libris
1356 5008 1419 5103 qni
1435 5007 1565 5102 reliqui
1579 5021 1683 5093 sunt,
1703 5009 1742 5079 ἱιι
1759 5005 1842 5100 qui-

131 5126 256 5183 turam
291 5114 466 5184 flexerunt
497 5114 542 5180 ad
577 5110 798 5192 suavitatem,
847 5112 914 5180 bns
943 5124 1088 5203 apparet
1118 5110 1251 5181 alicubi
1281 5111 1464 5181 mutilatas
1492 5132 1565 5181 esse
1599 5108 1839 5181 sententiolas.

127 5216 256 5306 sitreg
237 5218 356 5284 nanti
374 5238 504 5303 magno
520 5214 599 5283 usui
616 5228 652 5284 et
667 5234 797 5301 magno
847 5210 961 5282 Porro
984 5225 1156 5283 renovato
1180 5211 1390 5297 Aristotele,
1431 5212 1602 5304 paulatim
1626 5213 1841 5285 recentiores

176 5318 236 5389 Sic
263 5320 357 5387 enim
380 5319 429 5387 art
444 5314 664 5387 Alexander
690 5314 798 5384 malle
846 5326 969 5384 sectae
983 5314 1111 5403 frigere
1126 5328 1336 5407 coeperunt,
1361 5338 1442 5385 cum
1459 5338 1496 5385 se
1510 5311 1549 5385 hr
1565 5342 1628 5411 qur
1617 5316 1840 5409 pluremum

127 5423 337 5512 mimperir
329 5419 602 5509 magnitudine
619 5416 798 5488 excellere.
846 5438 999 5505 ingenus
1014 5417 1208 5508 pollebant
1229 5416 1338 5488 retem
1353 5418 1536 5491 doctrinae
1549 5420 1730 5489 dederent.
1768 5412 1841 5486 Sed

127 5516 338 5598 lexander·
328 5548 366 5591 ιιι
383 5520 506 5597 Asiam
521 5521 670 5593 traiecit.
709 5514 797 5590 Ari·
845 5520 953 5591 redeo
969 5520 1014 5589 ad
1032 5514 1217 5590 historiam
1234 5518 1340 5591 vitae.
