4664 6022
164 282 258 364 tat‘
654 283 816 361 DECL.
851 285 925 361 ΒΕ
950 285 1189 363 STUDllS
1219 268 1722 365 ADOLESCENTUM.
2134 306 2208 379 182

147 483 263 554 prope
278 461 387 532 etiam
399 461 613 552 probrosum
628 459 674 531 sit
687 462 782 552 apud
797 460 887 535 istos
899 460 1066 533 lurcones
1081 460 1155 532 dici
1204 456 1314 527 trium
1338 468 1374 528 et
1396 472 1639 550 pervetustum
1661 456 1936 534 Academiarum
1957 490 2113 559 morem,
2138 501 2203 550 nec

149 563 317 635 sobrium
335 564 524 635 etsiccum.
568 561 639 633 Sed
651 586 718 632 vos
733 564 854 634 audite
868 584 990 633 vocem
1007 577 1154 637 naturae
1204 560 1282 629 sine
1306 560 1514 650 gravissimo
1538 561 1688 631 consilio
1716 565 1962 639 a·maioribus
1989 572 2203 668 institutum,

149 665 310 759 optimae
328 667 499 757 parentis,
525 689 631 758 quam
647 665 706 735 isti
722 668 913 756 degeneres
926 665 993 735 filii
1007 668 1153 758 adsper-
1202 675 1409 733 revocatum
1424 687 1464 732 ac
1480 677 1656 733 retentum
1671 681 1852 758 cuperent.
1887 667 2200 758 Quemadmodum

148 779 306 852 nentur,
331 793 372 837 ea
386 790 449 838 vos
466 769 510 838 ad
527 767 751 838 sobrietatem
767 781 888 852 vocat,
907 781 1011 839 vocat
1027 771 1151 840 eodem
1200 765 1298 833 enim
1328 764 1455 854 primis
1483 764 1557 835 illis
1585 759 1789 838 schedarum
1810 775 2019 860 parentibus
2041 803 2201 854 necessa-

146 884 181 943 et
196 870 353 941 verbum
366 868 453 956 Dei,
478 869 633 941 invitant
654 870 817 940 omnium
841 872 1021 942 meorum
1038 896 1079 941 ac
1095 894 1151 941 sa-
1199 867 1293 939 rium
1312 867 1428 937 visum
1450 881 1518 954 est,
1552 862 1637 939 haec
1667 871 1826 941 examina
1850 887 1885 943 et
1917 875 2077 951 discendi
2100 886 2200 955 ordi·

146 997 280 1045 norum
313 966 501 1045 hominum
525 972 645 1042 fidelia
665 984 773 1066 atque
786 972 993 1064 gravissima
1015 973 1150 1046 monita
1197 993 1281 1038 nem
1303 968 1508 1056 instituere,
1541 971 1590 1039 ita
1615 973 1728 1041 nostri
1758 989 2000 1066 praeceptores
2027 977 2090 1054 has
2116 1011 2197 1060 suas

148 1090 181 1147 et
201 1087 408 1168 praecepta.
467 1073 507 1146 Si
539 1097 623 1165 ergo
647 1075 749 1145 vobis
783 1076 884 1145 cordi
907 1086 959 1144 est
981 1075 1148 1147 valetudo
1198 1095 1271 1140 esse
1295 1085 1411 1163 partes
1434 1072 1703 1158 iudicaverunt,
1736 1100 1880 1167 operam
1897 1080 2001 1168 dare,
2035 1093 2195 1182 nequod

149 1190 260 1249 vestra
279 1191 317 1251 et
332 1179 446 1262 salus,
469 1200 577 1270 quam
598 1200 704 1247 nemo
724 1199 830 1249 sanae
850 1176 980 1247 mentis
1004 1200 1149 1271 compos
1196 1174 1265 1246 tale
1289 1174 1445 1243 exercitii
1472 1198 1582 1264 genus
1605 1176 1645 1244 in
1664 1171 1783 1247 schola
1805 1181 2082 1274 desideraretur,
2108 1195 2193 1263 etsi

155 1304 311 1375 unquam
342 1281 600 1372 proiiciendam
630 1278 787 1365 censuit,
822 1280 853 1351 si
881 1280 998 1351 studia
1021 1294 1147 1366 vestra,
1195 1275 1283 1369 quid
1299 1300 1340 1345 ex
1358 1270 1415 1345 bis
1430 1278 1474 1345 ad
1499 1291 1634 1369 lemP⁰⁸
1650 1279 1931 1373 prolapsumaul
1948 1287 2189 1364 intermissum

150 1406 236 1479 qnae
252 1405 341 1452 sane
358 1385 490 1455 debent
505 1405 578 1451 esse
593 1383 785 1467 carissima,
810 1382 840 1450 si
858 1383 970 1453 virtus
985 1379 1148 1454 ethone-
1193 1378 1304 1463 foret,
1337 1391 1378 1448 ut
1402 1378 1439 1448 id
1470 1402 1610 1449 rursum
1640 1383 1913 1471 instauraretur,
1952 1404 1987 1459 et
2016 1409 2190 1486 quantum

146 1498 232 1571 ιω,
255 1485 288 1555 ci
310 1485 466 1579 deniqne
486 1484 597 1575 pietas
622 1508 662 1554 ac
686 1485 780 1555 salus
794 1484 996 1555 animarum
1010 1500 1146 1556 vestra·
1194 1480 1270 1551 eius
1286 1481 1361 1550 fieri
1377 1495 1511 1572 posset,
1533 1497 1812 1560 conservaretur.
1864 1488 2028 1579 Quorum
2043 1519 2190 1570 nosen-

144 1612 248 1672 mm,
274 1588 478 1678 cogitabitis
502 1582 557 1657 his
579 1587 747 1656 omnibus
769 1581 864 1657 nihil
886 1610 961 1657 esse
984 1587 1145 1659 infestius
1194 1582 1372 1653 toritatem
1394 1585 1523 1668 secuti,
1548 1609 1622 1656 non
1645 1586 1848 1659 curiositate
1872 1595 2045 1683 quadam,
2072 1623 2188 1694 neque

143 1691 332 1765 ebrietate.
381 1689 421 1762 Si
443 1714 527 1761 vero
550 1689 705 1781 aliquem
729 1683 816 1759 haec
840 1704 892 1761 tot
908 1691 1144 1762 tamsanctis-
1192 1685 1288 1755 enim
1305 1686 1354 1755 ita
1371 1686 1449 1755 ocio
1468 1688 1711 1775 abundamus,
1735 1713 1801 1759 nec
1817 1708 1963 1785 propter
1978 1706 2188 1773 ostentatio-

143 1794 231 1864 sima
255 1793 406 1863 nomina
429 1787 522 1861 nihil
546 1806 709 1872 movent,
736 1792 766 1861 is
788 1793 833 1861 ad
855 1814 979 1863 eorum
1005 1816 1144 1883 gregem
1191 1811 1275 1856 nem
1297 1801 1359 1857 aut
1380 1789 1633 1875 ambitionem,
1658 1814 1738 1860 cum
1762 1809 1884 1865 nostra
1905 1799 2058 1871 tenuitas
2082 1807 2188 1875 nobis

143 1896 315 1991 pertinet,
340 1897 385 1965 de
400 1895 531 1989 quibus
546 1919 566 1963 a
582 1917 639 1962 me
654 1894 726 1963 iam
738 1894 873 1963 dictum
890 1908 961 1979 est,
987 1919 1052 1964 nec
1067 1919 1143 1965 mea
1191 1914 1266 1959 non
1289 1890 1336 1960 sit
1356 1889 1494 1981 ignota,
1517 1893 1579 1961 sed
1602 1907 1642 1964 ut
1662 1894 1808 1965 utilitati
1830 1891 1971 1970 scholae
1992 1917 2025 1974 et
2046 1905 2187 1976 discen-

142 1998 309 2071 oratione
326 1998 448 2069 mitior
463 1997 534 2070 liet.
568 1993 726 2066 Gravius
744 1998 840 2065 enim
864 1992 1065 2066 hocmorbi
1083 2019 1144 2087 ge-
1190 1992 1281 2064 tium
1304 1994 1501 2063 commodis
1523 2019 1588 2086 pro
1612 2010 1732 2066 nostra
1752 1997 1847 2067 virili
1870 2017 1968 2093 parte
1984 2009 2187 2080 consulere-

142 2125 210 2173 nus
226 2113 303 2185 est,
332 2125 439 2193 quam
454 2114 494 2171 ut
508 2098 632 2169 multis
646 2097 815 2191 anticyris
831 2093 1010 2169 exhaustis
1025 2101 1143 2170 sanari
1191 2117 1286 2174 mus,
1310 2088 1379 2162 hoc
1402 2096 1557 2165 officium
1578 2099 1718 2188 publice
1740 2106 1975 2191 promovendi
1993 2108 2187 2181 Bacealau-

141 2204 266 2299 possit.
319 2198 484 2273 Christos
507 2214 643 2270 mentes
668 2214 806 2270 nostras
829 2225 894 2292 pro
917 2225 979 2271 sua
1003 2202 1142 2273 infinita
1189 2219 1268 2267 reos
1279 2196 1484 2266 liberalium
1501 2199 1630 2269 artium
1645 2203 1872 2293 suscepimus.
1901 2196 2076 2296 Quamvis
2088 2215 2185 2285 enim

141 2307 307 2379 bonitate
330 2307 521 2394 gubernet,
545 2317 579 2373 et
601 2306 646 2373 ab
667 2298 734 2373 bac
749 2304 937 2373 execrabili
951 2317 1057 2397 atque
1073 2306 1143 2375 im·
1190 2293 1248 2367 hic
1275 2299 1412 2391 primus
1438 2303 1568 2388 gradus
1589 2302 1707 2372 verius
1731 2307 1879 2394 puerilis
1898 2310 2043 2401 quidam
2067 2314 2186 2404 ludus,

141 2410 199 2503 pia
227 2403 405 2479 heluandi
431 2406 706 2486 consuetudine,
744 2406 789 2474 ad
815 2407 1063 2492 sobrietatem,
1097 2409 1140 2478 ad
1190 2424 1295 2495 quam
1319 2425 1375 2471 res
1398 2401 1489 2471 seria
1513 2403 1627 2473 videri
1648 2405 1775 2496 possit,
1800 2432 1867 2478 usu
1887 2423 2005 2481 tamen
2024 2426 2186 2509 comper-
2291 2410 2297 2421 ”

140 2511 402 2605 poenitentiam
432 2534 472 2580 ac
502 2510 666 2601 pietatem
699 2507 816 2578 flectat
841 2522 946 2602 atque
971 2509 1142 2581 traducat.
1190 2518 1266 2574 tum
1291 2517 1368 2593 est„
1389 2518 1522 2575 tantam
1544 2506 1620 2583 eins
1642 2507 1832 2578 utilitatem
1851 2535 1943 2598 esse,
1969 2531 2100 2587 utnon
2122 2545 2185 2611 pa-

142 2614 238 2689 Dffi·
1189 2630 1269 2676 rum
1282 2608 1327 2675 ad
1345 2606 1500 2676 officium
1515 2622 1550 2678 et
1564 2609 1668 2678 fidem
1683 2634 1807 2679 eorum
1825 2615 1888 2705 qui
1902 2632 2083 2706 praesunt,
2104 2646 2186 2712 per-

1190 2709 1302 2780 tinere
1326 2709 1506 2795 videatur,
1539 2735 1683 2801 operam
1706 2713 1810 2798 dare,
1841 2729 1882 2786 nt
1906 2719 1944 2785 in
1966 2713 2086 2791 schola
2110 2748 2185 2794 non

768 2898 773 2907 .
1188 2812 1382 2882 retineatur
1405 2812 1533 2894 modo,
1567 2816 1628 2883 sed
1653 2828 1687 2884 et
1708 2840 1816 2908 quam
1839 2820 1990 2890 maxime
2012 2823 2128 2911 vigeat
2144 2850 2185 2897 ac

153 2940 222 3015 No·
240 2943 306 3013 22,
927 2945 994 3024 (m.
1006 2942 1142 3024 1529.?)
1188 2916 1445 3008 frequentetur.
1495 2913 1587 2984 Nam
1603 2917 1758 3008 primum
1782 2919 1814 2988 si
1832 2923 2067 3012 spectabimus
2084 2928 2185 2999 utili-

153 3036 326 3069 Μ
961 3035 1133 3065 ‘A‘
1189 3018 1315 3102 tatem,
1341 3041 1448 3109 quam
1471 3017 1574 3087 affert
1595 3021 1814 3091 consuetodo
1838 3025 2060 3113 examinum,
2082 3055 2186 3121 prae-

300 3137 306 3147 ·
317 3107 394 3193 De
422 3110 589 3197 studiis
610 3112 967 3197 adolescentum.
1187 3120 1309 3190 sertim
1333 3113 1417 3189 hnic
1438 3120 1561 3205 aetati,
1588 3121 1626 3189 in
1649 3123 1751 3192 cuius
1766 3126 1954 3219 praecipue
1978 3131 2127 3219 gratiam
2145 3133 2185 3201 hi

212 3266 296 3341 apat
310 3268 387 3322 0¹²¹·
400 3267 472 3336 Myt.
490 3287 514 3340 Ρ·
527 3268 580 3322 487
590 3289 667 3341 “tta
686 3270 713 3323 iu
727 3263 880 3323 Declamas.
895 3267 929 3320 Τ.
941 3265 962 3318 t.
998 3265 1097 3332 .486.,
1113 3264 1141 3319 ᾗ,
1188 3222 1293 3314 primi
1309 3225 1438 3322 gradus
1452 3222 1607 3293 instituti
1624 3239 1724 3309 sunt,
1746 3237 1879 3297 tantam
1894 3252 1969 3298 eam
1988 3236 2186 3326 comperie-

246 3336 370 3393 semu.
385 3337 419 3394 Τ.
433 3338 456 3391 t.
470 3339 566 3410 psas.
581 3350 606 3392 er
619 3359 662 3410 ap.
676 3339 806 3394 Richard.
821 3337 854 3390 Τ.
865 3337 885 3393 t.
907 3356 934 3408 p.
945 3284 1005 3389 tol.
1184 3348 1284 3408 mus,
1309 3337 1351 3393 ut
1375 3325 1474 3393 nulla
1490 3324 1644 3414 amplior
1665 3349 1731 3397 nec
1751 3329 1896 3399 uberior
1913 3331 1951 3399 in
1966 3328 2085 3404 schola
2103 3361 2187 3426 pos-

1188 3426 1233 3495 sit
1256 3448 1340 3496 esse.

1290 3525 1424 3615 Quanti
1452 3526 1546 3595 enim
1571 3530 1694 3613 refert,
1721 3534 1817 3623 qnod
1841 3522 2002 3604 examina
2023 3539 2185 3609 discendi

1189 3652 1311 3699 curam
1343 3644 1494 3715 acuunt,
1526 3631 1704 3712 studium,
1737 3634 1958 3722 vigilantiam
1988 3662 2029 3707 ac
2050 3641 2185 3712 sollici-

1188 3732 1351 3802 tudinem
1368 3745 1514 3823 augent,
1540 3735 1633 3803 etad
1652 3735 1774 3805 omnia
1790 3761 1880 3830 quae
1895 3741 2087 3813 traduntur
2101 3744 2185 3814 dili-

142 3822 349 3911 Mirabitur
364 3837 512 3906 fortasse
529 3835 680 3928 aliquis,
707 3836 793 3928 quid
812 3834 917 3903 nobis
933 3833 970 3900 in
988 3844 1141 3901 mentem
1189 3835 1327 3924 gentius
1356 3835 1577 3904 observanda
1605 3860 1645 3905 ae
1675 3838 1905 3928 perdiscenda
1935 3843 2123 3914 alacriores
2151 3862 2186 3917 et

142 3939 300 4022 venerit,
324 3951 365 4008 ut
380 3932 477 4007 hunc
493 3962 628 4007 morem
647 3937 788 4028 publice
804 3935 1018 4006 decernendi
1033 3935 1141 4004 istum
1190 3937 1409 4008 excitatiores
1426 3939 1593 4008 reddunt.
1626 3936 1759 4010 Metuit
1774 3941 1870 4010 enim
1887 3967 1952 4035 pro
1970 3968 2007 4013 se
2023 3947 2186 4041 quisque,

142 4042 301 4135 primum
327 4034 577 4110 scholasticum
602 4042 769 4129 gradum,
796 4052 849 4110 tot
872 4039 941 4107 iam
964 4061 1140 4106 annorum
1190 4064 1235 4108 ne
1252 4040 1337 4132 quid
1355 4063 1391 4108 se
1405 4040 1534 4129 fugiat,
1560 4042 1657 4133 quod
1672 4055 1792 4112 tenere
1808 4059 1979 4136 oporteat.
2034 4047 2129 4119 Tum
2146 4066 2186 4122 ut

143 4145 262 4237 spacio
294 4142 534 4212 intermissum
562 4166 602 4211 ac
626 4142 725 4211 velut
751 4143 947 4220 exoletum,
985 4134 1053 4209 hoc
1078 4163 1142 4230 po·
1190 4143 1387 4213 accuratius
1407 4143 1666 4235 perfectiusque
1690 4145 1810 4215 omnia
1833 4148 1985 4219 excutiat
2000 4175 2039 4220 ac
2062 4176 2187 4244 perve-

144 4248 321 4319 tissimum
344 4259 502 4336 tempore
531 4246 567 4312 in
598 4238 755 4313 scholam
782 4266 1041 4315 revocaremus.
1096 4237 1144 4310 Et
1190 4244 1311 4333 stiget,
1337 4247 1458 4314 eadem
1477 4238 1562 4313 baec
1580 4245 1784 4316 sollicitudo
1798 4249 1977 4337 stimulat,
2003 4278 2082 4322 cum
2099 4256 2187 4326 sciat

143 4351 234 4422 forte
251 4371 327 4417 non
339 4349 490 4417 deerunt
504 4348 565 4439 qui
583 4347 772 4417 consilium
791 4341 857 4415 hac
872 4346 911 4413 in
926 4369 964 4414 re
980 4357 1141 4415 nostrum
1190 4346 1261 4416 sibi
1281 4347 1401 4415 omnia
1425 4347 1554 4415 dictata
1585 4348 1767 4418 reddenda
1790 4350 1830 4418 in
1853 4354 2012 4422 examine
2044 4370 2078 4426 et
2106 4380 2188 4447 per-

143 4452 355 4526 ntociosam
372 4444 606 4547 περιεργίαν,
634 4450 691 4517 vel
709 4450 852 4518 inanem
870 4447 1141 4517 ostentationem
1191 4450 1311 4540 spicue
1330 4448 1535 4539 explicanda
1554 4473 1638 4518 esse.
1689 4447 1759 4520 llic
1780 4469 1895 4524 metus
1918 4457 2110 4525 acerrimus
2135 4472 2186 4527 est

147 4556 370 4638 irridebunt,
396 4553 526 4646 quihus
552 4553 591 4620 in
613 4552 812 4643 praesentia
830 4547 923 4620 nihil
939 4549 1066 4620 attinet
1088 4573 1143 4618 re·
1192 4543 1437 4648 tpyodmixme
1462 4551 1507 4618 ad
1529 4551 1689 4621 discendi
1704 4553 1883 4634 laborem,
1909 4580 1949 4624 ac
1965 4557 2187 4644 vigilantiam

146 4658 340 4752 spondere,
365 4679 446 4725 cum
464 4654 551 4722 viris
577 4650 734 4723 honestis
756 4678 796 4723 ac
817 4647 1143 4745 prudentibus;hoc
1193 4653 1329 4722 animos
1354 4655 1550 4722 accendens
1572 4677 1791 4748 urgensque,
1817 4657 1928 4748 quisi
1953 4659 2062 4743 absit,
2088 4662 2188 4730 vide·

146 4772 308 4833 nostrum
328 4757 531 4827 institutum
550 4757 695 4849 probari
713 4781 787 4826 non
804 4757 1020 4827 dubitemus.
1073 4753 1144 4824 Sed
1193 4779 1272 4824 mos
1290 4779 1396 4848 quam
1424 4755 1552 4843 frigide
1575 4779 1616 4825 ac
1639 4758 1875 4827 somniculose
1898 4760 2013 4828 studia
2035 4776 2189 4833 tracten-

146 4878 265 4937 tamen
276 4874 316 4931 ut
329 4860 567 4929 adolescentes
579 4873 613 4928 et
626 4861 669 4928 de
682 4861 795 4949 gradu
811 4859 887 4949 ipso
904 4853 1143 4926 honorilicen-
1192 4871 1267 4942 tur3
1311 4881 1435 4926 verum
1465 4857 1666 4926 examinum
1691 4884 1774 4929 cura
1803 4873 1837 4930 et
1865 4859 2069 4934 sollicitudo
2094 4869 2189 4958 apud

147 4966 217 5038 tius
232 4962 410 5043 sentiant,
435 4974 469 5031 et
483 4955 570 5031 haec
585 4963 702 5032 studia
724 4961 833 5051 magis
848 4974 980 5042 ament,
1005 4983 1045 5029 ac
1063 4958 1144 5049 plu·
1193 4960 1347 5052 aliquem
1371 4961 1566 5043 excubans,
1599 4983 1673 5028 nou
1695 4961 1782 5029 sinit
1805 4983 1886 5029 cum
1917 4962 2191 5051 obdormiscere,

148 5070 197 5139 ris
224 5066 390 5138 facienda
415 5065 567 5149 ducant,
601 5063 823 5134 decrevimus
849 5078 1000 5155 utraque
1027 5060 1145 5142 dere,
1193 5063 1254 5131 sed
1278 5061 1528 5152 expergefacit,
1553 5085 1594 5130 ac
1609 5061 1708 5132 velut
1723 5061 1867 5132 sedulus
1890 5075 1925 5132 et
1939 5086 2018 5136 acer
2038 5071 2191 5162 paterfa-

149 5192 277 5262 nempe
292 5169 337 5238 de
353 5162 422 5236 hoc
436 5168 549 5255 gradu
574 5179 608 5236 et
624 5166 776 5237 utilitate
791 5164 1014 5249 examinum,
1041 5176 1146 5256 atque
1194 5163 1311 5232 milias
1324 5165 1434 5234 instat
1450 5175 1484 5232 et
1501 5176 1621 5253 urget,
1645 5176 1686 5232 ut
1703 5187 1805 5234 suum
1823 5164 2022 5238 studiorum
2042 5194 2191 5262 pensum

148 5274 192 5343 tle
205 5270 266 5342 his
280 5269 405 5362 primis
419 5268 555 5339 artibus
573 5269 692 5359 paucis
706 5269 744 5336 in
759 5262 827 5337 hoc
837 5289 1003 5336 consessu
1017 5264 1147 5335 dicere.
1194 5264 1384 5357 persolvat.
1437 5261 1667 5356 Quapropter
1687 5259 1773 5333 haec
1797 5289 1838 5334 ex
1852 5268 1975 5338 multis
1991 5273 2104 5342 causis
2119 5295 2191 5342 una

149 5371 230 5446 Non
251 5371 350 5444 enim
375 5370 468 5443 leves
490 5384 550 5440 attt
581 5371 811 5461 negligendae
839 5370 986 5439 fuerunt
1014 5391 1148 5452 causae,
1194 5368 1264 5438 fuit
1287 5366 1468 5436 veteribus
1490 5365 1704 5437 instituendi
1727 5367 1886 5437 examina
1912 5384 1947 5439 et
1974 5375 2120 5460 gradus,
2152 5385 2194 5442 ut

153 5500 240 5569 qnae
255 5473 353 5547 viros
367 5475 480 5544 bonos
494 5496 534 5542 ae
551 5474 674 5543 doctos
687 5483 889 5556 moverunt,
914 5485 955 5541 ut
971 5463 1067 5541 hunc
1084 5494 1148 5563 pa·
1168 5506 1173 5569 Ι
1196 5466 1253 5541 his
1273 5467 1370 5539 velut
1395 5466 1594 5643 calcqrzilqns
1625 5466 1816 5539 incitarent
1842 5470 2026 5542 discentes.
2082 5471 2195 5547 Recte

156 2810 272 2823 -..-—
279 2808 356 2819 -ι
369 2807 704 2817 ι--ο--ια-οο-
716 2809 727 2816 ..
734 2808 1113 2817 ..-------.-....--—--....-.-

145 3479 276 3550 Oratio
305 3474 354 3549 de
383 3476 525 3559 studiis
553 3477 855 3561 adolescentum,
890 3473 1024 3547 babila
1057 3497 1143 3546 cum

140 3582 283 3654 titulus
309 3582 660 3654 Baccoloureorum
692 3582 965 3654 decerneretur
995 3577 1143 3674 quibus-

219 3684 334 3772 dam,
360 3695 400 3757 et
422 3689 569 3777 scripto
593 3709 617 3757 a
644 3689 746 3758 Vite
773 3682 1066 3756 Winsbemio.
