<?xml version="1.0" encoding="UTF-8"?>
<!DOCTYPE html PUBLIC "-//W3C//DTD XHTML 1.0 Transitional//EN"
    "http://www.w3.org/TR/xhtml1/DTD/xhtml1-transitional.dtd">
<html xmlns="http://www.w3.org/1999/xhtml" xml:lang="en" lang="en">
 <head>
  <title>
</title>
<meta http-equiv="Content-Type" content="text/html;charset=utf-8" />
  <meta name='ocr-system' content='tesseract 3.04.00' />
  <meta name='ocr-capabilities' content='ocr_page ocr_carea ocr_par ocr_line ocrx_word'/>
</head>
<body>
  <div class='ocr_page' id='page_1' title='image "./philippimelanth00bretgoog_0424.png"; bbox 0 0 4664 6022; ppageno 0'>
   <div class='ocr_carea' id='block_1_1' title="bbox 158 299 2210 383">
    <p class='ocr_par' dir='ltr' id='par_1_1' title="bbox 158 299 2210 383">
     <span class='ocr_line' id='line_1_1' title="bbox 158 299 2210 383; baseline 0.001 -3"><span class='ocrx_word' id='word_1_1' title='bbox 158 304 235 382; x_wconf 75' lang='grc'><strong>885</strong></span> <span class='ocrx_word' id='word_1_2' title='bbox 373 374 378 381; x_wconf 89' lang='grc'><em>,</em></span> <span class='ocrx_word' id='word_1_3' title='bbox 760 300 920 379; x_wconf 86' lang='lat' dir='ltr'><strong>DECL.</strong></span> <span class='ocrx_word' id='word_1_4' title='bbox 953 299 1029 377; x_wconf 87' lang='lat' dir='ltr'><strong>DE</strong></span> <span class='ocrx_word' id='word_1_5' title='bbox 1061 303 1215 381; x_wconf 87' lang='lat' dir='ltr'><strong>CASP.</strong></span> <span class='ocrx_word' id='word_1_6' title='bbox 1247 300 1610 381; x_wconf 84' lang='lat' dir='ltr'><strong>CRUCIGERO.</strong></span> <span class='ocrx_word' id='word_1_7' title='bbox 2144 305 2210 383; x_wconf 74' lang='grc'><strong>880</strong></span> 
     </span>
    </p>
   </div>
   <div class='ocr_carea' id='block_1_2' title="bbox 56 472 2239 5597">
    <p class='ocr_par' dir='ltr' id='par_1_2' title="bbox 56 472 2239 5597">
     <span class='ocr_line' id='line_1_2' title="bbox 56 472 2211 575; baseline 0 -25"><span class='ocrx_word' id='word_1_8' title='bbox 56 544 65 557; x_wconf 73' lang='grc'>,</span> <span class='ocrx_word' id='word_1_9' title='bbox 161 477 281 575; x_wconf 91' lang='lat' dir='ltr'><strong>putari</strong></span> <span class='ocrx_word' id='word_1_10' title='bbox 309 491 464 571; x_wconf 88' lang='lat' dir='ltr'><strong>possent.</strong></span> <span class='ocrx_word' id='word_1_11' title='bbox 532 474 604 549; x_wconf 87' lang='lat' dir='ltr'><strong>Sed</strong></span> <span class='ocrx_word' id='word_1_12' title='bbox 634 501 714 549; x_wconf 91' lang='lat' dir='ltr'><strong>cum</strong></span> <span class='ocrx_word' id='word_1_13' title='bbox 744 477 880 568; x_wconf 89' lang='lat' dir='ltr'><strong>ingenii</strong></span> <span class='ocrx_word' id='word_1_14' title='bbox 907 491 942 549; x_wconf 91' lang='lat' dir='ltr'><strong>et</strong></span> <span class='ocrx_word' id='word_1_15' title='bbox 964 478 1165 550; x_wconf 89' lang='lat' dir='ltr'><strong>studiorum</strong></span> <span class='ocrx_word' id='word_1_16' title='bbox 1215 479 1260 549; x_wconf 87' lang='lat' dir='ltr'><strong>ad</strong></span> <span class='ocrx_word' id='word_1_17' title='bbox 1284 472 1350 548; x_wconf 91' lang='lat' dir='ltr'><strong>hos</strong></span> <span class='ocrx_word' id='word_1_18' title='bbox 1375 478 1463 547; x_wconf 88' lang='lat' dir='ltr'><strong>fines</strong></span> <span class='ocrx_word' id='word_1_19' title='bbox 1484 478 1601 548; x_wconf 90' lang='lat' dir='ltr'><strong>studia</strong></span> <span class='ocrx_word' id='word_1_20' title='bbox 1627 492 1662 549; x_wconf 90' lang='lat' dir='ltr'><strong>et</strong></span> <span class='ocrx_word' id='word_1_21' title='bbox 1682 477 1791 547; x_wconf 91' lang='lat' dir='ltr'><strong>vitam</strong></span> <span class='ocrx_word' id='word_1_22' title='bbox 1817 476 2012 561; x_wconf 90' lang='lat' dir='ltr'><strong>referebat,</strong></span> <span class='ocrx_word' id='word_1_23' title='bbox 2043 474 2146 562; x_wconf 80' lang='lat' dir='ltr'><strong>neo,</strong></span> <span class='ocrx_word' id='word_1_24' title='bbox 2176 491 2211 550; x_wconf 90' lang='lat' dir='ltr'><strong>ut</strong></span> 
     </span>
     <span class='ocr_line' id='line_1_3' title="bbox 165 578 2209 673; baseline -0.001 -20"><span class='ocrx_word' id='word_1_25' title='bbox 165 580 375 672; x_wconf 88' lang='lat' dir='ltr'><strong>significatio</strong></span> <span class='ocrx_word' id='word_1_26' title='bbox 390 580 436 651; x_wconf 93' lang='lat' dir='ltr'><strong>sit</strong></span> <span class='ocrx_word' id='word_1_27' title='bbox 450 579 616 666; x_wconf 90' lang='lat' dir='ltr'><strong>illustris,</strong></span> <span class='ocrx_word' id='word_1_28' title='bbox 636 594 771 653; x_wconf 89' lang='lat' dir='ltr'><strong>caetera</strong></span> <span class='ocrx_word' id='word_1_29' title='bbox 785 581 924 657; x_wconf 91' lang='lat' dir='ltr'><strong>omitto.</strong></span> <span class='ocrx_word' id='word_1_30' title='bbox 975 578 1024 653; x_wconf 89' lang='lat' dir='ltr'><strong>Et</strong></span> <span class='ocrx_word' id='word_1_31' title='bbox 1038 578 1166 653; x_wconf 92' lang='lat' dir='ltr'><strong>habuit</strong></span> <span class='ocrx_word' id='word_1_32' title='bbox 1213 594 1333 672; x_wconf 89' lang='lat' dir='ltr'><strong>postea</strong></span> <span class='ocrx_word' id='word_1_33' title='bbox 1364 593 1512 650; x_wconf 90' lang='lat' dir='ltr'><strong>eventus</strong></span> <span class='ocrx_word' id='word_1_34' title='bbox 1542 581 1717 665; x_wconf 75' lang='lat' dir='ltr'>ostendit,</span> <span class='ocrx_word' id='word_1_35' title='bbox 1759 578 1861 673; x_wconf 82' lang='lat' dir='ltr'>quasi</span> <span class='ocrx_word' id='word_1_36' title='bbox 1887 602 1949 670; x_wconf 86' lang='lat' dir='ltr'><strong>per</strong></span> <span class='ocrx_word' id='word_1_37' title='bbox 1974 579 2111 670; x_wconf 90' lang='lat' dir='ltr'><strong>gradus</strong></span> <span class='ocrx_word' id='word_1_38' title='bbox 2135 604 2209 651; x_wconf 86' lang='lat' dir='ltr'><strong>eum</strong></span> 
     </span>
     <span class='ocr_line' id='line_1_4' title="bbox 164 679 2210 779; baseline -0.001 -24"><span class='ocrx_word' id='word_1_39' title='bbox 164 685 239 779; x_wconf 87' lang='lat' dir='ltr'><strong>ipse</strong></span> <span class='ocrx_word' id='word_1_40' title='bbox 262 684 534 775; x_wconf 78' lang='lat' dir='ltr'>gubernatorem</span> <span class='ocrx_word' id='word_1_41' title='bbox 557 683 669 753; x_wconf 92' lang='lat' dir='ltr'><strong>alium</strong></span> <span class='ocrx_word' id='word_1_42' title='bbox 692 684 806 755; x_wconf 90' lang='lat' dir='ltr'><strong>multo</strong></span> <span class='ocrx_word' id='word_1_43' title='bbox 830 685 1016 755; x_wconf 90' lang='lat' dir='ltr'><strong>meliorem</strong></span> <span class='ocrx_word' id='word_1_44' title='bbox 1042 700 1076 755; x_wconf 93' lang='lat' dir='ltr'><strong>et</strong></span> <span class='ocrx_word' id='word_1_45' title='bbox 1098 711 1165 777; x_wconf 93' lang='lat' dir='ltr'><strong>po·</strong></span> <span class='ocrx_word' id='word_1_46' title='bbox 1215 686 1364 753; x_wconf 76' lang='lat' dir='ltr'><strong>ducente</strong></span> <span class='ocrx_word' id='word_1_47' title='bbox 1388 683 1425 752; x_wconf 91' lang='lat' dir='ltr'><strong>in</strong></span> <span class='ocrx_word' id='word_1_48' title='bbox 1452 679 1544 752; x_wconf 90' lang='lat' dir='ltr'><strong>hanc</strong></span> <span class='ocrx_word' id='word_1_49' title='bbox 1564 683 1774 767; x_wconf 90' lang='lat' dir='ltr'><strong>stationem,</strong></span> <span class='ocrx_word' id='word_1_50' title='bbox 1795 680 1923 775; x_wconf 85' lang='lat' dir='ltr'><strong>inqua</strong></span> <span class='ocrx_word' id='word_1_51' title='bbox 1938 695 2064 774; x_wconf 87' lang='lat' dir='ltr'><strong>postea</strong></span> <span class='ocrx_word' id='word_1_52' title='bbox 2083 683 2210 753; x_wconf 89' lang='lat' dir='ltr'><strong>bonam</strong></span> 
     </span>
     <span class='ocr_line' id='line_1_5' title="bbox 163 781 2210 880; baseline -0.002 -20"><span class='ocrx_word' id='word_1_53' title='bbox 163 786 372 873; x_wconf 91' lang='lat' dir='ltr'><strong>tentiorem,</strong></span> <span class='ocrx_word' id='word_1_54' title='bbox 407 784 540 855; x_wconf 89' lang='lat' dir='ltr'><strong>scilicet</strong></span> <span class='ocrx_word' id='word_1_55' title='bbox 566 784 739 878; x_wconf 86' lang='lat' dir='ltr'><strong>Spiritum</strong></span> <span class='ocrx_word' id='word_1_56' title='bbox 766 799 946 873; x_wconf 90' lang='lat' dir='ltr'><strong>sanctum,</strong></span> <span class='ocrx_word' id='word_1_57' title='bbox 988 812 1059 880; x_wconf 90' lang='lat' dir='ltr'><strong>quo</strong></span> <span class='ocrx_word' id='word_1_58' title='bbox 1083 812 1164 857; x_wconf 89' lang='lat' dir='ltr'><strong>eum</strong></span> <span class='ocrx_word' id='word_1_59' title='bbox 1214 810 1357 878; x_wconf 82' lang='lat' dir='ltr'>operam</span> <span class='ocrx_word' id='word_1_60' title='bbox 1379 782 1559 858; x_wconf 80' lang='lat' dir='ltr'><strong>Ecclesiae</strong></span> <span class='ocrx_word' id='word_1_61' title='bbox 1578 785 1733 858; x_wconf 89' lang='lat' dir='ltr'><strong>navavit.</strong></span> <span class='ocrx_word' id='word_1_62' title='bbox 1781 781 1852 854; x_wconf 90' lang='lat' dir='ltr'><strong>Hic</strong></span> <span class='ocrx_word' id='word_1_63' title='bbox 1875 787 1919 854; x_wconf 91' lang='lat' dir='ltr'><strong>ad</strong></span> <span class='ocrx_word' id='word_1_64' title='bbox 1937 785 2063 878; x_wconf 89' lang='lat' dir='ltr'><strong>priora</strong></span> <span class='ocrx_word' id='word_1_65' title='bbox 2085 786 2210 857; x_wconf 79' lang='lat' dir='ltr'><strong>exerci-</strong></span> 
     </span>
     <span class='ocr_line' id='line_1_6' title="bbox 154 884 2210 985; baseline -0.002 -23"><span class='ocrx_word' id='word_1_66' title='bbox 154 905 309 985; x_wconf 36' lang='lat' dir='ltr'><strong>,aeterno</strong></span> <span class='ocrx_word' id='word_1_67' title='bbox 323 902 422 981; x_wconf 91' lang='lat' dir='ltr'><strong>patre</strong></span> <span class='ocrx_word' id='word_1_68' title='bbox 439 885 641 958; x_wconf 90' lang='lat' dir='ltr'><strong>etDomino</strong></span> <span class='ocrx_word' id='word_1_69' title='bbox 656 902 779 959; x_wconf 91' lang='lat' dir='ltr'><strong>nostro</strong></span> <span class='ocrx_word' id='word_1_70' title='bbox 797 886 876 959; x_wconf 91' lang='lat' dir='ltr'><strong>lesu</strong></span> <span class='ocrx_word' id='word_1_71' title='bbox 891 886 1034 962; x_wconf 88' lang='lat' dir='ltr'><strong>Christo</strong></span> <span class='ocrx_word' id='word_1_72' title='bbox 1055 914 1164 980; x_wconf 91' lang='lat' dir='ltr'><strong>copu-</strong></span> <span class='ocrx_word' id='word_1_73' title='bbox 1215 887 1263 958; x_wconf 87' lang='lat' dir='ltr'><strong>tia</strong></span> <span class='ocrx_word' id='word_1_74' title='bbox 1288 887 1429 978; x_wconf 78' lang='lat' dir='ltr'><strong>linguae</strong></span> <span class='ocrx_word' id='word_1_75' title='bbox 1450 885 1599 959; x_wconf 88' lang='lat' dir='ltr'><strong>Latinae</strong></span> <span class='ocrx_word' id='word_1_76' title='bbox 1627 902 1662 958; x_wconf 91' lang='lat' dir='ltr'><strong>et</strong></span> <span class='ocrx_word' id='word_1_77' title='bbox 1685 884 1841 957; x_wconf 81' lang='lat' dir='ltr'><strong>Graecae</strong></span> <span class='ocrx_word' id='word_1_78' title='bbox 1868 886 2035 958; x_wconf 82' lang='lat' dir='ltr'><strong>adiunxit</strong></span> <span class='ocrx_word' id='word_1_79' title='bbox 2059 888 2210 959; x_wconf 87' lang='lat' dir='ltr'><strong>studium</strong></span> 
     </span>
     <span class='ocr_line' id='line_1_7' title="bbox 164 987 2211 1081; baseline -0.001 -18"><span class='ocrx_word' id='word_1_80' title='bbox 164 993 306 1064; x_wconf 90' lang='lat' dir='ltr'><strong>labatur</strong></span> <span class='ocrx_word' id='word_1_81' title='bbox 330 1014 414 1061; x_wconf 89' lang='lat' dir='ltr'><strong>vero</strong></span> <span class='ocrx_word' id='word_1_82' title='bbox 441 989 607 1061; x_wconf 89' lang='lat' dir='ltr'><strong>incendio</strong></span> <span class='ocrx_word' id='word_1_83' title='bbox 627 993 757 1062; x_wconf 88' lang='lat' dir='ltr'><strong>amoris</strong></span> <span class='ocrx_word' id='word_1_84' title='bbox 777 991 911 1073; x_wconf 90' lang='lat' dir='ltr'><strong>divini,</strong></span> <span class='ocrx_word' id='word_1_85' title='bbox 937 1007 972 1065; x_wconf 93' lang='lat' dir='ltr'><strong>et</strong></span> <span class='ocrx_word' id='word_1_86' title='bbox 989 993 1164 1064; x_wconf 88' lang='lat' dir='ltr'><strong>virtutum</strong></span> <span class='ocrx_word' id='word_1_87' title='bbox 1214 990 1356 1081; x_wconf 90' lang='lat' dir='ltr'><strong>linguae</strong></span> <span class='ocrx_word' id='word_1_88' title='bbox 1377 987 1554 1075; x_wconf 89' lang='lat' dir='ltr'><strong>Ebraeae,</strong></span> <span class='ocrx_word' id='word_1_89' title='bbox 1589 1016 1629 1060; x_wconf 91' lang='lat' dir='ltr'><strong>ac</strong></span> <span class='ocrx_word' id='word_1_90' title='bbox 1659 1012 1785 1059; x_wconf 88' lang='lat' dir='ltr'><strong>omnes</strong></span> <span class='ocrx_word' id='word_1_91' title='bbox 1808 988 1855 1059; x_wconf 91' lang='lat' dir='ltr'><strong>ita</strong></span> <span class='ocrx_word' id='word_1_92' title='bbox 1883 990 2030 1075; x_wconf 85' lang='lat' dir='ltr'><strong>didicit,</strong></span> <span class='ocrx_word' id='word_1_93' title='bbox 2063 1003 2108 1061; x_wconf 93' lang='lat' dir='ltr'><strong>ut</strong></span> <span class='ocrx_word' id='word_1_94' title='bbox 2132 992 2211 1063; x_wconf 82' lang='lat' dir='ltr'><strong>adeo</strong></span> 
     </span>
     <span class='ocr_line' id='line_1_8' title="bbox 164 1091 2212 1186; baseline -0.002 -21"><span class='ocrx_word' id='word_1_95' title='bbox 164 1095 298 1166; x_wconf 88' lang='lat' dir='ltr'><strong>semina</strong></span> <span class='ocrx_word' id='word_1_96' title='bbox 315 1094 355 1162; x_wconf 90' lang='lat' dir='ltr'><strong>iu</strong></span> <span class='ocrx_word' id='word_1_97' title='bbox 374 1117 415 1163; x_wconf 92' lang='lat' dir='ltr'><strong>eo</strong></span> <span class='ocrx_word' id='word_1_98' title='bbox 435 1093 660 1165; x_wconf 78' lang='lat' dir='ltr'><strong>fovebamur.</strong></span> <span class='ocrx_word' id='word_1_99' title='bbox 1214 1093 1437 1164; x_wconf 78' lang='lat' dir='ltr'><strong>familiariter</strong></span> <span class='ocrx_word' id='word_1_100' title='bbox 1459 1093 1529 1163; x_wconf 90' lang='lat' dir='ltr'><strong>sibi</strong></span> <span class='ocrx_word' id='word_1_101' title='bbox 1551 1108 1655 1164; x_wconf 94' lang='lat' dir='ltr'><strong>notae</strong></span> <span class='ocrx_word' id='word_1_102' title='bbox 1678 1106 1812 1177; x_wconf 89' lang='lat' dir='ltr'><strong>essent,</strong></span> <span class='ocrx_word' id='word_1_103' title='bbox 1849 1117 1889 1162; x_wconf 90' lang='lat' dir='ltr'><strong>ac</strong></span> <span class='ocrx_word' id='word_1_104' title='bbox 1916 1093 1947 1161; x_wconf 90' lang='lat' dir='ltr'><strong>si</strong></span> <span class='ocrx_word' id='word_1_105' title='bbox 1972 1091 2122 1163; x_wconf 89' lang='lat' dir='ltr'><strong>nativae</strong></span> <span class='ocrx_word' id='word_1_106' title='bbox 2143 1093 2212 1186; x_wconf 86' lang='lat' dir='ltr'><strong>ipsi,</strong></span> 
     </span>
     <span class='ocr_line' id='line_1_9' title="bbox 267 1190 2211 1289; baseline -0.002 -19"><span class='ocrx_word' id='word_1_107' title='bbox 267 1196 409 1270; x_wconf 90' lang='lat' dir='ltr'><strong>Accedo</strong></span> <span class='ocrx_word' id='word_1_108' title='bbox 425 1195 534 1287; x_wconf 90' lang='lat' dir='ltr'><strong>igitur</strong></span> <span class='ocrx_word' id='word_1_109' title='bbox 549 1190 592 1266; x_wconf 90' lang='lat' dir='ltr'><strong>ad</strong></span> <span class='ocrx_word' id='word_1_110' title='bbox 609 1197 781 1289; x_wconf 86' lang='lat' dir='ltr'><strong>pueritiae</strong></span> <span class='ocrx_word' id='word_1_111' title='bbox 795 1198 924 1272; x_wconf 90' lang='lat' dir='ltr'><strong>studia.</strong></span> <span class='ocrx_word' id='word_1_112' title='bbox 976 1194 1055 1268; x_wconf 89' lang='lat' dir='ltr'><strong>Etsi</strong></span> <span class='ocrx_word' id='word_1_113' title='bbox 1070 1190 1163 1265; x_wconf 89' lang='lat' dir='ltr'><strong>nihil</strong></span> <span class='ocrx_word' id='word_1_114' title='bbox 1214 1219 1289 1265; x_wconf 93' lang='lat' dir='ltr'><strong>non</strong></span> <span class='ocrx_word' id='word_1_115' title='bbox 1311 1194 1487 1266; x_wconf 87' lang='lat' dir='ltr'><strong>insiticiae</strong></span> <span class='ocrx_word' id='word_1_116' title='bbox 1510 1195 1670 1267; x_wconf 88' lang='lat' dir='ltr'><strong>fuissent.</strong></span> <span class='ocrx_word' id='word_1_117' title='bbox 1719 1192 1899 1265; x_wconf 85' lang='lat' dir='ltr'><strong>Audiebat</strong></span> <span class='ocrx_word' id='word_1_118' title='bbox 1919 1193 2085 1265; x_wconf 78' lang='lat' dir='ltr'><strong>studiose</strong></span> <span class='ocrx_word' id='word_1_119' title='bbox 2104 1196 2211 1268; x_wconf 76' lang='lat' dir='ltr'><strong>et&#39;do-</strong></span> 
     </span>
     <span class='ocr_line' id='line_1_10' title="bbox 165 1294 2211 1392; baseline 0 -23"><span class='ocrx_word' id='word_1_120' title='bbox 165 1300 204 1370; x_wconf 95' lang='lat' dir='ltr'><strong>in</strong></span> <span class='ocrx_word' id='word_1_121' title='bbox 220 1323 261 1370; x_wconf 88' lang='lat' dir='ltr'><strong>eo</strong></span> <span class='ocrx_word' id='word_1_122' title='bbox 279 1313 446 1379; x_wconf 89' lang='lat' dir='ltr'><strong>toruum,</strong></span> <span class='ocrx_word' id='word_1_123' title='bbox 473 1313 535 1370; x_wconf 89' lang='lat' dir='ltr'><strong>aut</strong></span> <span class='ocrx_word' id='word_1_124' title='bbox 557 1323 740 1392; x_wconf 86' lang='lat' dir='ltr'><strong>asperum,</strong></span> <span class='ocrx_word' id='word_1_125' title='bbox 766 1315 827 1373; x_wconf 92' lang='lat' dir='ltr'><strong>aut</strong></span> <span class='ocrx_word' id='word_1_126' title='bbox 847 1301 983 1371; x_wconf 87' lang='lat' dir='ltr'><strong>immite</strong></span> <span class='ocrx_word' id='word_1_127' title='bbox 1001 1299 1083 1369; x_wconf 87' lang='lat' dir='ltr'><strong>luit:</strong></span> <span class='ocrx_word' id='word_1_128' title='bbox 1112 1311 1163 1369; x_wconf 89' lang='lat' dir='ltr'><strong>ta·</strong></span> <span class='ocrx_word' id='word_1_129' title='bbox 1215 1299 1365 1369; x_wconf 87' lang='lat' dir='ltr'><strong>ctrinam</strong></span> <span class='ocrx_word' id='word_1_130' title='bbox 1380 1294 1575 1382; x_wconf 84' lang='lat' dir='ltr'><strong>Ecclesiae,</strong></span> <span class='ocrx_word' id='word_1_131' title='bbox 1601 1323 1640 1370; x_wconf 93' lang='lat' dir='ltr'><strong>ac</strong></span> <span class='ocrx_word' id='word_1_132' title='bbox 1656 1297 1844 1368; x_wconf 85' lang='lat' dir='ltr'><strong>universae</strong></span> <span class='ocrx_word' id='word_1_133' title='bbox 1860 1297 2096 1392; x_wconf 88' lang='lat' dir='ltr'><strong>antiquitatis</strong></span> <span class='ocrx_word' id='word_1_134' title='bbox 2108 1312 2211 1370; x_wconf 83' lang='lat' dir='ltr'><strong>certa·</strong></span> 
     </span>
     <span class='ocr_line' id='line_1_11' title="bbox 164 1399 2211 1494; baseline -0 -22"><span class='ocrx_word' id='word_1_135' title='bbox 164 1428 247 1472; x_wconf 90' lang='lat' dir='ltr'><strong>men</strong></span> <span class='ocrx_word' id='word_1_136' title='bbox 278 1414 597 1494; x_wconf 86' lang='lat' dir='ltr'><strong>temperamentum</strong></span> <span class='ocrx_word' id='word_1_137' title='bbox 627 1402 696 1472; x_wconf 93' lang='lat' dir='ltr'><strong>fuit</strong></span> <span class='ocrx_word' id='word_1_138' title='bbox 725 1399 1041 1488; x_wconf 90' lang='lat' dir='ltr'><strong>melancholicum,</strong></span> <span class='ocrx_word' id='word_1_139' title='bbox 1070 1415 1105 1471; x_wconf 86' lang='lat' dir='ltr'><strong>et</strong></span> <span class='ocrx_word' id='word_1_140' title='bbox 1124 1416 1163 1474; x_wconf 94' lang='lat' dir='ltr'><strong>ut</strong></span> <span class='ocrx_word' id='word_1_141' title='bbox 1213 1401 1312 1472; x_wconf 90' lang='lat' dir='ltr'><strong>mina</strong></span> <span class='ocrx_word' id='word_1_142' title='bbox 1328 1414 1362 1472; x_wconf 92' lang='lat' dir='ltr'><strong>et</strong></span> <span class='ocrx_word' id='word_1_143' title='bbox 1377 1400 1510 1472; x_wconf 89' lang='lat' dir='ltr'><strong>iudicia</strong></span> <span class='ocrx_word' id='word_1_144' title='bbox 1525 1402 1747 1482; x_wconf 89' lang='lat' dir='ltr'><strong>conferebat,</strong></span> <span class='ocrx_word' id='word_1_145' title='bbox 1768 1420 1808 1471; x_wconf 87' lang='lat' dir='ltr'><strong>ac</strong></span> <span class='ocrx_word' id='word_1_146' title='bbox 1823 1424 1926 1472; x_wconf 89' lang='lat' dir='ltr'><strong>veros</strong></span> <span class='ocrx_word' id='word_1_147' title='bbox 1941 1401 2120 1472; x_wconf 89' lang='lat' dir='ltr'><strong>omnium</strong></span> <span class='ocrx_word' id='word_1_148' title='bbox 2136 1403 2211 1493; x_wconf 85' lang='lat' dir='ltr'><strong>dog·</strong></span> 
     </span>
     <span class='ocr_line' id='line_1_12' title="bbox 163 1502 1693 1600; baseline -0.001 -25"><span class='ocrx_word' id='word_1_149' title='bbox 163 1505 213 1577; x_wconf 90' lang='lat' dir='ltr'><strong>ita</strong></span> <span class='ocrx_word' id='word_1_150' title='bbox 236 1505 371 1592; x_wconf 90' lang='lat' dir='ltr'><strong>dicam,</strong></span> <span class='ocrx_word' id='word_1_151' title='bbox 404 1527 495 1597; x_wconf 89' lang='lat' dir='ltr'><strong>pene</strong></span> <span class='ocrx_word' id='word_1_152' title='bbox 518 1502 748 1580; x_wconf 90' lang='lat' dir='ltr'><strong>Socraticum.</strong></span> <span class='ocrx_word' id='word_1_153' title='bbox 808 1506 930 1600; x_wconf 91' lang='lat' dir='ltr'><strong>ltaque</strong></span> <span class='ocrx_word' id='word_1_154' title='bbox 954 1521 988 1577; x_wconf 93' lang='lat' dir='ltr'><strong>et</strong></span> <span class='ocrx_word' id='word_1_155' title='bbox 1003 1506 1163 1597; x_wconf 90' lang='lat' dir='ltr'><strong>paucilo-</strong></span> <span class='ocrx_word' id='word_1_156' title='bbox 1215 1505 1473 1575; x_wconf 90' lang='lat' dir='ltr'><strong>matumfontes</strong></span> <span class='ocrx_word' id='word_1_157' title='bbox 1489 1504 1693 1596; x_wconf 86' lang='lat' dir='ltr'><strong>quaerebat.</strong></span> 
     </span>
     <span class='ocr_line' id='line_1_13' title="bbox 165 1604 2204 1703; baseline -0 -25"><span class='ocrx_word' id='word_1_158' title='bbox 165 1632 257 1703; x_wconf 90' lang='lat' dir='ltr'><strong>quus</strong></span> <span class='ocrx_word' id='word_1_159' title='bbox 271 1622 363 1691; x_wconf 90' lang='lat' dir='ltr'><strong>erat,</strong></span> <span class='ocrx_word' id='word_1_160' title='bbox 390 1621 423 1677; x_wconf 93' lang='lat' dir='ltr'><strong>et</strong></span> <span class='ocrx_word' id='word_1_161' title='bbox 440 1607 716 1698; x_wconf 84' lang='lat' dir='ltr'><strong>cogitabundus,</strong></span> <span class='ocrx_word' id='word_1_162' title='bbox 743 1621 777 1679; x_wconf 88' lang='lat' dir='ltr'><strong>et</strong></span> <span class='ocrx_word' id='word_1_163' title='bbox 792 1632 893 1701; x_wconf 84' lang='lat' dir='ltr'><strong>saepe</strong></span> <span class='ocrx_word' id='word_1_164' title='bbox 909 1609 947 1678; x_wconf 93' lang='lat' dir='ltr'><strong>in</strong></span> <span class='ocrx_word' id='word_1_165' title='bbox 964 1608 1090 1677; x_wconf 90' lang='lat' dir='ltr'><strong>mediis</strong></span> <span class='ocrx_word' id='word_1_166' title='bbox 1104 1631 1162 1677; x_wconf 90' lang='lat' dir='ltr'><strong>so·</strong></span> <span class='ocrx_word' id='word_1_167' title='bbox 1316 1604 1395 1677; x_wconf 90' lang='lat' dir='ltr'><strong>Hoc</strong></span> <span class='ocrx_word' id='word_1_168' title='bbox 1417 1606 1577 1677; x_wconf 89' lang='lat' dir='ltr'><strong>studium</strong></span> <span class='ocrx_word' id='word_1_169' title='bbox 1599 1619 1635 1678; x_wconf 92' lang='lat' dir='ltr'><strong>et</strong></span> <span class='ocrx_word' id='word_1_170' title='bbox 1655 1604 1816 1677; x_wconf 86' lang='lat' dir='ltr'><strong>moribus</strong></span> <span class='ocrx_word' id='word_1_171' title='bbox 1837 1605 1940 1677; x_wconf 88' lang='lat' dir='ltr'><strong>castis</strong></span> <span class='ocrx_word' id='word_1_172' title='bbox 1963 1630 2005 1677; x_wconf 88' lang='lat' dir='ltr'><strong>ae</strong></span> <span class='ocrx_word' id='word_1_173' title='bbox 2024 1605 2100 1698; x_wconf 88' lang='lat' dir='ltr'><strong>piis</strong></span> <span class='ocrx_word' id='word_1_174' title='bbox 2117 1632 2204 1679; x_wconf 83' lang='lat' dir='ltr'><strong>orna-</strong></span> 
     </span>
     <span class='ocr_line' id='line_1_14' title="bbox 164 1705 2205 1804; baseline 0 -23"><span class='ocrx_word' id='word_1_175' title='bbox 164 1710 298 1781; x_wconf 91' lang='lat' dir='ltr'><strong>dalitiis</strong></span> <span class='ocrx_word' id='word_1_176' title='bbox 312 1710 414 1804; x_wconf 93' lang='lat' dir='ltr'><strong>quasi</strong></span> <span class='ocrx_word' id='word_1_177' title='bbox 427 1709 675 1799; x_wconf 83' lang='lat' dir='ltr'><strong>peregrinante</strong></span> <span class='ocrx_word' id='word_1_178' title='bbox 691 1711 824 1780; x_wconf 91' lang='lat' dir='ltr'><strong>animo.</strong></span> <span class='ocrx_word' id='word_1_179' title='bbox 867 1710 972 1781; x_wconf 90' lang='lat' dir='ltr'><strong>Visus</strong></span> <span class='ocrx_word' id='word_1_180' title='bbox 989 1725 1040 1781; x_wconf 92' lang='lat' dir='ltr'><strong>est</strong></span> <span class='ocrx_word' id='word_1_181' title='bbox 1054 1711 1162 1800; x_wconf 90' lang='lat' dir='ltr'><strong>igitur</strong></span> <span class='ocrx_word' id='word_1_182' title='bbox 1212 1711 1294 1797; x_wconf 90' lang='lat' dir='ltr'><strong>bat,</strong></span> <span class='ocrx_word' id='word_1_183' title='bbox 1326 1721 1471 1802; x_wconf 91' lang='lat' dir='ltr'><strong>eratque</strong></span> <span class='ocrx_word' id='word_1_184' title='bbox 1488 1707 1564 1779; x_wconf 92' lang='lat' dir='ltr'><strong>eius</strong></span> <span class='ocrx_word' id='word_1_185' title='bbox 1582 1708 1804 1779; x_wconf 83' lang='lat' dir='ltr'><strong>familiaritas</strong></span> <span class='ocrx_word' id='word_1_186' title='bbox 1820 1706 2006 1793; x_wconf 91' lang='lat' dir='ltr'><strong>Bomero,</strong></span> <span class='ocrx_word' id='word_1_187' title='bbox 2036 1705 2205 1783; x_wconf 83' lang='lat' dir='ltr'><strong>loacbins</strong></span> 
     </span>
     <span class='ocr_line' id='line_1_15' title="bbox 163 1807 2209 1905; baseline 0.001 -22"><span class='ocrx_word' id='word_1_188' title='bbox 163 1813 268 1884; x_wconf 91' lang='lat' dir='ltr'><strong>initio</strong></span> <span class='ocrx_word' id='word_1_189' title='bbox 295 1813 502 1904; x_wconf 90' lang='lat' dir='ltr'><strong>parentibus</strong></span> <span class='ocrx_word' id='word_1_190' title='bbox 526 1807 688 1882; x_wconf 89' lang='lat' dir='ltr'><strong>hebetior</strong></span> <span class='ocrx_word' id='word_1_191' title='bbox 714 1827 748 1884; x_wconf 91' lang='lat' dir='ltr'><strong>et</strong></span> <span class='ocrx_word' id='word_1_192' title='bbox 770 1813 922 1902; x_wconf 86' lang='lat' dir='ltr'><strong>segnior.</strong></span> <span class='ocrx_word' id='word_1_193' title='bbox 985 1813 1055 1884; x_wconf 89' lang='lat' dir='ltr'><strong>Sed</strong></span> <span class='ocrx_word' id='word_1_194' title='bbox 1081 1837 1160 1883; x_wconf 90' lang='lat' dir='ltr'><strong>cum</strong></span> <span class='ocrx_word' id='word_1_195' title='bbox 1213 1811 1439 1897; x_wconf 89' lang='lat' dir='ltr'><strong>Camerario,</strong></span> <span class='ocrx_word' id='word_1_196' title='bbox 1471 1809 1576 1880; x_wconf 91' lang='lat' dir='ltr'><strong>Petro</strong></span> <span class='ocrx_word' id='word_1_197' title='bbox 1599 1809 1797 1897; x_wconf 89' lang='lat' dir='ltr'><strong>Suavenio,</strong></span> <span class='ocrx_word' id='word_1_198' title='bbox 1829 1808 2063 1905; x_wconf 90' lang='lat' dir='ltr'><strong>Hieronymo</strong></span> <span class='ocrx_word' id='word_1_199' title='bbox 2086 1809 2209 1885; x_wconf 81' lang='lat' dir='ltr'><strong>Baun-</strong></span> 
     </span>
     <span class='ocr_line' id='line_1_16' title="bbox 165 1908 2209 2008; baseline 0.001 -22"><span class='ocrx_word' id='word_1_200' title='bbox 165 1915 326 1986; x_wconf 90' lang='lat' dir='ltr'><strong>celeriter</strong></span> <span class='ocrx_word' id='word_1_201' title='bbox 343 1914 555 2007; x_wconf 88' lang='lat' dir='ltr'><strong>percepisset</strong></span> <span class='ocrx_word' id='word_1_202' title='bbox 568 1913 836 1986; x_wconf 90' lang='lat' dir='ltr'><strong>Grammaticen</strong></span> <span class='ocrx_word' id='word_1_203' title='bbox 858 1917 953 2007; x_wconf 93' lang='lat' dir='ltr'><strong>apud</strong></span> <span class='ocrx_word' id='word_1_204' title='bbox 970 1916 1087 1984; x_wconf 89' lang='lat' dir='ltr'><strong>virum</strong></span> <span class='ocrx_word' id='word_1_205' title='bbox 1105 1916 1162 1983; x_wconf 90' lang='lat' dir='ltr'><strong>in·</strong></span> <span class='ocrx_word' id='word_1_206' title='bbox 1213 1930 1396 2005; x_wconf 92' lang='lat' dir='ltr'><strong>gartnero,</strong></span> <span class='ocrx_word' id='word_1_207' title='bbox 1427 1909 1596 1984; x_wconf 91' lang='lat' dir='ltr'><strong>Chiliano</strong></span> <span class='ocrx_word' id='word_1_208' title='bbox 1619 1911 1819 1999; x_wconf 91' lang='lat' dir='ltr'><strong>Goltsteiu,</strong></span> <span class='ocrx_word' id='word_1_209' title='bbox 1849 1908 2032 1986; x_wconf 73' lang='lat' dir='ltr'><strong>Michaali</strong></span> <span class='ocrx_word' id='word_1_210' title='bbox 2049 1911 2209 2008; x_wconf 80' lang='lat' dir='ltr'><strong>Rotingo,</strong></span> 
     </span>
     <span class='ocr_line' id='line_1_17' title="bbox 164 2015 1899 2112; baseline -0.003 -22"><span class='ocrx_word' id='word_1_211' title='bbox 164 2018 393 2109; x_wconf 88' lang='lat' dir='ltr'><strong>tegerrimum</strong></span> <span class='ocrx_word' id='word_1_212' title='bbox 419 2015 614 2108; x_wconf 85' lang='lat' dir='ltr'><strong>Georgium</strong></span> <span class='ocrx_word' id='word_1_213' title='bbox 636 2015 803 2102; x_wconf 90' lang='lat' dir='ltr'><strong>Heltum,</strong></span> <span class='ocrx_word' id='word_1_214' title='bbox 835 2033 954 2112; x_wconf 89' lang='lat' dir='ltr'><strong>postea</strong></span> <span class='ocrx_word' id='word_1_215' title='bbox 978 2041 1162 2087; x_wconf 91' lang='lat' dir='ltr'><strong>commen·</strong></span> <span class='ocrx_word' id='word_1_216' title='bbox 1213 2033 1248 2089; x_wconf 93' lang='lat' dir='ltr'><strong>et</strong></span> <span class='ocrx_word' id='word_1_217' title='bbox 1264 2020 1345 2089; x_wconf 91' lang='lat' dir='ltr'><strong>aliis</strong></span> <span class='ocrx_word' id='word_1_218' title='bbox 1361 2017 1512 2088; x_wconf 92' lang='lat' dir='ltr'><strong>eruditis</strong></span> <span class='ocrx_word' id='word_1_219' title='bbox 1528 2016 1615 2085; x_wconf 88' lang='lat' dir='ltr'><strong>viris</strong></span> <span class='ocrx_word' id='word_1_220' title='bbox 1632 2016 1899 2087; x_wconf 89' lang='lat' dir='ltr'><strong>iucundissima.</strong></span> 
     </span>
     <span class='ocr_line' id='line_1_18' title="bbox 164 2116 2206 2214; baseline 0 -22"><span class='ocrx_word' id='word_1_221' title='bbox 164 2126 269 2193; x_wconf 89' lang='lat' dir='ltr'><strong>datus</strong></span> <span class='ocrx_word' id='word_1_222' title='bbox 289 2133 341 2190; x_wconf 89' lang='lat' dir='ltr'><strong>est</strong></span> <span class='ocrx_word' id='word_1_223' title='bbox 362 2117 517 2210; x_wconf 89' lang='lat' dir='ltr'><strong>Casparo</strong></span> <span class='ocrx_word' id='word_1_224' title='bbox 537 2116 716 2189; x_wconf 91' lang='lat' dir='ltr'><strong>Bornero:</strong></span> <span class='ocrx_word' id='word_1_225' title='bbox 751 2121 812 2214; x_wconf 93' lang='lat' dir='ltr'><strong>qui</strong></span> <span class='ocrx_word' id='word_1_226' title='bbox 839 2120 1161 2192; x_wconf 88' lang='lat' dir='ltr'><strong>cumanimadver·</strong></span> <span class='ocrx_word' id='word_1_227' title='bbox 1313 2119 1510 2214; x_wconf 86' lang='lat' dir='ltr'><strong>Aliquanto</strong></span> <span class='ocrx_word' id='word_1_228' title='bbox 1542 2134 1620 2210; x_wconf 87' lang='lat' dir='ltr'><strong>post</strong></span> <span class='ocrx_word' id='word_1_229' title='bbox 1655 2144 1767 2189; x_wconf 78' lang='lat' dir='ltr'><strong>ruore</strong></span> <span class='ocrx_word' id='word_1_230' title='bbox 1793 2121 1899 2189; x_wconf 88' lang='lat' dir='ltr'><strong>ducta</strong></span> <span class='ocrx_word' id='word_1_231' title='bbox 1931 2119 2100 2191; x_wconf 88' lang='lat' dir='ltr'><strong>medicae</strong></span> <span class='ocrx_word' id='word_1_232' title='bbox 2130 2122 2206 2193; x_wconf 87' lang='lat' dir='ltr'><strong>artis</strong></span> 
     </span>
     <span class='ocr_line' id='line_1_19' title="bbox 58 2222 2205 2316; baseline 0 -21"><span class='ocrx_word' id='word_1_233' title='bbox 58 2258 61 2262; x_wconf 50' lang='lat'><strong><em>⁴</em></strong></span> <span class='ocrx_word' id='word_1_234' title='bbox 164 2236 272 2310; x_wconf 87' lang='lat' dir='ltr'><strong>teret,</strong></span> <span class='ocrx_word' id='word_1_235' title='bbox 296 2245 519 2316; x_wconf 88' lang='lat' dir='ltr'><strong>nequaquam</strong></span> <span class='ocrx_word' id='word_1_236' title='bbox 547 2245 620 2291; x_wconf 90' lang='lat' dir='ltr'><strong>esse</strong></span> <span class='ocrx_word' id='word_1_237' title='bbox 644 2225 779 2293; x_wconf 90' lang='lat' dir='ltr'><strong>tardam</strong></span> <span class='ocrx_word' id='word_1_238' title='bbox 796 2236 859 2294; x_wconf 91' lang='lat' dir='ltr'><strong>aut</strong></span> <span class='ocrx_word' id='word_1_239' title='bbox 875 2224 1038 2314; x_wconf 90' lang='lat' dir='ltr'><strong>ignavam</strong></span> <span class='ocrx_word' id='word_1_240' title='bbox 1057 2236 1161 2293; x_wconf 91' lang='lat' dir='ltr'><strong>natu·</strong></span> <span class='ocrx_word' id='word_1_241' title='bbox 1213 2225 1412 2295; x_wconf 87' lang='lat' dir='ltr'><strong>doctrinam</strong></span> <span class='ocrx_word' id='word_1_242' title='bbox 1430 2245 1640 2312; x_wconf 84' lang='lat' dir='ltr'><strong>cognoscere</strong></span> <span class='ocrx_word' id='word_1_243' title='bbox 1661 2222 1794 2313; x_wconf 91' lang='lat' dir='ltr'><strong>coepit,</strong></span> <span class='ocrx_word' id='word_1_244' title='bbox 1827 2245 1934 2315; x_wconf 91' lang='lat' dir='ltr'><strong>quam</strong></span> <span class='ocrx_word' id='word_1_245' title='bbox 1959 2235 1999 2293; x_wconf 91' lang='lat' dir='ltr'><strong>et</strong></span> <span class='ocrx_word' id='word_1_246' title='bbox 2025 2237 2141 2315; x_wconf 82' lang='lat' dir='ltr'><strong>postea</strong></span> <span class='ocrx_word' id='word_1_247' title='bbox 2160 2224 2205 2297; x_wconf 83' lang='lat' dir='ltr'><strong>sie</strong></span> 
     </span>
     <span class='ocr_line' id='line_1_20' title="bbox 164 2324 2202 2418; baseline 0.001 -20"><span class='ocrx_word' id='word_1_248' title='bbox 164 2351 260 2411; x_wconf 91' lang='lat' dir='ltr'><strong>ram,</strong></span> <span class='ocrx_word' id='word_1_249' title='bbox 294 2339 334 2397; x_wconf 93' lang='lat' dir='ltr'><strong>ut</strong></span> <span class='ocrx_word' id='word_1_250' title='bbox 359 2325 565 2409; x_wconf 88' lang='lat' dir='ltr'><strong>videbatur,</strong></span> <span class='ocrx_word' id='word_1_251' title='bbox 597 2327 658 2395; x_wconf 92' lang='lat' dir='ltr'><strong>sed</strong></span> <span class='ocrx_word' id='word_1_252' title='bbox 681 2340 716 2397; x_wconf 89' lang='lat' dir='ltr'><strong>et</strong></span> <span class='ocrx_word' id='word_1_253' title='bbox 738 2325 876 2396; x_wconf 88' lang='lat' dir='ltr'><strong>avidam</strong></span> <span class='ocrx_word' id='word_1_254' title='bbox 899 2326 1103 2407; x_wconf 91' lang='lat' dir='ltr'><strong>doctrinae,</strong></span> <span class='ocrx_word' id='word_1_255' title='bbox 1128 2338 1162 2396; x_wconf 93' lang='lat' dir='ltr'><strong>et</strong></span> <span class='ocrx_word' id='word_1_256' title='bbox 1213 2328 1362 2412; x_wconf 91' lang='lat' dir='ltr'><strong>amavit,</strong></span> <span class='ocrx_word' id='word_1_257' title='bbox 1386 2338 1428 2396; x_wconf 92' lang='lat' dir='ltr'><strong>ut</strong></span> <span class='ocrx_word' id='word_1_258' title='bbox 1442 2348 1626 2418; x_wconf 87' lang='lat' dir='ltr'><strong>nunquam</strong></span> <span class='ocrx_word' id='word_1_259' title='bbox 1645 2324 1720 2393; x_wconf 91' lang='lat' dir='ltr'><strong>eius</strong></span> <span class='ocrx_word' id='word_1_260' title='bbox 1735 2325 1894 2396; x_wconf 88' lang='lat' dir='ltr'><strong>studium</strong></span> <span class='ocrx_word' id='word_1_261' title='bbox 1910 2324 2087 2399; x_wconf 87' lang='lat' dir='ltr'><strong>omiserit.</strong></span> <span class='ocrx_word' id='word_1_262' title='bbox 2132 2325 2202 2399; x_wconf 77' lang='lat' dir='ltr'><strong>Nee</strong></span> 
     </span>
     <span class='ocr_line' id='line_1_21' title="bbox 163 2423 2201 2522; baseline -0 -22"><span class='ocrx_word' id='word_1_263' title='bbox 163 2428 324 2500; x_wconf 90' lang='lat' dir='ltr'><strong>celeriter</strong></span> <span class='ocrx_word' id='word_1_264' title='bbox 343 2427 572 2520; x_wconf 90' lang='lat' dir='ltr'><strong>arripientem</strong></span> <span class='ocrx_word' id='word_1_265' title='bbox 596 2428 716 2498; x_wconf 93' lang='lat' dir='ltr'><strong>omnia</strong></span> <span class='ocrx_word' id='word_1_266' title='bbox 745 2451 835 2522; x_wconf 87' lang='lat' dir='ltr'><strong>quae</strong></span> <span class='ocrx_word' id='word_1_267' title='bbox 857 2429 1162 2522; x_wconf 86' lang='lat' dir='ltr'><strong>proponebantur,</strong></span> <span class='ocrx_word' id='word_1_268' title='bbox 1211 2430 1327 2499; x_wconf 93' lang='lat' dir='ltr'><strong>solum</strong></span> <span class='ocrx_word' id='word_1_269' title='bbox 1343 2443 1448 2498; x_wconf 91' lang='lat' dir='ltr'><strong>norat</strong></span> <span class='ocrx_word' id='word_1_270' title='bbox 1469 2423 1597 2498; x_wconf 87' lang='lat' dir='ltr'><strong>herbas</strong></span> <span class='ocrx_word' id='word_1_271' title='bbox 1610 2441 1645 2498; x_wconf 92' lang='lat' dir='ltr'><strong>et</strong></span> <span class='ocrx_word' id='word_1_272' title='bbox 1661 2427 1823 2512; x_wconf 87' lang='lat' dir='ltr'><strong>frutices,</strong></span> <span class='ocrx_word' id='word_1_273' title='bbox 1849 2428 1912 2496; x_wconf 85' lang='lat' dir='ltr'><strong>sed</strong></span> <span class='ocrx_word' id='word_1_274' title='bbox 1928 2428 2011 2519; x_wconf 87' lang='lat' dir='ltr'><strong>ipse</strong></span> <span class='ocrx_word' id='word_1_275' title='bbox 2024 2423 2201 2501; x_wconf 83' lang='lat' dir='ltr'><strong>duoshor·</strong></span> 
     </span>
     <span class='ocr_line' id='line_1_22' title="bbox 163 2529 2202 2623; baseline -0 -19"><span class='ocrx_word' id='word_1_276' title='bbox 163 2545 199 2604; x_wconf 93' lang='lat' dir='ltr'><strong>et</strong></span> <span class='ocrx_word' id='word_1_277' title='bbox 222 2532 279 2600; x_wconf 91' lang='lat' dir='ltr'><strong>vel</strong></span> <span class='ocrx_word' id='word_1_278' title='bbox 303 2530 396 2601; x_wconf 92' lang='lat' dir='ltr'><strong>inter</strong></span> <span class='ocrx_word' id='word_1_279' title='bbox 409 2532 531 2614; x_wconf 89' lang='lat' dir='ltr'><strong>ludos,</strong></span> <span class='ocrx_word' id='word_1_280' title='bbox 557 2554 636 2599; x_wconf 94' lang='lat' dir='ltr'><strong>cum</strong></span> <span class='ocrx_word' id='word_1_281' title='bbox 652 2530 750 2601; x_wconf 90' lang='lat' dir='ltr'><strong>aliud</strong></span> <span class='ocrx_word' id='word_1_282' title='bbox 767 2555 868 2622; x_wconf 88' lang='lat' dir='ltr'><strong>agere</strong></span> <span class='ocrx_word' id='word_1_283' title='bbox 884 2531 1162 2616; x_wconf 86' lang='lat' dir='ltr'><strong>existimabatur,</strong></span> <span class='ocrx_word' id='word_1_284' title='bbox 1212 2545 1266 2601; x_wconf 88' lang='lat' dir='ltr'><strong>tos</strong></span> <span class='ocrx_word' id='word_1_285' title='bbox 1288 2555 1351 2602; x_wconf 92' lang='lat' dir='ltr'><strong>sua</strong></span> <span class='ocrx_word' id='word_1_286' title='bbox 1379 2553 1490 2600; x_wconf 91' lang='lat' dir='ltr'><strong>mann</strong></span> <span class='ocrx_word' id='word_1_287' title='bbox 1518 2553 1643 2618; x_wconf 92' lang='lat' dir='ltr'><strong>magna</strong></span> <span class='ocrx_word' id='word_1_288' title='bbox 1671 2530 1839 2602; x_wconf 88' lang='lat' dir='ltr'><strong>varietate</strong></span> <span class='ocrx_word' id='word_1_289' title='bbox 1863 2529 2040 2623; x_wconf 89' lang='lat' dir='ltr'><strong>stirpium</strong></span> <span class='ocrx_word' id='word_1_290' title='bbox 2063 2533 2202 2605; x_wconf 82' lang='lat' dir='ltr'><strong>ornavit.</strong></span> 
     </span>
     <span class='ocr_line' id='line_1_23' title="bbox 162 2630 2200 2726; baseline 0 -21"><span class='ocrx_word' id='word_1_291' title='bbox 162 2633 375 2725; x_wconf 89' lang='lat' dir='ltr'><strong>cogitatione</strong></span> <span class='ocrx_word' id='word_1_292' title='bbox 388 2634 561 2704; x_wconf 89' lang='lat' dir='ltr'><strong>intentam</strong></span> <span class='ocrx_word' id='word_1_293' title='bbox 578 2631 617 2700; x_wconf 92' lang='lat' dir='ltr'><strong>in</strong></span> <span class='ocrx_word' id='word_1_294' title='bbox 631 2657 670 2702; x_wconf 90' lang='lat' dir='ltr'><strong>ea</strong></span> <span class='ocrx_word' id='word_1_295' title='bbox 686 2658 776 2726; x_wconf 92' lang='lat' dir='ltr'><strong>quae</strong></span> <span class='ocrx_word' id='word_1_296' title='bbox 800 2634 974 2714; x_wconf 89' lang='lat' dir='ltr'><strong>discebat,</strong></span> <span class='ocrx_word' id='word_1_297' title='bbox 1001 2657 1040 2702; x_wconf 94' lang='lat' dir='ltr'><strong>ac</strong></span> <span class='ocrx_word' id='word_1_298' title='bbox 1062 2633 1162 2703; x_wconf 91' lang='lat' dir='ltr'><strong>sani·</strong></span> <span class='ocrx_word' id='word_1_299' title='bbox 1209 2630 1383 2706; x_wconf 85' lang='lat' dir='ltr'><strong>Remedia</strong></span> <span class='ocrx_word' id='word_1_300' title='bbox 1406 2632 1515 2701; x_wconf 88' lang='lat' dir='ltr'><strong>etiam&#39;</strong></span> <span class='ocrx_word' id='word_1_301' title='bbox 1533 2634 1720 2725; x_wconf 91' lang='lat' dir='ltr'><strong>praecipua</strong></span> <span class='ocrx_word' id='word_1_302' title='bbox 1740 2633 1952 2703; x_wconf 87' lang='lat' dir='ltr'><strong>morborum</strong></span> <span class='ocrx_word' id='word_1_303' title='bbox 1977 2633 2016 2704; x_wconf 91' lang='lat' dir='ltr'><strong>ei</strong></span> <span class='ocrx_word' id='word_1_304' title='bbox 2031 2636 2200 2707; x_wconf 84' lang='lat' dir='ltr'><strong>notissima</strong></span> 
     </span>
     <span class='ocr_line' id='line_1_24' title="bbox 161 2733 2195 2831; baseline 0 -22"><span class='ocrx_word' id='word_1_305' title='bbox 161 2749 269 2809; x_wconf 88' lang='lat' dir='ltr'><strong>tatem</strong></span> <span class='ocrx_word' id='word_1_306' title='bbox 290 2736 434 2822; x_wconf 90' lang='lat' dir='ltr'><strong>iudicii,</strong></span> <span class='ocrx_word' id='word_1_307' title='bbox 466 2761 507 2805; x_wconf 89' lang='lat' dir='ltr'><strong>ac</strong></span> <span class='ocrx_word' id='word_1_308' title='bbox 526 2735 731 2808; x_wconf 86' lang='lat' dir='ltr'><strong>facilitatem</strong></span> <span class='ocrx_word' id='word_1_309' title='bbox 756 2749 791 2806; x_wconf 93' lang='lat' dir='ltr'><strong>et</strong></span> <span class='ocrx_word' id='word_1_310' title='bbox 816 2735 1100 2829; x_wconf 90' lang='lat' dir='ltr'><strong>perspicuitatem</strong></span> <span class='ocrx_word' id='word_1_311' title='bbox 1121 2736 1160 2805; x_wconf 94' lang='lat' dir='ltr'><strong>in</strong></span> <span class='ocrx_word' id='word_1_312' title='bbox 1211 2751 1327 2821; x_wconf 91' lang='lat' dir='ltr'><strong>erant,</strong></span> <span class='ocrx_word' id='word_1_313' title='bbox 1349 2747 1384 2806; x_wconf 93' lang='lat' dir='ltr'><strong>et</strong></span> <span class='ocrx_word' id='word_1_314' title='bbox 1401 2733 1475 2826; x_wconf 89' lang='lat' dir='ltr'><strong>ipse</strong></span> <span class='ocrx_word' id='word_1_315' title='bbox 1489 2735 1600 2805; x_wconf 92' lang='lat' dir='ltr'><strong>multa</strong></span> <span class='ocrx_word' id='word_1_316' title='bbox 1621 2736 1793 2824; x_wconf 89' lang='lat' dir='ltr'><strong>singulari</strong></span> <span class='ocrx_word' id='word_1_317' title='bbox 1808 2735 1992 2807; x_wconf 86' lang='lat' dir='ltr'><strong>industria</strong></span> <span class='ocrx_word' id='word_1_318' title='bbox 2009 2741 2195 2831; x_wconf 80' lang='lat' dir='ltr'><strong>adparabat</strong></span> 
     </span>
     <span class='ocr_line' id='line_1_25' title="bbox 162 2836 2188 2936; baseline 0.001 -27"><span class='ocrx_word' id='word_1_319' title='bbox 162 2837 380 2931; x_wconf 85' lang='lat' dir='ltr'><strong>explicandis</strong></span> <span class='ocrx_word' id='word_1_320' title='bbox 415 2837 691 2927; x_wconf 83' lang='lat' dir='ltr'><strong>cogitationibus</strong></span> <span class='ocrx_word' id='word_1_321' title='bbox 733 2838 897 2908; x_wconf 84' lang='lat' dir='ltr'><strong>eximiam</strong></span> <span class='ocrx_word' id='word_1_322' title='bbox 932 2861 1025 2919; x_wconf 90' lang='lat' dir='ltr'><strong>esse,</strong></span> <span class='ocrx_word' id='word_1_323' title='bbox 1069 2838 1159 2906; x_wconf 90' lang='lat' dir='ltr'><strong>bene</strong></span> <span class='ocrx_word' id='word_1_324' title='bbox 1311 2836 1491 2908; x_wconf 88' lang='lat' dir='ltr'><strong>Hactenus</strong></span> <span class='ocrx_word' id='word_1_325' title='bbox 1507 2861 1546 2906; x_wconf 90' lang='lat' dir='ltr'><strong>ea</strong></span> <span class='ocrx_word' id='word_1_326' title='bbox 1561 2841 1821 2929; x_wconf 89' lang='lat' dir='ltr'><strong>propemodum</strong></span> <span class='ocrx_word' id='word_1_327' title='bbox 1836 2839 2028 2925; x_wconf 87' lang='lat' dir='ltr'><strong>recensui,</strong></span> <span class='ocrx_word' id='word_1_328' title='bbox 2054 2856 2188 2936; x_wconf 73' lang='lat' dir='ltr'><strong>quaetp-</strong></span> 
     </span>
     <span class='ocr_line' id='line_1_26' title="bbox 161 2938 2193 3034; baseline 0.002 -23"><span class='ocrx_word' id='word_1_329' title='bbox 161 2964 302 3034; x_wconf 88' lang='lat' dir='ltr'><strong>sperare</strong></span> <span class='ocrx_word' id='word_1_330' title='bbox 333 2952 496 3032; x_wconf 91' lang='lat' dir='ltr'><strong>parentes</strong></span> <span class='ocrx_word' id='word_1_331' title='bbox 526 2940 570 3007; x_wconf 92' lang='lat' dir='ltr'><strong>de</strong></span> <span class='ocrx_word' id='word_1_332' title='bbox 606 2938 750 3030; x_wconf 88' lang='lat' dir='ltr'><strong>ingenio</strong></span> <span class='ocrx_word' id='word_1_333' title='bbox 779 2940 843 3009; x_wconf 87' lang='lat' dir='ltr'><strong>lilii</strong></span> <span class='ocrx_word' id='word_1_334' title='bbox 877 2941 997 3013; x_wconf 88' lang='lat' dir='ltr'><strong>iussit:</strong></span> <span class='ocrx_word' id='word_1_335' title='bbox 1032 2955 1066 3011; x_wconf 92' lang='lat' dir='ltr'><strong>et</strong></span> <span class='ocrx_word' id='word_1_336' title='bbox 1089 2941 1160 3011; x_wconf 90' lang='lat' dir='ltr'><strong>fuit</strong></span> <span class='ocrx_word' id='word_1_337' title='bbox 1209 2940 1339 3010; x_wconf 91' lang='lat' dir='ltr'><strong>rocinii</strong></span> <span class='ocrx_word' id='word_1_338' title='bbox 1360 2939 1505 3033; x_wconf 90' lang='lat' dir='ltr'><strong>propria</strong></span> <span class='ocrx_word' id='word_1_339' title='bbox 1526 2939 1682 3009; x_wconf 89' lang='lat' dir='ltr'><strong>fuerunt.</strong></span> <span class='ocrx_word' id='word_1_340' title='bbox 1734 2938 1858 3010; x_wconf 89' lang='lat' dir='ltr'><strong>Postea</strong></span> <span class='ocrx_word' id='word_1_341' title='bbox 1877 2941 2193 3022; x_wconf 71' lang='lat' dir='ltr'><strong>eimandatumst</strong></span> 
     </span>
     <span class='ocr_line' id='line_1_27' title="bbox 161 3038 2193 3139; baseline 0.002 -26"><span class='ocrx_word' id='word_1_342' title='bbox 161 3039 342 3126; x_wconf 91' lang='lat' dir='ltr'><strong>hortator,</strong></span> <span class='ocrx_word' id='word_1_343' title='bbox 369 3057 408 3114; x_wconf 91' lang='lat' dir='ltr'><strong>ut</strong></span> <span class='ocrx_word' id='word_1_344' title='bbox 422 3044 515 3132; x_wconf 87' lang='lat' dir='ltr'><strong>apud</strong></span> <span class='ocrx_word' id='word_1_345' title='bbox 532 3038 677 3112; x_wconf 84' lang='lat' dir='ltr'><strong>Petrum</strong></span> <span class='ocrx_word' id='word_1_346' title='bbox 693 3039 931 3114; x_wconf 91' lang='lat' dir='ltr'><strong>Mosellanum</strong></span> <span class='ocrx_word' id='word_1_347' title='bbox 955 3044 994 3112; x_wconf 93' lang='lat' dir='ltr'><strong>in</strong></span> <span class='ocrx_word' id='word_1_348' title='bbox 1008 3057 1159 3137; x_wconf 91' lang='lat' dir='ltr'><strong>utraque</strong></span> <span class='ocrx_word' id='word_1_349' title='bbox 1208 3067 1339 3115; x_wconf 91' lang='lat' dir='ltr'><strong>munus</strong></span> <span class='ocrx_word' id='word_1_350' title='bbox 1363 3055 1399 3114; x_wconf 90' lang='lat' dir='ltr'><strong>et</strong></span> <span class='ocrx_word' id='word_1_351' title='bbox 1420 3042 1679 3133; x_wconf 91' lang='lat' dir='ltr'><strong>interpretandi</strong></span> <span class='ocrx_word' id='word_1_352' title='bbox 1709 3038 1914 3134; x_wconf 90' lang='lat' dir='ltr'><strong>prophetica</strong></span> <span class='ocrx_word' id='word_1_353' title='bbox 1948 3058 1987 3117; x_wconf 93' lang='lat' dir='ltr'><strong>et</strong></span> <span class='ocrx_word' id='word_1_354' title='bbox 2019 3047 2193 3139; x_wconf 79' lang='lat' dir='ltr'><strong>apostolica</strong></span> 
     </span>
     <span class='ocr_line' id='line_1_28' title="bbox 160 3139 2192 3236; baseline 0.003 -22"><span class='ocrx_word' id='word_1_355' title='bbox 160 3146 283 3236; x_wconf 92' lang='lat' dir='ltr'><strong>lingua</strong></span> <span class='ocrx_word' id='word_1_356' title='bbox 325 3157 554 3215; x_wconf 81' lang='lat' dir='ltr'><strong>exerceretur.</strong></span> <span class='ocrx_word' id='word_1_357' title='bbox 624 3139 740 3214; x_wconf 84' lang='lat' dir='ltr'><strong>Antea</strong></span> <span class='ocrx_word' id='word_1_358' title='bbox 778 3143 914 3217; x_wconf 90' lang='lat' dir='ltr'><strong>Graece</strong></span> <span class='ocrx_word' id='word_1_359' title='bbox 954 3148 1158 3232; x_wconf 91' lang='lat' dir='ltr'><strong>docentem,</strong></span> <span class='ocrx_word' id='word_1_360' title='bbox 1206 3159 1457 3231; x_wconf 89' lang='lat' dir='ltr'><strong>monumenta,</strong></span> <span class='ocrx_word' id='word_1_361' title='bbox 1490 3158 1525 3215; x_wconf 91' lang='lat' dir='ltr'><strong>et</strong></span> <span class='ocrx_word' id='word_1_362' title='bbox 1547 3144 1739 3236; x_wconf 90' lang='lat' dir='ltr'><strong>intemplo</strong></span> <span class='ocrx_word' id='word_1_363' title='bbox 1762 3146 2020 3219; x_wconf 86' lang='lat' dir='ltr'><strong>concionandi.</strong></span> <span class='ocrx_word' id='word_1_364' title='bbox 2089 3143 2192 3220; x_wconf 81' lang='lat' dir='ltr'><strong>lubus</strong></span> 
     </span>
     <span class='ocr_line' id='line_1_29' title="bbox 160 3244 2198 3342; baseline 0.002 -24"><span class='ocrx_word' id='word_1_365' title='bbox 160 3249 339 3342; x_wconf 88' lang='lat' dir='ltr'><strong>paulisper</strong></span> <span class='ocrx_word' id='word_1_366' title='bbox 354 3246 491 3319; x_wconf 89' lang='lat' dir='ltr'><strong>audivit</strong></span> <span class='ocrx_word' id='word_1_367' title='bbox 505 3244 653 3318; x_wconf 90' lang='lat' dir='ltr'><strong>Crotum</strong></span> <span class='ocrx_word' id='word_1_368' title='bbox 670 3244 904 3335; x_wconf 91' lang='lat' dir='ltr'><strong>Britannum,</strong></span> <span class='ocrx_word' id='word_1_369' title='bbox 930 3250 993 3320; x_wconf 92' lang='lat' dir='ltr'><strong>ubi</strong></span> <span class='ocrx_word' id='word_1_370' title='bbox 1009 3249 1158 3318; x_wconf 88' lang='lat' dir='ltr'><strong>commi·</strong></span> <span class='ocrx_word' id='word_1_371' title='bbox 1206 3252 1319 3339; x_wconf 91' lang='lat' dir='ltr'><strong>gradu</strong></span> <span class='ocrx_word' id='word_1_372' title='bbox 1341 3273 1421 3319; x_wconf 90' lang='lat' dir='ltr'><strong>cum</strong></span> <span class='ocrx_word' id='word_1_373' title='bbox 1445 3248 1516 3317; x_wconf 92' lang='lat' dir='ltr'><strong>iam</strong></span> <span class='ocrx_word' id='word_1_374' title='bbox 1529 3244 1665 3319; x_wconf 90' lang='lat' dir='ltr'><strong>Doctor</strong></span> <span class='ocrx_word' id='word_1_375' title='bbox 1679 3263 1786 3332; x_wconf 88' lang='lat' dir='ltr'><strong>esset,</strong></span> <span class='ocrx_word' id='word_1_376' title='bbox 1812 3272 1903 3342; x_wconf 92' lang='lat' dir='ltr'><strong>quae</strong></span> <span class='ocrx_word' id='word_1_377' title='bbox 1917 3251 2036 3323; x_wconf 87' lang='lat' dir='ltr'><strong>fuerit</strong></span> <span class='ocrx_word' id='word_1_378' title='bbox 2053 3252 2131 3325; x_wconf 85' lang='lat' dir='ltr'><strong>eius</strong></span> <span class='ocrx_word' id='word_1_379' title='bbox 2143 3251 2198 3323; x_wconf 88' lang='lat' dir='ltr'><strong>ni·</strong></span> 
     </span>
     <span class='ocr_line' id='line_1_30' title="bbox 158 3345 2200 3449; baseline 0.003 -29"><span class='ocrx_word' id='word_1_380' title='bbox 158 3352 307 3422; x_wconf 92' lang='lat' dir='ltr'><strong>litonem</strong></span> <span class='ocrx_word' id='word_1_381' title='bbox 340 3346 468 3422; x_wconf 92' lang='lat' dir='ltr'><strong>habuit</strong></span> <span class='ocrx_word' id='word_1_382' title='bbox 501 3345 721 3420; x_wconf 90' lang='lat' dir='ltr'><strong>loachimum</strong></span> <span class='ocrx_word' id='word_1_383' title='bbox 752 3347 1013 3437; x_wconf 90' lang='lat' dir='ltr'><strong>Camerarium,</strong></span> <span class='ocrx_word' id='word_1_384' title='bbox 1049 3374 1154 3444; x_wconf 87' lang='lat' dir='ltr'><strong>quern</strong></span> <span class='ocrx_word' id='word_1_385' title='bbox 1205 3352 1303 3439; x_wconf 94' lang='lat' dir='ltr'><strong>litia,</strong></span> <span class='ocrx_word' id='word_1_386' title='bbox 1327 3350 1559 3421; x_wconf 78' lang='lat' dir='ltr'><strong>considerate.</strong></span> <span class='ocrx_word' id='word_1_387' title='bbox 1616 3347 1687 3421; x_wconf 90' lang='lat' dir='ltr'><strong>Hic</strong></span> <span class='ocrx_word' id='word_1_388' title='bbox 1704 3353 1747 3420; x_wconf 91' lang='lat' dir='ltr'><strong>de</strong></span> <span class='ocrx_word' id='word_1_389' title='bbox 1763 3345 1921 3422; x_wconf 84' lang='lat' dir='ltr'><strong>Ecclesia</strong></span> <span class='ocrx_word' id='word_1_390' title='bbox 1945 3366 1983 3425; x_wconf 92' lang='lat' dir='ltr'><strong>et</strong></span> <span class='ocrx_word' id='word_1_391' title='bbox 2001 3368 2084 3428; x_wconf 83' lang='lat' dir='ltr'><strong>tota</strong></span> <span class='ocrx_word' id='word_1_392' title='bbox 2098 3370 2200 3449; x_wconf 81' lang='lat' dir='ltr'><strong>poste·</strong></span> 
     </span>
     <span class='ocr_line' id='line_1_31' title="bbox 157 3452 1655 3546; baseline 0.003 -23"><span class='ocrx_word' id='word_1_393' title='bbox 157 3455 221 3523; x_wconf 92' lang='lat' dir='ltr'><strong>illa</strong></span> <span class='ocrx_word' id='word_1_394' title='bbox 237 3453 371 3546; x_wconf 90' lang='lat' dir='ltr'><strong>primae</strong></span> <span class='ocrx_word' id='word_1_395' title='bbox 386 3452 511 3541; x_wconf 79' lang='lat' dir='ltr'><strong>aetatis</strong></span> <span class='ocrx_word' id='word_1_396' title='bbox 524 3453 642 3524; x_wconf 88' lang='lat' dir='ltr'><strong>studia</strong></span> <span class='ocrx_word' id='word_1_397' title='bbox 661 3469 996 3526; x_wconf 89' lang='lat' dir='ltr'><strong>commemorantem</strong></span> <span class='ocrx_word' id='word_1_398' title='bbox 1015 3454 1156 3524; x_wconf 89' lang='lat' dir='ltr'><strong>audivi·</strong></span> <span class='ocrx_word' id='word_1_399' title='bbox 1205 3455 1308 3525; x_wconf 90' lang='lat' dir='ltr'><strong>ritate</strong></span> <span class='ocrx_word' id='word_1_400' title='bbox 1322 3455 1414 3524; x_wconf 88' lang='lat' dir='ltr'><strong>bene</strong></span> <span class='ocrx_word' id='word_1_401' title='bbox 1428 3453 1577 3523; x_wconf 89' lang='lat' dir='ltr'><strong>meritus</strong></span> <span class='ocrx_word' id='word_1_402' title='bbox 1593 3466 1655 3527; x_wconf 84' lang='lat' dir='ltr'><strong>est.</strong></span> 
     </span>
     <span class='ocr_line' id='line_1_32' title="bbox 158 3554 2200 3651; baseline 0.001 -25"><span class='ocrx_word' id='word_1_403' title='bbox 158 3581 238 3627; x_wconf 90' lang='lat' dir='ltr'><strong>mus</strong></span> <span class='ocrx_word' id='word_1_404' title='bbox 253 3559 298 3626; x_wconf 89' lang='lat' dir='ltr'><strong>de</strong></span> <span class='ocrx_word' id='word_1_405' title='bbox 312 3554 503 3647; x_wconf 90' lang='lat' dir='ltr'><strong>Crucigero</strong></span> <span class='ocrx_word' id='word_1_406' title='bbox 521 3557 658 3645; x_wconf 86' lang='lat' dir='ltr'><strong>dicere,</strong></span> <span class='ocrx_word' id='word_1_407' title='bbox 684 3566 770 3625; x_wconf 89' lang='lat' dir='ltr'><strong>tunc</strong></span> <span class='ocrx_word' id='word_1_408' title='bbox 791 3582 933 3651; x_wconf 91' lang='lat' dir='ltr'><strong>quoque</strong></span> <span class='ocrx_word' id='word_1_409' title='bbox 950 3557 1153 3647; x_wconf 90' lang='lat' dir='ltr'><strong>inspeciem</strong></span> <span class='ocrx_word' id='word_1_410' title='bbox 1307 3554 1488 3638; x_wconf 82' lang='lat' dir='ltr'><strong>Primum,</strong></span> <span class='ocrx_word' id='word_1_411' title='bbox 1514 3556 1598 3649; x_wconf 93' lang='lat' dir='ltr'><strong>quia</strong></span> <span class='ocrx_word' id='word_1_412' title='bbox 1616 3555 1655 3624; x_wconf 90' lang='lat' dir='ltr'><strong>in</strong></span> <span class='ocrx_word' id='word_1_413' title='bbox 1672 3555 1926 3626; x_wconf 89' lang='lat' dir='ltr'><strong>transferendis</strong></span> <span class='ocrx_word' id='word_1_414' title='bbox 1942 3555 1986 3627; x_wconf 90' lang='lat' dir='ltr'><strong>in</strong></span> <span class='ocrx_word' id='word_1_415' title='bbox 2005 3581 2200 3632; x_wconf 85' lang='lat' dir='ltr'><strong>sermonem</strong></span> 
     </span>
     <span class='ocr_line' id='line_1_33' title="bbox 156 3651 2202 3750; baseline 0.004 -24"><span class='ocrx_word' id='word_1_416' title='bbox 156 3660 275 3729; x_wconf 86' lang='lat' dir='ltr'><strong>visum</strong></span> <span class='ocrx_word' id='word_1_417' title='bbox 300 3682 372 3728; x_wconf 92' lang='lat' dir='ltr'><strong>esse</strong></span> <span class='ocrx_word' id='word_1_418' title='bbox 396 3657 541 3730; x_wconf 90' lang='lat' dir='ltr'><strong>caeteris</strong></span> <span class='ocrx_word' id='word_1_419' title='bbox 565 3657 782 3748; x_wconf 90' lang='lat' dir='ltr'><strong>segniorem,</strong></span> <span class='ocrx_word' id='word_1_420' title='bbox 814 3674 849 3731; x_wconf 92' lang='lat' dir='ltr'><strong>et</strong></span> <span class='ocrx_word' id='word_1_421' title='bbox 868 3673 984 3730; x_wconf 92' lang='lat' dir='ltr'><strong>tamen</strong></span> <span class='ocrx_word' id='word_1_422' title='bbox 1001 3660 1081 3750; x_wconf 89' lang='lat' dir='ltr'><strong>plus</strong></span> <span class='ocrx_word' id='word_1_423' title='bbox 1098 3660 1155 3729; x_wconf 90' lang='lat' dir='ltr'><strong>di·</strong></span> <span class='ocrx_word' id='word_1_424' title='bbox 1205 3657 1458 3731; x_wconf 87' lang='lat' dir='ltr'><strong>Germanicum</strong></span> <span class='ocrx_word' id='word_1_425' title='bbox 1482 3658 1585 3728; x_wconf 90' lang='lat' dir='ltr'><strong>libris</strong></span> <span class='ocrx_word' id='word_1_426' title='bbox 1604 3651 1821 3750; x_wconf 87' lang='lat' dir='ltr'><strong>propheticis</strong></span> <span class='ocrx_word' id='word_1_427' title='bbox 1843 3681 1974 3749; x_wconf 87' lang='lat' dir='ltr'><strong>magna</strong></span> <span class='ocrx_word' id='word_1_428' title='bbox 1999 3661 2098 3745; x_wconf 88' lang='lat' dir='ltr'><strong>lide,</strong></span> <span class='ocrx_word' id='word_1_429' title='bbox 2130 3661 2202 3733; x_wconf 85' lang='lat' dir='ltr'><strong>dili-</strong></span> 
     </span>
     <span class='ocr_line' id='line_1_34' title="bbox 158 3757 2199 3854; baseline 0.004 -25"><span class='ocrx_word' id='word_1_430' title='bbox 158 3761 305 3845; x_wconf 90' lang='lat' dir='ltr'><strong>dicisse,</strong></span> <span class='ocrx_word' id='word_1_431' title='bbox 339 3784 446 3854; x_wconf 90' lang='lat' dir='ltr'><strong>quam</strong></span> <span class='ocrx_word' id='word_1_432' title='bbox 476 3759 566 3830; x_wconf 91' lang='lat' dir='ltr'><strong>alios</strong></span> <span class='ocrx_word' id='word_1_433' title='bbox 590 3759 863 3835; x_wconf 90' lang='lat' dir='ltr'><strong>commilitones.</strong></span> <span class='ocrx_word' id='word_1_434' title='bbox 923 3759 1049 3831; x_wconf 86' lang='lat' dir='ltr'><strong>Postea</strong></span> <span class='ocrx_word' id='word_1_435' title='bbox 1074 3786 1153 3831; x_wconf 89' lang='lat' dir='ltr'><strong>cum</strong></span> <span class='ocrx_word' id='word_1_436' title='bbox 1202 3764 1320 3854; x_wconf 92' lang='lat' dir='ltr'><strong>gentia</strong></span> <span class='ocrx_word' id='word_1_437' title='bbox 1342 3775 1376 3832; x_wconf 90' lang='lat' dir='ltr'><strong>et</strong></span> <span class='ocrx_word' id='word_1_438' title='bbox 1398 3761 1627 3843; x_wconf 85' lang='lat' dir='ltr'><strong>adsiduitate,</strong></span> <span class='ocrx_word' id='word_1_439' title='bbox 1651 3757 1903 3833; x_wconf 85' lang='lat' dir='ltr'><strong>Reverendum</strong></span> <span class='ocrx_word' id='word_1_440' title='bbox 1930 3762 2058 3834; x_wconf 88' lang='lat' dir='ltr'><strong>virum</strong></span> <span class='ocrx_word' id='word_1_441' title='bbox 2075 3763 2199 3840; x_wconf 86' lang='lat' dir='ltr'><strong>D.bu·</strong></span> 
     </span>
     <span class='ocr_line' id='line_1_35' title="bbox 156 3857 2199 3956; baseline 0.002 -24"><span class='ocrx_word' id='word_1_442' title='bbox 156 3866 251 3956; x_wconf 93' lang='lat' dir='ltr'><strong>apud</strong></span> <span class='ocrx_word' id='word_1_443' title='bbox 261 3861 407 3932; x_wconf 92' lang='lat' dir='ltr'><strong>Petrum</strong></span> <span class='ocrx_word' id='word_1_444' title='bbox 418 3861 658 3933; x_wconf 90' lang='lat' dir='ltr'><strong>Mosellanum</strong></span> <span class='ocrx_word' id='word_1_445' title='bbox 676 3862 1002 3935; x_wconf 89' lang='lat' dir='ltr'><strong>formareLatinam</strong></span> <span class='ocrx_word' id='word_1_446' title='bbox 1019 3865 1153 3934; x_wconf 90' lang='lat' dir='ltr'><strong>oratio·</strong></span> <span class='ocrx_word' id='word_1_447' title='bbox 1202 3862 1344 3938; x_wconf 91' lang='lat' dir='ltr'><strong>therum</strong></span> <span class='ocrx_word' id='word_1_448' title='bbox 1375 3863 1525 3935; x_wconf 89' lang='lat' dir='ltr'><strong>adiuvit.</strong></span> <span class='ocrx_word' id='word_1_449' title='bbox 1593 3859 1672 3932; x_wconf 87' lang='lat' dir='ltr'><strong>Etsi</strong></span> <span class='ocrx_word' id='word_1_450' title='bbox 1702 3865 1798 3932; x_wconf 93' lang='lat' dir='ltr'><strong>enim</strong></span> <span class='ocrx_word' id='word_1_451' title='bbox 1820 3857 2005 3936; x_wconf 84' lang='lat' dir='ltr'><strong>Lutherus</strong></span> <span class='ocrx_word' id='word_1_452' title='bbox 2025 3863 2199 3939; x_wconf 88' lang='lat' dir='ltr'><strong>Ebraearn</strong></span> 
     </span>
     <span class='ocr_line' id='line_1_36' title="bbox 156 3962 2198 4060; baseline 0.003 -25"><span class='ocrx_word' id='word_1_453' title='bbox 156 3989 238 4035; x_wconf 92' lang='lat' dir='ltr'><strong>nem</strong></span> <span class='ocrx_word' id='word_1_454' title='bbox 265 3965 465 4052; x_wconf 87' lang='lat' dir='ltr'><strong>didicisset,</strong></span> <span class='ocrx_word' id='word_1_455' title='bbox 497 3964 590 4034; x_wconf 91' lang='lat' dir='ltr'><strong>etin</strong></span> <span class='ocrx_word' id='word_1_456' title='bbox 606 3962 743 4035; x_wconf 86' lang='lat' dir='ltr'><strong>Graeca</strong></span> <span class='ocrx_word' id='word_1_457' title='bbox 761 3965 881 4057; x_wconf 89' lang='lat' dir='ltr'><strong>lingua</strong></span> <span class='ocrx_word' id='word_1_458' title='bbox 899 3967 1051 4038; x_wconf 91' lang='lat' dir='ltr'><strong>multum</strong></span> <span class='ocrx_word' id='word_1_459' title='bbox 1068 3992 1152 4060; x_wconf 91' lang='lat' dir='ltr'><strong>pro·</strong></span> <span class='ocrx_word' id='word_1_460' title='bbox 1201 3970 1360 4059; x_wconf 87' lang='lat' dir='ltr'><strong>linguam</strong></span> <span class='ocrx_word' id='word_1_461' title='bbox 1385 3967 1496 4060; x_wconf 92' lang='lat' dir='ltr'><strong>probe</strong></span> <span class='ocrx_word' id='word_1_462' title='bbox 1522 3965 1690 4050; x_wconf 88' lang='lat' dir='ltr'><strong>callebat,</strong></span> <span class='ocrx_word' id='word_1_463' title='bbox 1722 3979 1842 4036; x_wconf 88' lang='lat' dir='ltr'><strong>tamen</strong></span> <span class='ocrx_word' id='word_1_464' title='bbox 1864 3966 1948 4059; x_wconf 90' lang='lat' dir='ltr'><strong>quia</strong></span> <span class='ocrx_word' id='word_1_465' title='bbox 1975 3967 2198 4043; x_wconf 84' lang='lat' dir='ltr'><strong>collationem</strong></span> 
     </span>
     <span class='ocr_line' id='line_1_37' title="bbox 156 4063 2239 4161; baseline 0.004 -26"><span class='ocrx_word' id='word_1_466' title='bbox 156 4066 290 4148; x_wconf 87' lang='lat' dir='ltr'><strong>liceret,</strong></span> <span class='ocrx_word' id='word_1_467' title='bbox 317 4068 412 4138; x_wconf 89' lang='lat' dir='ltr'><strong>etin</strong></span> <span class='ocrx_word' id='word_1_468' title='bbox 430 4068 592 4138; x_wconf 88' lang='lat' dir='ltr'><strong>moribus</strong></span> <span class='ocrx_word' id='word_1_469' title='bbox 615 4063 709 4137; x_wconf 92' lang='lat' dir='ltr'><strong>nihil</strong></span> <span class='ocrx_word' id='word_1_470' title='bbox 726 4084 815 4140; x_wconf 92' lang='lat' dir='ltr'><strong>esset</strong></span> <span class='ocrx_word' id='word_1_471' title='bbox 830 4071 1070 4160; x_wconf 86' lang='lat' dir='ltr'><strong>arrogantiae,</strong></span> <span class='ocrx_word' id='word_1_472' title='bbox 1096 4071 1152 4138; x_wconf 90' lang='lat' dir='ltr'><strong>ni·</strong></span> <span class='ocrx_word' id='word_1_473' title='bbox 1201 4071 1417 4144; x_wconf 90' lang='lat' dir='ltr'><strong>iudiciorum</strong></span> <span class='ocrx_word' id='word_1_474' title='bbox 1436 4067 1567 4139; x_wconf 90' lang='lat' dir='ltr'><strong>sciebat</strong></span> <span class='ocrx_word' id='word_1_475' title='bbox 1579 4091 1654 4137; x_wconf 90' lang='lat' dir='ltr'><strong>non</strong></span> <span class='ocrx_word' id='word_1_476' title='bbox 1672 4069 1956 4161; x_wconf 91' lang='lat' dir='ltr'><strong>adspernandam</strong></span> <span class='ocrx_word' id='word_1_477' title='bbox 1979 4095 2078 4160; x_wconf 87' lang='lat' dir='ltr'><strong>esse,</strong></span> <span class='ocrx_word' id='word_1_478' title='bbox 2104 4067 2198 4144; x_wconf 88' lang='lat' dir='ltr'><strong>adbi-</strong></span> <span class='ocrx_word' id='word_1_479' title='bbox 2237 4094 2239 4109; x_wconf 89' lang='grc'><strong><em>·</em></strong></span> 
     </span>
     <span class='ocr_line' id='line_1_38' title="bbox 153 4162 2196 4264; baseline 0.004 -27"><span class='ocrx_word' id='word_1_480' title='bbox 153 4162 208 4237; x_wconf 94' lang='lat' dir='ltr'><strong>bil</strong></span> <span class='ocrx_word' id='word_1_481' title='bbox 225 4168 454 4254; x_wconf 88' lang='lat' dir='ltr'><strong>insolentiae,</strong></span> <span class='ocrx_word' id='word_1_482' title='bbox 480 4164 575 4240; x_wconf 90' lang='lat' dir='ltr'><strong>nihil</strong></span> <span class='ocrx_word' id='word_1_483' title='bbox 590 4170 679 4256; x_wconf 92' lang='lat' dir='ltr'><strong>fuci,</strong></span> <span class='ocrx_word' id='word_1_484' title='bbox 701 4165 795 4239; x_wconf 92' lang='lat' dir='ltr'><strong>nihil</strong></span> <span class='ocrx_word' id='word_1_485' title='bbox 811 4173 1066 4264; x_wconf 88' lang='lat' dir='ltr'><strong>perversitatis,</strong></span> <span class='ocrx_word' id='word_1_486' title='bbox 1090 4176 1150 4243; x_wconf 90' lang='lat' dir='ltr'><strong>sed</strong></span> <span class='ocrx_word' id='word_1_487' title='bbox 1202 4174 1280 4245; x_wconf 94' lang='lat' dir='ltr'><strong>buit</strong></span> <span class='ocrx_word' id='word_1_488' title='bbox 1303 4174 1398 4242; x_wconf 90' lang='lat' dir='ltr'><strong>viros</strong></span> <span class='ocrx_word' id='word_1_489' title='bbox 1422 4169 1463 4242; x_wconf 94' lang='lat' dir='ltr'><strong>in</strong></span> <span class='ocrx_word' id='word_1_490' title='bbox 1479 4195 1517 4241; x_wconf 93' lang='lat' dir='ltr'><strong>ea</strong></span> <span class='ocrx_word' id='word_1_491' title='bbox 1542 4171 1661 4260; x_wconf 92' lang='lat' dir='ltr'><strong>lingua</strong></span> <span class='ocrx_word' id='word_1_492' title='bbox 1679 4172 1858 4262; x_wconf 91' lang='lat' dir='ltr'><strong>praeclare</strong></span> <span class='ocrx_word' id='word_1_493' title='bbox 1874 4172 2059 4259; x_wconf 86' lang='lat' dir='ltr'><strong>eruditos,</strong></span> <span class='ocrx_word' id='word_1_494' title='bbox 2083 4173 2196 4247; x_wconf 85' lang='lat' dir='ltr'><strong>Auro·</strong></span> 
     </span>
     <span class='ocr_line' id='line_1_39' title="bbox 154 4270 2197 4369; baseline 0.003 -28"><span class='ocrx_word' id='word_1_495' title='bbox 154 4284 282 4342; x_wconf 91' lang='lat' dir='ltr'><strong>natura</strong></span> <span class='ocrx_word' id='word_1_496' title='bbox 304 4285 418 4358; x_wconf 88' lang='lat' dir='ltr'><strong>recta,</strong></span> <span class='ocrx_word' id='word_1_497' title='bbox 445 4273 617 4357; x_wconf 91' lang='lat' dir='ltr'><strong>candida,</strong></span> <span class='ocrx_word' id='word_1_498' title='bbox 642 4273 822 4366; x_wconf 86' lang='lat' dir='ltr'><strong>modesta,</strong></span> <span class='ocrx_word' id='word_1_499' title='bbox 855 4275 1065 4369; x_wconf 90' lang='lat' dir='ltr'><strong>disciplinae</strong></span> <span class='ocrx_word' id='word_1_500' title='bbox 1086 4300 1152 4368; x_wconf 90' lang='lat' dir='ltr'><strong>pa·</strong></span> <span class='ocrx_word' id='word_1_501' title='bbox 1200 4276 1354 4366; x_wconf 90' lang='lat' dir='ltr'><strong>gallum,</strong></span> <span class='ocrx_word' id='word_1_502' title='bbox 1378 4270 1610 4364; x_wconf 90' lang='lat' dir='ltr'><strong>Crucigerum</strong></span> <span class='ocrx_word' id='word_1_503' title='bbox 1631 4287 1666 4344; x_wconf 93' lang='lat' dir='ltr'><strong>et</strong></span> <span class='ocrx_word' id='word_1_504' title='bbox 1688 4272 1906 4345; x_wconf 81' lang='lat' dir='ltr'><strong>Forsterum.</strong></span> <span class='ocrx_word' id='word_1_505' title='bbox 1958 4272 2043 4349; x_wconf 87' lang='lat' dir='ltr'><strong>Hos</strong></span> <span class='ocrx_word' id='word_1_506' title='bbox 2056 4292 2095 4351; x_wconf 88' lang='lat' dir='ltr'><strong>et</strong></span> <span class='ocrx_word' id='word_1_507' title='bbox 2109 4276 2197 4349; x_wconf 90' lang='lat' dir='ltr'><strong>iudi·</strong></span> 
     </span>
     <span class='ocr_line' id='line_1_40' title="bbox 152 4374 2196 4472; baseline 0.004 -27"><span class='ocrx_word' id='word_1_508' title='bbox 152 4374 260 4460; x_wconf 89' lang='lat' dir='ltr'><strong>tiens‚</strong></span> <span class='ocrx_word' id='word_1_509' title='bbox 291 4398 413 4446; x_wconf 91' lang='lat' dir='ltr'><strong>amans</strong></span> <span class='ocrx_word' id='word_1_510' title='bbox 442 4377 646 4460; x_wconf 90' lang='lat' dir='ltr'><strong>veritatem,</strong></span> <span class='ocrx_word' id='word_1_511' title='bbox 678 4374 843 4464; x_wconf 88' lang='lat' dir='ltr'><strong>pietatem</strong></span> <span class='ocrx_word' id='word_1_512' title='bbox 875 4402 956 4470; x_wconf 88' lang='lat' dir='ltr'><strong>erga</strong></span> <span class='ocrx_word' id='word_1_513' title='bbox 976 4375 1091 4449; x_wconf 89' lang='lat' dir='ltr'><strong>Deum</strong></span> <span class='ocrx_word' id='word_1_514' title='bbox 1115 4391 1152 4449; x_wconf 90' lang='lat' dir='ltr'><strong>et</strong></span> <span class='ocrx_word' id='word_1_515' title='bbox 1199 4402 1256 4449; x_wconf 90' lang='lat' dir='ltr'><strong>ces</strong></span> <span class='ocrx_word' id='word_1_516' title='bbox 1277 4378 1317 4448; x_wconf 91' lang='lat' dir='ltr'><strong>in</strong></span> <span class='ocrx_word' id='word_1_517' title='bbox 1340 4376 1501 4447; x_wconf 90' lang='lat' dir='ltr'><strong>obscuris</strong></span> <span class='ocrx_word' id='word_1_518' title='bbox 1523 4375 1631 4458; x_wconf 88' lang='lat' dir='ltr'><strong>locis,</strong></span> <span class='ocrx_word' id='word_1_519' title='bbox 1658 4388 1694 4447; x_wconf 92' lang='lat' dir='ltr'><strong>et</strong></span> <span class='ocrx_word' id='word_1_520' title='bbox 1716 4399 1800 4447; x_wconf 87' lang='lat' dir='ltr'><strong>suae</strong></span> <span class='ocrx_word' id='word_1_521' title='bbox 1815 4377 1899 4447; x_wconf 87' lang='lat' dir='ltr'><strong>fidei</strong></span> <span class='ocrx_word' id='word_1_522' title='bbox 1924 4401 1968 4448; x_wconf 90' lang='lat' dir='ltr'><strong>ac</strong></span> <span class='ocrx_word' id='word_1_523' title='bbox 1994 4378 2196 4472; x_wconf 78' lang='lat' dir='ltr'><strong>diligentias</strong></span> 
     </span>
     <span class='ocr_line' id='line_1_41' title="bbox 152 4466 1596 4572; baseline 0 -25"><span class='ocrx_word' id='word_1_524' title='bbox 152 4477 363 4548; x_wconf 89' lang='lat' dir='ltr'><strong>castitatem:</strong></span> <span class='ocrx_word' id='word_1_525' title='bbox 386 4476 513 4550; x_wconf 87' lang='lat' dir='ltr'><strong>Petrus</strong></span> <span class='ocrx_word' id='word_1_526' title='bbox 528 4466 627 4563; x_wconf 65' lang='lat' dir='ltr'><strong>dum,</strong></span> <span class='ocrx_word' id='word_1_527' title='bbox 653 4489 692 4548; x_wconf 93' lang='lat' dir='ltr'><strong>ut</strong></span> <span class='ocrx_word' id='word_1_528' title='bbox 708 4493 784 4550; x_wconf 88' lang='lat' dir='ltr'><strong>erat</strong></span> <span class='ocrx_word' id='word_1_529' title='bbox 802 4503 905 4572; x_wconf 83' lang='lat' dir='ltr'><strong>sagax</strong></span> <span class='ocrx_word' id='word_1_530' title='bbox 922 4480 1149 4571; x_wconf 90' lang='lat' dir='ltr'><strong>ingeniorum</strong></span> <span class='ocrx_word' id='word_1_531' title='bbox 1199 4494 1302 4553; x_wconf 84' lang='lat' dir='ltr'><strong>testes</strong></span> <span class='ocrx_word' id='word_1_532' title='bbox 1317 4475 1449 4551; x_wconf 88' lang='lat' dir='ltr'><strong>habere</strong></span> <span class='ocrx_word' id='word_1_533' title='bbox 1472 4478 1596 4548; x_wconf 89' lang='lat' dir='ltr'><strong>voluit.</strong></span> 
     </span>
     <span class='ocr_line' id='line_1_42' title="bbox 151 4579 2196 4671; baseline 0.005 -23"><span class='ocrx_word' id='word_1_534' title='bbox 151 4602 294 4665; x_wconf 89' lang='lat' dir='ltr'><strong>censor,</strong></span> <span class='ocrx_word' id='word_1_535' title='bbox 326 4581 377 4651; x_wconf 86' lang='lat' dir='ltr'><strong>ita</strong></span> <span class='ocrx_word' id='word_1_536' title='bbox 395 4597 435 4651; x_wconf 91' lang='lat' dir='ltr'><strong>ut</strong></span> <span class='ocrx_word' id='word_1_537' title='bbox 457 4582 572 4651; x_wconf 87' lang='lat' dir='ltr'><strong>filium</strong></span> <span class='ocrx_word' id='word_1_538' title='bbox 594 4581 797 4671; x_wconf 87' lang='lat' dir='ltr'><strong>complexus</strong></span> <span class='ocrx_word' id='word_1_539' title='bbox 825 4598 897 4668; x_wconf 90' lang='lat' dir='ltr'><strong>est,</strong></span> <span class='ocrx_word' id='word_1_540' title='bbox 931 4597 965 4655; x_wconf 94' lang='lat' dir='ltr'><strong>et</strong></span> <span class='ocrx_word' id='word_1_541' title='bbox 989 4582 1151 4653; x_wconf 91' lang='lat' dir='ltr'><strong>laudavit</strong></span> <span class='ocrx_word' id='word_1_542' title='bbox 1239 4624 1255 4650; x_wconf 76' lang='grc'><strong>.</strong></span> <span class='ocrx_word' id='word_1_543' title='bbox 1299 4581 1484 4653; x_wconf 88' lang='lat' dir='ltr'><strong>Praeterea</strong></span> <span class='ocrx_word' id='word_1_544' title='bbox 1499 4604 1581 4651; x_wconf 89' lang='lat' dir='ltr'><strong>cum</strong></span> <span class='ocrx_word' id='word_1_545' title='bbox 1598 4593 1688 4651; x_wconf 90' lang='lat' dir='ltr'><strong>esset</strong></span> <span class='ocrx_word' id='word_1_546' title='bbox 1702 4579 1743 4650; x_wconf 92' lang='lat' dir='ltr'><strong>in</strong></span> <span class='ocrx_word' id='word_1_547' title='bbox 1759 4582 1947 4652; x_wconf 88' lang='lat' dir='ltr'><strong>scribendo</strong></span> <span class='ocrx_word' id='word_1_548' title='bbox 1962 4583 2060 4657; x_wconf 83' lang='lat' dir='ltr'><strong>mira</strong></span> <span class='ocrx_word' id='word_1_549' title='bbox 2076 4582 2196 4657; x_wconf 72' lang='lat' dir='ltr'><strong>edui-</strong></span> 
     </span>
     <span class='ocr_line' id='line_1_43' title="bbox 151 4680 2193 4776; baseline 0.006 -26"><span class='ocrx_word' id='word_1_550' title='bbox 151 4680 329 4769; x_wconf 90' lang='lat' dir='ltr'><strong>indolem,</strong></span> <span class='ocrx_word' id='word_1_551' title='bbox 363 4684 498 4770; x_wconf 90' lang='lat' dir='ltr'><strong>studia,</strong></span> <span class='ocrx_word' id='word_1_552' title='bbox 530 4696 566 4755; x_wconf 94' lang='lat' dir='ltr'><strong>et</strong></span> <span class='ocrx_word' id='word_1_553' title='bbox 584 4706 702 4754; x_wconf 87' lang='lat' dir='ltr'><strong>mores</strong></span> <span class='ocrx_word' id='word_1_554' title='bbox 725 4683 959 4756; x_wconf 84' lang='lat' dir='ltr'><strong>adolescentis</strong></span> <span class='ocrx_word' id='word_1_555' title='bbox 982 4684 1147 4755; x_wconf 89' lang='lat' dir='ltr'><strong>universa</strong></span> <span class='ocrx_word' id='word_1_556' title='bbox 1198 4698 1250 4756; x_wconf 88' lang='lat' dir='ltr'><strong>tas</strong></span> <span class='ocrx_word' id='word_1_557' title='bbox 1277 4682 1479 4775; x_wconf 88' lang='lat' dir='ltr'><strong>Crucigeri,</strong></span> <span class='ocrx_word' id='word_1_558' title='bbox 1512 4704 1676 4772; x_wconf 88' lang='lat' dir='ltr'><strong>magnam</strong></span> <span class='ocrx_word' id='word_1_559' title='bbox 1709 4698 1843 4776; x_wconf 88' lang='lat' dir='ltr'><strong>partem</strong></span> <span class='ocrx_word' id='word_1_560' title='bbox 1868 4687 2145 4761; x_wconf 89' lang='lat' dir='ltr'><strong>enarrationum</strong></span> <span class='ocrx_word' id='word_1_561' title='bbox 2162 4699 2193 4761; x_wconf 80' lang='lat' dir='ltr'><strong>el</strong></span> 
     </span>
     <span class='ocr_line' id='line_1_44' title="bbox 150 4780 2193 4887; baseline 0.002 -33"><span class='ocrx_word' id='word_1_562' title='bbox 150 4781 355 4858; x_wconf 87' lang='lat' dir='ltr'><strong>Academia.</strong></span> <span class='ocrx_word' id='word_1_563' title='bbox 384 4842 386 4846; x_wconf 94' lang='lat'><strong>.</strong></span> <span class='ocrx_word' id='word_1_564' title='bbox 1196 4788 1409 4859; x_wconf 92' lang='lat' dir='ltr'><strong>concionum</strong></span> <span class='ocrx_word' id='word_1_565' title='bbox 1423 4780 1573 4856; x_wconf 89' lang='lat' dir='ltr'><strong>Lutheri</strong></span> <span class='ocrx_word' id='word_1_566' title='bbox 1587 4785 1721 4877; x_wconf 85' lang='lat' dir='ltr'><strong>excepit</strong></span> <span class='ocrx_word' id='word_1_567' title='bbox 1738 4786 1777 4855; x_wconf 93' lang='lat' dir='ltr'><strong>in</strong></span> <span class='ocrx_word' id='word_1_568' title='bbox 1788 4782 1920 4858; x_wconf 89' lang='lat' dir='ltr'><strong>scholis</strong></span> <span class='ocrx_word' id='word_1_569' title='bbox 1933 4802 1968 4859; x_wconf 87' lang='lat' dir='ltr'><strong>et</strong></span> <span class='ocrx_word' id='word_1_570' title='bbox 1980 4790 2022 4858; x_wconf 96' lang='lat' dir='ltr'><strong>in</strong></span> <span class='ocrx_word' id='word_1_571' title='bbox 2041 4788 2193 4887; x_wconf 88' lang='lat' dir='ltr'><strong>templis:</strong></span> 
     </span>
     <span class='ocr_line' id='line_1_45' title="bbox 248 4881 2195 4983; baseline 0.004 -28"><span class='ocrx_word' id='word_1_572' title='bbox 248 4881 345 4955; x_wconf 82' lang='lat' dir='ltr'><strong>Cum</strong></span> <span class='ocrx_word' id='word_1_573' title='bbox 371 4897 490 4956; x_wconf 89' lang='lat' dir='ltr'><strong>autem</strong></span> <span class='ocrx_word' id='word_1_574' title='bbox 525 4888 725 4959; x_wconf 90' lang='lat' dir='ltr'><strong>utilissimis</strong></span> <span class='ocrx_word' id='word_1_575' title='bbox 756 4888 931 4959; x_wconf 81' lang='lat' dir='ltr'><strong>exercitiis</strong></span> <span class='ocrx_word' id='word_1_576' title='bbox 960 4887 1146 4980; x_wconf 90' lang='lat' dir='ltr'><strong>utriusque</strong></span> <span class='ocrx_word' id='word_1_577' title='bbox 1195 4912 1283 4983; x_wconf 87' lang='lat' dir='ltr'><strong>quas</strong></span> <span class='ocrx_word' id='word_1_578' title='bbox 1312 4903 1348 4960; x_wconf 89' lang='lat' dir='ltr'><strong>et</strong></span> <span class='ocrx_word' id='word_1_579' title='bbox 1374 4888 1544 4960; x_wconf 88' lang='lat' dir='ltr'><strong>brevibus</strong></span> <span class='ocrx_word' id='word_1_580' title='bbox 1572 4887 1667 4959; x_wconf 92' lang='lat' dir='ltr'><strong>notis</strong></span> <span class='ocrx_word' id='word_1_581' title='bbox 1697 4888 1917 4961; x_wconf 88' lang='lat' dir='ltr'><strong>velocissime</strong></span> <span class='ocrx_word' id='word_1_582' title='bbox 1949 4892 2134 4983; x_wconf 81' lang='lat' dir='ltr'><strong>scribere,</strong></span> <span class='ocrx_word' id='word_1_583' title='bbox 2161 4904 2195 4967; x_wconf 82' lang='lat' dir='ltr'><strong>st</strong></span> 
     </span>
     <span class='ocr_line' id='line_1_46' title="bbox 148 4985 2194 5084; baseline 0.007 -29"><span class='ocrx_word' id='word_1_584' title='bbox 148 4986 291 5077; x_wconf 89' lang='lat' dir='ltr'><strong>linguae</strong></span> <span class='ocrx_word' id='word_1_585' title='bbox 312 4988 407 5081; x_wconf 90' lang='lat' dir='ltr'><strong>apud</strong></span> <span class='ocrx_word' id='word_1_586' title='bbox 430 4985 576 5060; x_wconf 82' lang='lat' dir='ltr'><strong>Petrum</strong></span> <span class='ocrx_word' id='word_1_587' title='bbox 597 4989 752 5081; x_wconf 90' lang='lat' dir='ltr'><strong>amplius</strong></span> <span class='ocrx_word' id='word_1_588' title='bbox 774 4991 1010 5084; x_wconf 91' lang='lat' dir='ltr'><strong>quadriennio</strong></span> <span class='ocrx_word' id='word_1_589' title='bbox 1025 4990 1146 5060; x_wconf 88' lang='lat' dir='ltr'><strong>excul-</strong></span> <span class='ocrx_word' id='word_1_590' title='bbox 1194 5006 1314 5084; x_wconf 90' lang='lat' dir='ltr'><strong>postea</strong></span> <span class='ocrx_word' id='word_1_591' title='bbox 1336 5012 1459 5063; x_wconf 87' lang='lat' dir='ltr'><strong>rursus</strong></span> <span class='ocrx_word' id='word_1_592' title='bbox 1481 4989 1628 5080; x_wconf 88' lang='lat' dir='ltr'><strong>integris</strong></span> <span class='ocrx_word' id='word_1_593' title='bbox 1650 4990 1796 5084; x_wconf 90' lang='lat' dir='ltr'><strong>syllabis</strong></span> <span class='ocrx_word' id='word_1_594' title='bbox 1815 5016 1856 5062; x_wconf 92' lang='lat' dir='ltr'><strong>ac</strong></span> <span class='ocrx_word' id='word_1_595' title='bbox 1873 4992 2194 5075; x_wconf 60' lang='lat' dir='ltr'><strong>dictionibusrstle</strong></span> 
     </span>
     <span class='ocr_line' id='line_1_47' title="bbox 150 5091 2239 5188; baseline 0.004 -30"><span class='ocrx_word' id='word_1_596' title='bbox 150 5101 206 5158; x_wconf 92' lang='lat' dir='ltr'><strong>tus</strong></span> <span class='ocrx_word' id='word_1_597' title='bbox 238 5104 345 5176; x_wconf 89' lang='lat' dir='ltr'><strong>esset,</strong></span> <span class='ocrx_word' id='word_1_598' title='bbox 377 5104 412 5161; x_wconf 94' lang='lat' dir='ltr'><strong>et</strong></span> <span class='ocrx_word' id='word_1_599' title='bbox 448 5105 592 5184; x_wconf 88' lang='lat' dir='ltr'><strong>propter</strong></span> <span class='ocrx_word' id='word_1_600' title='bbox 628 5091 725 5161; x_wconf 90' lang='lat' dir='ltr'><strong>luem</strong></span> <span class='ocrx_word' id='word_1_601' title='bbox 754 5091 897 5184; x_wconf 87' lang='lat' dir='ltr'><strong>Lipsiae</strong></span> <span class='ocrx_word' id='word_1_602' title='bbox 928 5105 1143 5185; x_wconf 88' lang='lat' dir='ltr'><strong>grassantem</strong></span> <span class='ocrx_word' id='word_1_603' title='bbox 1193 5094 1285 5165; x_wconf 90' lang='lat' dir='ltr'><strong>ditas</strong></span> <span class='ocrx_word' id='word_1_604' title='bbox 1308 5097 1431 5179; x_wconf 90' lang='lat' dir='ltr'><strong>edere,</strong></span> <span class='ocrx_word' id='word_1_605' title='bbox 1459 5115 1608 5182; x_wconf 89' lang='lat' dir='ltr'><strong>magnae</strong></span> <span class='ocrx_word' id='word_1_606' title='bbox 1633 5093 1830 5165; x_wconf 84' lang='lat' dir='ltr'><strong>industriae</strong></span> <span class='ocrx_word' id='word_1_607' title='bbox 1851 5109 1887 5168; x_wconf 90' lang='lat' dir='ltr'><strong>et</strong></span> <span class='ocrx_word' id='word_1_608' title='bbox 1911 5101 2039 5188; x_wconf 90' lang='lat' dir='ltr'><strong>magni</strong></span> <span class='ocrx_word' id='word_1_609' title='bbox 2064 5096 2194 5185; x_wconf 64' lang='lat' dir='ltr'><strong>laboth</strong></span> <span class='ocrx_word' id='word_1_610' title='bbox 2237 5116 2239 5127; x_wconf 90' lang='grc'><strong><em>·</em></strong></span> 
     </span>
     <span class='ocr_line' id='line_1_48' title="bbox 146 5191 2239 5297; baseline 0.007 -36"><span class='ocrx_word' id='word_1_611' title='bbox 146 5191 327 5284; x_wconf 91' lang='lat' dir='ltr'><strong>paulisper</strong></span> <span class='ocrx_word' id='word_1_612' title='bbox 341 5194 577 5263; x_wconf 90' lang='lat' dir='ltr'><strong>secedendum</strong></span> <span class='ocrx_word' id='word_1_613' title='bbox 590 5207 696 5280; x_wconf 87' lang='lat' dir='ltr'><strong>esset,</strong></span> <span class='ocrx_word' id='word_1_614' title='bbox 721 5219 792 5265; x_wconf 94' lang='lat' dir='ltr'><strong>una</strong></span> <span class='ocrx_word' id='word_1_615' title='bbox 810 5219 891 5265; x_wconf 89' lang='lat' dir='ltr'><strong>cum</strong></span> <span class='ocrx_word' id='word_1_616' title='bbox 901 5195 1064 5267; x_wconf 91' lang='lat' dir='ltr'><strong>Bornero</strong></span> <span class='ocrx_word' id='word_1_617' title='bbox 1080 5219 1142 5263; x_wconf 89' lang='lat' dir='ltr'><strong>ve-</strong></span> <span class='ocrx_word' id='word_1_618' title='bbox 1191 5220 1281 5289; x_wconf 87' lang='lat' dir='ltr'><strong>opus</strong></span> <span class='ocrx_word' id='word_1_619' title='bbox 1310 5197 1399 5277; x_wconf 86' lang='lat' dir='ltr'><strong>fuit,</strong></span> <span class='ocrx_word' id='word_1_620' title='bbox 1432 5218 1502 5289; x_wconf 89' lang='lat' dir='ltr'><strong>qua</strong></span> <span class='ocrx_word' id='word_1_621' title='bbox 1533 5195 1573 5264; x_wconf 92' lang='lat' dir='ltr'><strong>in</strong></span> <span class='ocrx_word' id='word_1_622' title='bbox 1598 5218 1636 5266; x_wconf 91' lang='lat' dir='ltr'><strong>re</strong></span> <span class='ocrx_word' id='word_1_623' title='bbox 1659 5195 1765 5265; x_wconf 87' lang='lat' dir='ltr'><strong>fidem</strong></span> <span class='ocrx_word' id='word_1_624' title='bbox 1787 5197 1899 5288; x_wconf 89' lang='lat' dir='ltr'><strong>ipsius</strong></span> <span class='ocrx_word' id='word_1_625' title='bbox 1924 5202 2102 5291; x_wconf 86' lang='lat' dir='ltr'><strong>probavit</strong></span> <span class='ocrx_word' id='word_1_626' title='bbox 2122 5200 2193 5297; x_wconf 77' lang='lat' dir='ltr'><strong>ipse</strong></span> <span class='ocrx_word' id='word_1_627' title='bbox 2237 5194 2239 5203; x_wconf 50' lang='lat'><strong>¹</strong></span> 
     </span>
     <span class='ocr_line' id='line_1_49' title="bbox 146 5289 2192 5393; baseline 0.008 -32"><span class='ocrx_word' id='word_1_628' title='bbox 146 5294 201 5365; x_wconf 89' lang='lat' dir='ltr'><strong>nit</strong></span> <span class='ocrx_word' id='word_1_629' title='bbox 212 5294 251 5363; x_wconf 91' lang='lat' dir='ltr'><strong>in</strong></span> <span class='ocrx_word' id='word_1_630' title='bbox 265 5289 358 5365; x_wconf 87' lang='lat' dir='ltr'><strong>hanc</strong></span> <span class='ocrx_word' id='word_1_631' title='bbox 373 5294 525 5363; x_wconf 88' lang='lat' dir='ltr'><strong>vicinam</strong></span> <span class='ocrx_word' id='word_1_632' title='bbox 540 5291 790 5383; x_wconf 89' lang='lat' dir='ltr'><strong>Academiam,</strong></span> <span class='ocrx_word' id='word_1_633' title='bbox 816 5300 1004 5392; x_wconf 91' lang='lat' dir='ltr'><strong>praecipue</strong></span> <span class='ocrx_word' id='word_1_634' title='bbox 1018 5312 1058 5371; x_wconf 87' lang='lat' dir='ltr'><strong>ut</strong></span> <span class='ocrx_word' id='word_1_635' title='bbox 1072 5297 1140 5366; x_wconf 90' lang='lat' dir='ltr'><strong>do·</strong></span> <span class='ocrx_word' id='word_1_636' title='bbox 1189 5295 1380 5370; x_wconf 88' lang='lat' dir='ltr'><strong>Lutherus.</strong></span> <span class='ocrx_word' id='word_1_637' title='bbox 1437 5293 1487 5370; x_wconf 86' lang='lat' dir='ltr'><strong>Et</strong></span> <span class='ocrx_word' id='word_1_638' title='bbox 1510 5310 1597 5369; x_wconf 92' lang='lat' dir='ltr'><strong>teste</strong></span> <span class='ocrx_word' id='word_1_639' title='bbox 1617 5295 1772 5369; x_wconf 89' lang='lat' dir='ltr'><strong>Rorario</strong></span> <span class='ocrx_word' id='word_1_640' title='bbox 1797 5300 1875 5369; x_wconf 89' lang='lat' dir='ltr'><strong>viro</strong></span> <span class='ocrx_word' id='word_1_641' title='bbox 1892 5302 2192 5393; x_wconf 61' lang='lat' dir='ltr'><strong>integrm-imma</strong></span> 
     </span>
     <span class='ocr_line' id='line_1_50' title="bbox 144 5396 2192 5505; baseline 0.006 -39"><span class='ocrx_word' id='word_1_642' title='bbox 144 5396 257 5468; x_wconf 88' lang='lat' dir='ltr'><strong>ctrina</strong></span> <span class='ocrx_word' id='word_1_643' title='bbox 279 5398 323 5467; x_wconf 91' lang='lat' dir='ltr'><strong>de</strong></span> <span class='ocrx_word' id='word_1_644' title='bbox 346 5396 421 5469; x_wconf 92' lang='lat' dir='ltr'><strong>Deo</strong></span> <span class='ocrx_word' id='word_1_645' title='bbox 447 5409 539 5467; x_wconf 85' lang='lat' dir='ltr'><strong>recte</strong></span> <span class='ocrx_word' id='word_1_646' title='bbox 569 5400 728 5491; x_wconf 88' lang='lat' dir='ltr'><strong>cognita,</strong></span> <span class='ocrx_word' id='word_1_647' title='bbox 756 5400 850 5469; x_wconf 89' lang='lat' dir='ltr'><strong>veris</strong></span> <span class='ocrx_word' id='word_1_648' title='bbox 874 5401 998 5473; x_wconf 83' lang='lat' dir='ltr'><strong>officiis</strong></span> <span class='ocrx_word' id='word_1_649' title='bbox 1020 5399 1137 5473; x_wconf 88' lang='lat' dir='ltr'><strong>Deum</strong></span> <span class='ocrx_word' id='word_1_650' title='bbox 1188 5425 1261 5494; x_wconf 94' lang='lat' dir='ltr'><strong>quo</strong></span> <span class='ocrx_word' id='word_1_651' title='bbox 1284 5403 1323 5473; x_wconf 91' lang='lat' dir='ltr'><strong>in</strong></span> <span class='ocrx_word' id='word_1_652' title='bbox 1348 5398 1417 5472; x_wconf 94' lang='lat' dir='ltr'><strong>hoc</strong></span> <span class='ocrx_word' id='word_1_653' title='bbox 1431 5400 1554 5471; x_wconf 91' lang='lat' dir='ltr'><strong>labore</strong></span> <span class='ocrx_word' id='word_1_654' title='bbox 1570 5423 1711 5491; x_wconf 90' lang='lat' dir='ltr'><strong>semper</strong></span> <span class='ocrx_word' id='word_1_655' title='bbox 1731 5401 1873 5473; x_wconf 92' lang='lat' dir='ltr'><strong>adiutus</strong></span> <span class='ocrx_word' id='word_1_656' title='bbox 1888 5418 1958 5490; x_wconf 91' lang='lat' dir='ltr'><strong>est,</strong></span> <span class='ocrx_word' id='word_1_657' title='bbox 1984 5408 2100 5480; x_wconf 88' lang='lat' dir='ltr'><strong>etiam</strong></span> <span class='ocrx_word' id='word_1_658' title='bbox 2115 5420 2192 5505; x_wconf 85' lang='lat' dir='ltr'><strong>post</strong></span> 
     </span>
     <span class='ocr_line' id='line_1_51' title="bbox 140 5494 1826 5597; baseline -0.001 -17"><span class='ocrx_word' id='word_1_659' title='bbox 140 5499 292 5580; x_wconf 71' lang='lat' dir='ltr'><strong>toleret,</strong></span> <span class='ocrx_word' id='word_1_660' title='bbox 317 5511 352 5569; x_wconf 77' lang='lat' dir='ltr'><strong>el</strong></span> <span class='ocrx_word' id='word_1_661' title='bbox 365 5494 544 5571; x_wconf 70' lang='lat' dir='ltr'><strong>Ecclesiae</strong></span> <span class='ocrx_word' id='word_1_662' title='bbox 559 5517 680 5595; x_wconf 88' lang='lat' dir='ltr'><strong>postea</strong></span> <span class='ocrx_word' id='word_1_663' title='bbox 697 5503 777 5575; x_wconf 89' lang='lat' dir='ltr'><strong>usui</strong></span> <span class='ocrx_word' id='word_1_664' title='bbox 792 5526 867 5574; x_wconf 86' lang='lat' dir='ltr'><strong>esse</strong></span> <span class='ocrx_word' id='word_1_665' title='bbox 881 5519 1011 5597; x_wconf 86' lang='lat' dir='ltr'><strong>posset.</strong></span> <span class='ocrx_word' id='word_1_666' title='bbox 1045 5501 1136 5575; x_wconf 82' lang='lat' dir='ltr'><strong>Nam</strong></span> <span class='ocrx_word' id='word_1_667' title='bbox 1186 5500 1337 5578; x_wconf 86' lang='lat' dir='ltr'><strong>Lutheri</strong></span> <span class='ocrx_word' id='word_1_668' title='bbox 1351 5517 1504 5577; x_wconf 89' lang='lat' dir='ltr'><strong>mortem</strong></span> <span class='ocrx_word' id='word_1_669' title='bbox 1518 5503 1623 5574; x_wconf 83' lang='lat' dir='ltr'><strong>fidem</strong></span> <span class='ocrx_word' id='word_1_670' title='bbox 1638 5503 1826 5595; x_wconf 85' lang='lat' dir='ltr'><strong>praestitit.</strong></span> 
     </span>
    </p>
   </div>
   <div class='ocr_carea' id='block_1_3' title="bbox 0 0 2336 6022">
    <p class='ocr_par' dir='ltr' id='par_1_3' title="bbox 0 0 2336 6022">
     <span class='ocr_line' id='line_1_52' title="bbox 0 0 2336 6022; baseline 0 3"><span class='ocrx_word' id='word_1_671' title='bbox 0 0 2336 6022; x_wconf 95' lang='lat' dir='ltr'><strong> </strong></span> 
     </span>
    </p>
   </div>
  </div>
 </body>
</html>
