4664 6022
141 311 213 386 791
260 308 270 335 ‘
646 307 808 384 DECb
859 306 934 382 DE
969 307 1190 385 TRlBUS
1224 303 1491 384 statuae
1522 306 1710 389 sams,
2124 313 2194 393 tas

152 484 322 578 scriptum
338 506 429 569 esse,
455 494 491 555 et
505 494 624 576 postea
642 483 849 574 repetitum,
873 496 915 554 ut
935 483 1060 554 lectori
1075 507 1151 555 non
1198 495 1315 552 motus
1341 483 1501 553 cordium
1535 484 1728 555 convenire
1759 500 1936 580 oportere.
1970 466 2084 560 ‘Non
2109 490 2196 564 ludit

152 584 273 659 hebeti
295 586 502 658 discrimina
523 585 643 680 aliqua
664 585 704 654 in
722 585 951 658 audientibus
974 588 1152 678 significa-
1199 584 1431 675 opinionibus
1446 589 1490 656 de
1505 583 1602 671 Deo,
1629 601 1669 659 nt
1683 583 1915 681 Philosophi,
1940 603 2004 661 ant
2020 591 2196 664 idolorum

153 704 291 764 rentur.
1129 780 1135 788 1
1199 687 1347 777 plastae:
1381 712 1457 757 non
1475 688 1624 760 inflectit
1645 692 1846 762 doctrinam
1869 693 1913 763 ad
1935 693 2104 786 politicas
2125 695 2197 787 opi-

257 808 332 879 Nee
345 801 435 877 mihi
453 806 633 899 displicet,
659 808 756 901 quod
773 806 886 903 aliqui
901 808 970 881 tria
992 821 1151 903 tempora
1199 789 1343 875 ⁰5⁰⁰&
1368 792 1428 860 “d
1445 805 1649 862 “velem“
1664 794 1854 888 ⁸⁰q⁰l⁰⁸⁰ll
1868 794 1908 864 5¹¹
1925 819 2013 866 Μ
2029 798 2196 890 P⁶l⁸f³⁰¹⁸

155 912 376 1002 intelligunt,
404 923 542 981 coetum
561 920 724 980 vocatum
746 921 827 980 ante
848 911 1046 997 diluvium,
1072 935 1152 981 coe·
1199 888 1323 964 ³⁰²⁰·

156 1028 233 1086 tum
248 1013 410 1082 vocatum
433 1024 513 1103 post
534 1011 710 1081 diluvium
728 1035 841 1106 nsque
861 1015 905 1082 ad
924 1014 1153 1084 resurrectio·
1303 1007 1442 1080 Deinde
1469 1025 1503 1083 et
1535 1012 1575 1082 in
1599 1017 1707 1085 eorde
1736 1015 1775 1087 fit
1800 1015 1900 1111 quasi
1923 1037 2055 1087 succus
2079 1040 2197 1105 novus,

157 1142 239 1186 nem
254 1110 407 1198 Christi,
433 1127 467 1185 et
483 1114 612 1184 deinde
634 1126 790 1200 coetum,
817 1115 880 1209 qui
902 1129 1049 1187 vocatur
1069 1117 1153 1186 inde
1201 1111 1343 1182 dileetio
1378 1109 1464 1194 Dei,
1503 1115 1661 1185 studium
1697 1121 1921 1212 quaerendae
1952 1119 2139 1206 veritatis,
2168 1136 2198 1194 et

157 1242 270 1313 usque
281 1217 328 1286 ab
342 1212 526 1308 Apostolis
542 1218 586 1285 ad
602 1215 709 1285 finem
723 1216 862 1292 mnndi.
1201 1217 1354 1285 tuendae
1381 1217 1649 1310 tranquillitatis
1678 1220 1715 1288 in
1739 1217 1918 1306 Ecclesia,
1951 1222 2197 1296 benevolentis

253 1334 323 1408 Sed
341 1360 420 1406 cum
439 1336 531 1405 vires
546 1335 751 1427 praecipuas
767 1335 805 1406 in
822 1332 1153 1409 naturahominum
1202 1339 1282 1406 “8³
1320 1340 1462 1399 ⁰¹⁰⁰⁸³2
1505 1321 1676 1391 ¹⁰⁰d²⁸ll³
1704 1323 1917 1443 ‘fflllmfflff
1957 1324 2198 1412 ”mblllffll‘mr

159 1440 365 1522 considero,
390 1438 570 1529 aptissime
590 1439 850 1509 accommodari
871 1441 915 1509 ad
932 1464 989 1510 eas
1006 1436 1063 1511 hic
1085 1465 1154 1510 uu·
1202 1421 1439 1539 ξῃῗῃῆὓθωᾶθ
1478 1423 1687 1494 ⁰⁰¹¹d⁰¹¹³⁰³
1725 1449 1911 1496 ⁰⁰m¹¹¹¹¹¹¹¹
1948 1427 2199 1521 “mqullllffl

157 1563 277 1612 merus
296 1540 447 1612 videtur.
498 1536 572 1611 Res
586 1539 680 1608 enirn
698 1540 738 1609 in
762 1554 952 1632 conspectu
980 1555 1048 1629 est,
1084 1557 1155 1613 tres
1202 1544 1364 1595 1111111118·

158 1643 364 1736 praecipuas
380 1641 473 1709 vires
491 1638 686 1732 Evangelio
703 1642 818 1712 ineas
836 1644 953 1714 infuso
972 1645 1155 1714 emendari
1304 1637 1385 1709 Sint
1402 1638 1511 1726 igitur
1522 1632 1629 1728 haec,
1651 1655 1690 1712 ut
1704 1642 1839 1712 dictum
1856 1657 1918 1726 est,
1941 1646 2016 1716 tria
2035 1660 2114 1717 sata
2128 1643 2190 1747 ἦγε-

158 1762 192 1817 et
221 1743 403 1816 renovari:
436 1738 662 1841 ἡγεμονικὸν
668 1796 681 1831 ,
715 1741 902 1838 θυμικὸν,
936 1742 1000 1819 καὶ
1022 1745 1155 1818 inadv-
1201 1728 1379 1834 μονικόν,
1407 1737 1594 1832 θυμικὸν,
1623 1757 1658 1815 et
1682 1741 1977 1840 ἐπιθυμιῃικὸν,
2007 1772 2078 1820 seu
2102 1774 2196 1832 mens,

157 1842 326 1944 μητικόν.
1203 1845 1386 1923 voluntas,
1414 1856 1447 1912 et
1469 1868 1531 1912 cor
1554 1845 1592 1913 in
1616 1840 1779 1934 homine,
1811 1849 1943 1941 quibus
1969 1850 2120 1947 misceri
2141 1853 2199 1922 ler-

263 1964 317 2037 Ac
337 1979 378 2035 nt
401 1967 445 2034 de
469 1962 619 2053 singulis
643 1987 752 2054 panca
775 1964 909 2051 dicam,
935 1968 999 2039 etsi
1022 1967 1156 2058 glorio·
1203 1958 1381 2063 menffl'fb
1408 1944 1445 2014 ld
1469 1960 1521 2064 5⁸¹
1544 1944 1802 2038 Elassssflllflffl2
1827 1967 1988 2044 οΡ01ῑθῑ,
2019 1964 2065 2028 ut
2086 1954 2199 2027 melior

160 2093 238 2139 sum
255 2091 387 2138 nomen
403 2080 454 2136 est
468 2089 624 2136 summae
640 2067 769 2157 partis,
796 2093 887 2163 quae
902 2084 1050 2142 vocatur
1071 2065 1155 2168 ἦγε.
1203 2070 1380 2117 8111118111
1397 2047 1503 2117 nobls
1520 2049 1592 2124 fiat.

160 2166 332 2265 μονικὸν,
347 2183 466 2240 tamen
477 2169 520 2237 in
539 2191 579 2239 ea
596 2169 748 2238 multum
765 2182 817 2241 est
832 2172 994 2262 caliginis
1007 2171 1157 2243 etvitio-
1306 2160 1388 2252 Quo
1402 2178 1519 2234 autern
1537 2169 1645 2237 modo
1658 2168 1718 2239 fiat
1731 2163 1817 2240 haec
1832 2173 2039 2259 conversio,
2056 2198 2098 2244 ex
2111 2198 2196 2244 coru-

159 2297 253 2356 rum,
280 2273 408 2343 retinet
424 2294 523 2341 mens
535 2271 642 2342 etiam
667 2270 706 2338 in
721 2266 787 2341 hac
801 2273 928 2345 vitiosa
945 2288 1071 2344 natura
1090 2297 1158 2343 no·
1204 2265 1304 2334 muni
1320 2267 1482 2336 doctrina
1497 2268 1541 2336 de
1557 2271 1775 2360 poenitentia
1792 2272 1899 2346 scitis.
1933 2271 2034 2345 Cum
2050 2276 2193 2347 doctrina

159 2376 281 2448 ticiam
305 2375 461 2468 aliquam
485 2373 591 2463 legis,
614 2385 656 2444 ut
671 2397 923 2461 numerorum,
948 2391 1009 2446 aut
1026 2377 1158 2466 figura·
1202 2368 1318 2458 arguit
1333 2383 1491 2460 peccata,
1518 2375 1624 2442 eorda
1644 2388 1896 2465 expavescunt,
1917 2375 1971 2448 ita
1990 2377 2187 2451 velutacido
2215 2408 2220 2423 ¹

161 2502 256 2552 rum.
307 2475 379 2548 Sed
408 2490 525 2547 tamen
558 2475 635 2545 sine
666 2471 865 2566 Evangelio
898 2480 943 2548 de
977 2479 1052 2547 filio
1080 2477 1157 2561 Dei,
1203 2485 1236 2543 et
1254 2471 1346 2540 salso
1365 2493 1490 2562 sapore
1508 2476 1697 2546 roduntur.

162 2580 310 2670 magnae
341 2581 616 2649 tenebraesunt
644 2576 682 2644 in
710 2592 837 2650 mente.
895 2575 971 2650 Alii
999 2583 1158 2650 furenter
1304 2586 1444 2659 Deinde
1467 2614 1547 2660 cum
1570 2592 1703 2664 accedit
1728 2592 1946 2683 consolatio,
1979 2599 2105 2671 audita
2122 2624 2191 2693 pm-
2233 2632 2236 2661 τ

161 2693 294 2771 ”edwi
309 2703 383 2750 ⁰⁸⁸⁰
393 2681 524 2768 Deum,
543 2680 675 2751 l⁰l¹¹¹¹¹²
691 2681 963 2771 Pf⁰Vlde¹¹ll³¹¹¹s
982 2697 1016 2755 11
1031 2683 1159 2752 dimi·
1203 2691 1384 2776 missione,
1402 2693 1643 2764 redditurvita
1659 2709 1693 2765 et
1708 2693 1857 2782 laeticia,
1873 2700 1977 2791 quasi
1994 2726 2094 2773 novo
2107 2726 2189 2772 succo

161 2808 244 2853 men
268 2796 362 2853 recte
384 2797 419 2853 et
433 2807 533 2853 secus
556 2782 747 2852 laetorum:
774 2783 838 2875 alii
853 2782 891 2852 in
909 2799 1077 2875 perpetua
1091 2787 1159 2853 du·
1205 2792 1333 2862 infuso.
1374 2790 1498 2886 Neque
1513 2789 1599 2864 haec
1614 2797 1732 2867 subito
1749 2798 2002 2890 perficiuntur,
2030 2807 2092 2875 sed
2106 2805 2183 2893 longa

162 2886 337 2956 bitatione
353 2898 509 2956 manent.
546 2879 623 2952 Alii
640 2883 770 2954 ludunt
785 2882 957 2974 lingendis
973 2887 1076 2956 novis
1089 2910 1159 2955 un·
1204 2910 1239 2965 et
1261 2895 1400 2964 assidua
1424 2896 1582 2967 ,abactio
1607 2911 1641 2969 et
1663 2901 1791 2971 assatio
1813 2901 1889 2972 fiat,
1917 2915 1952 2973 e,
1971 2910 2078 2999 quod
2095 2904 2178 2977 νὼ

163 2987 325 3056 minibus
340 2986 500 3057 infinitis.
551 2982 675 3079 Neque
691 2979 728 3054 hi
747 3009 883 3057 errores
902 3001 1039 3061 tanturn
1061 3010 1159 3077 gras·
1206 2995 1354 3067 Ebraeis
1365 2993 1544 3068 inGenesi
1563 2999 1693 3077 diserte
1708 3001 1946 3092 significatum
1964 3022 2036 3096 est,
2056 3011 2185 3081 studiose

164 3091 335 3160 sabantur
359 3086 452 3157 inter
476 3079 662 3156 Ethnicos.
721 3085 792 3159 Sed
819 3089 980 3160 omnium
1005 3104 1157 3161 aetatum
1205 3099 1372 3190 legenda,
1407 3100 1604 3188 audienda,
1637 3104 1841 3176 meditanda
1863 3119 1915 3178 est
1937 3108 2181 3183 doctriname-

163 3204 271 3286 atque
294 3184 479 3260 hominum
505 3188 582 3258 sine
607 3188 686 3259 luce
707 3187 895 3281 Evangelii
919 3192 1052 3263 similes
1075 3206 1160 3261 sunt
1205 3202 1318 3286 lestis,
1344 3214 1380 3272 et
1404 3202 1441 3270 in
1460 3204 1679 3296 quotidianis
1699 3205 1852 3277 miseriis
1869 3209 1915 3278 ad
1938 3208 2190 3285 invocationem

163 3316 305 3364 errores
319 3293 365 3362 de
378 3291 474 3375 Deo,
497 3303 532 3361 et
545 3292 589 3360 de
606 3290 843 3363 invocatione·
901 3289 946 3364 Et
964 3294 1158 3365 multitudo
1205 3316 1241 3372 et
1255 3328 1337 3374 vera
1353 3304 1515 3376 exercitia
1531 3309 1784 3384 transferenda.
1826 3307 1904 3382 Hoc
1920 3327 1974 3385 est
1989 3316 2113 3409 subigi
2124 3311 2193 3385 lari·

164 3419 304 3486 semper
318 3395 411 3463 favet
426 3393 469 3461 iis
481 3392 732 3482 opinionibus,
757 3394 887 3488 quibus
901 3396 1074 3468 innutrita
1090 3411 1160 3482 est,
1206 3430 1309 3487 nam,
1340 3421 1375 3479 et
1396 3407 1505 3476 assari
1525 3407 1564 3477 in
1588 3409 1787 3497 cineribus,
1812 3413 1850 3482 id
1873 3427 1943 3501 est,
1972 3415 2076 3489 inter
2096 3417 2194 3487 variet

164 3511 206 3568 ut
220 3498 369 3567 dicitur:
394 3498 472 3568 πᾶν
491 3490 535 3566 τὸ
560 3491 777 3592 σύντροφον
798 3491 930 3594 γλυκὺ.
1205 3531 1409 3578 aerumnas:
1436 3509 1568 3604 quibus
1583 3514 1871 3597 commonefacti,
1896 3538 2136 3607 agnoscamus
2152 3519 2196 3587 in·

265 3614 339 3685 Nec
354 3639 434 3682 mo
450 3626 566 3705 peccat
582 3609 807 3712 ἡγεμονικὸν
823 3617 936 3708 specie
952 3616 1158 3708 sapientiae:
1206 3622 1293 3679 stam
1307 3623 1340 3680 et
1357 3634 1521 3701 magnam
1536 3635 1609 3682 esse
1632 3612 1722 3683 iram
1738 3611 1806 3687 Dei
1821 3618 1995 3691 adversus
2013 3635 2154 3714 peccata
2167 3618 2197 3689 iu

165 3731 306 3788 utrum
327 3716 463 3807 politici
488 3716 742 3805 gubernatores
762 3730 994 3810 attemperant
1015 3720 1160 3809 religio-
1206 3725 1282 3783 toto
1305 3736 1432 3803 genere
1456 3709 1632 3799 humano,
1658 3729 1694 3788 et
1708 3717 1806 3790 velut
1823 3721 1861 3789 in
1878 3719 2069 3796 cineribus
2082 3720 2198 3797 abiecti

167 3844 230 3889 ηρ,
247 3820 290 3889 „d
308 3817 475 3909 imperia,
500 3831 535 3887 ει
552 3818 647 3909 pacis
661 3843 763 3890 cau„
777 3819 897 3892 laxant
913 3822 1092 3911 dogmata:
1119 3835 1159 3891 ut
1206 3828 1240 3884 et
1262 3815 1460 3901 summissi,
1485 3815 1711 3908 deploremus
1733 3834 1853 3893 nostra
1876 3821 2030 3912 delicta,
2055 3839 2093 3898 et
2113 3837 2199 3921 peu-

166 3923 205 3990 in
222 3921 369 4017 Synodo
384 3918 571 4014 Syrmiana
588 3921 778 3993 tollebatur
792 3915 995 4013 ὁμοοιίσιον
1010 3946 1159 4017 exsym.
1205 3940 1285 3984 mus
1309 3939 1376 3987 nos
1398 3919 1531 3989 servari
1558 3934 1703 4011 propter
1729 3924 1975 4001 mediatorem.
2034 3926 2144 4002 Sicut
2169 3927 2201 3998 iu

166 4026 274 4109 holo,
305 4037 338 4093 ,p
359 4023 581 4093 ,merebatur
599 4017 742 4115 3¹qu
779 4039 820 4094 ug
842 4025 1043 4119 symbolum
1068 4026 1158 4095 utri.
1206 4019 1384 4089 cineribus
1397 4019 1560 4091 iacebant
1573 4022 1692 4093 exules
1708 4020 1872 4095 leremias
1887 4039 1922 4096 et
1936 4027 2023 4116 alii,
2053 4030 2202 4103 cumin-
2234 4040 2236 4059 '

166 4151 235 4219 que
249 4127 359 4218 parti,
384 4126 481 4194 velut
495 4120 692 4196 cothurnus
706 4126 850 4220 utrique
871 4127 951 4218 pedi
969 4128 1160 4196 convenire
1206 4143 1308 4190 censa
1324 4121 1457 4211 patria,
1484 4137 1555 4193 tota
1571 4146 1656 4213 gens
1672 4125 1920 4200 miserabiliter
1934 4129 2187 4225 dissiparetur·

164 4229 359 4297 videretur.
1306 4235 1404 4308 llaec
1435 4240 1634 4310 admonitio
1661 4245 1706 4313 de
1740 4245 1946 4318 assiduitate
1974 4249 2204 4333 subactionis.

266 4343 407 4415 Deinde
421 4344 458 4412 in
475 4346 631 4414 secundo
646 4358 681 4414 et
695 4344 800 4416 tertio
815 4346 927 4434 gradu
943 4344 1074 4414 virium
1091 4340 1158 4416 ho.
1205 4343 1375 4411 accendat
1397 4341 1436 4410 in
1461 4343 1564 4412 nobis
1584 4344 1806 4435 diligentiam
1828 4362 1864 4420 et
1885 4373 2010 4421 curam
2029 4354 2204 4439 discendi.

164 4448 273 4517 minis
297 4461 428 4543 quanta
458 4461 541 4516 sunt
569 4448 734 4518 incendia
763 4471 951 4538 pravarum
983 4449 1159 4539 cupidita-
1205 4443 1355 4512 sciamus
1376 4469 1449 4513 11011
1471 4445 1589 4516 ttlbilo
1606 4471 1725 4518 rerum
1748 4451 1986 4521 maximarum
2002 4455 2203 4529 doctrinm

164 4564 251 4635 tum,
277 4550 501 4633 ambitiones,
527 4549 791 4634 aemulationes,
817 4550 916 4632 odia,
942 4550 1158 4621 malevolen-
1205 4557 1315 4614 totam
1330 4545 1451 4636 arripi.
1492 4543 1564 4617 Nec
1577 4565 1719 4620 sumant
1735 4551 1804 4621 sibi
1826 4567 2037 4645 potestatem
2058 4560 2204 4651 dogma-

165 4653 253 4737 tiae,
280 4652 424 4737 livores,
451 4650 627 4739 cupiditas
641 4650 828 4736 vindictae,
855 4653 997 4723 dolores
1013 4669 1158 4744 propter
1205 4661 1260 4717 tae
1274 4648 1451 4716 condendi
1470 4648 1507 4716 in
1524 4647 1679 4721 Ecclesia
1696 4650 1775 4738 Dei,
1801 4648 1966 4726 homines
1982 4658 2125 4751 ociosi,
2146 4658 2205 4759 qui

163 4755 359 4844 repulsam,
384 4753 551 4835 avaritia,
577 4753 772 4826 libidines?
823 4752 895 4827 Nee
917 4768 968 4825 est
989 4755 1062 4825 ulla
1086 4770 1155 4826 tam
1204 4764 1387 4842 utcunque
1403 4749 1519 4818 obiter
1542 4753 1773 4842 degustarunt
1798 4757 2012 4829 doctrinam.

163 4858 343 4925 moderata
362 4869 508 4942 natura,
533 4878 624 4948 quae
640 4879 713 4925 non
730 4856 859 4928 sentiat
879 4857 1017 4950 aliquas
1033 4883 1156 4930 erran-
1303 4862 1351 4935 Et
1366 4866 1535 4958 quoniam
1554 4867 1670 4958 imago
1685 4895 1813 4962 panum
1830 4871 2021 4965 praecipue
2039 4880 2090 4949 ad
2106 4874 2206 4953 sebo·

163 4971 215 5026 tes
232 4957 452 5047 cupiditates.
1203 4967 1344 5037 lasticos
1362 4968 1529 5058 pertinet,
1556 4972 1728 5041 vocabula
1749 4974 1854 5043 etiam
1871 4975 2204 5068 interpretabimur,
2234 5028 2236 5033 ·

263 5071 353 5145 Cum
370 5091 487 5145 autem
503 5075 663 5145 doctrina
681 5069 868 5164 Evangelii
884 5074 978 5144 velut
1000 5074 1154 5143 fermen-
1202 5070 1289 5164 quid
1305 5070 1482 5140 vocaverit
1503 5071 1694 5165 antiquitas
1714 5098 1822 5165 panes
1838 5076 1875 5145 in
1900 5077 2095 5156 cineribus
2115 5108 2205 5156 assa·

158 5190 235 5257 tum
254 5177 389 5246 viribus
403 5177 535 5245 nostris
552 5177 738 5261 miscetur,
762 5177 835 5247 iam
850 5177 950 5271 quasi
965 5177 1070 5246 llatus
1085 5200 1153 5245 no·
1201 5185 1266 5241 tos.
1320 5171 1500 5241 Differunt
1520 5196 1628 5262 panes
1649 5177 1814 5258 materia,
1842 5178 2019 5253 differunt
2046 5199 2086 5258 et
2101 5190 2204 5259 modo

160 5279 194 5345 vi
214 5279 315 5349 liunt.
368 5275 474 5346 Mens
494 5278 619 5369 incipit
639 5292 732 5348 recte
752 5301 938 5369 agnoscere
953 5276 1090 5359 Deum,
1117 5292 1152 5349 et
1200 5273 1402 5343 assationis:
1427 5299 1466 5343 ac
1485 5276 1592 5345 nimis
1613 5278 1759 5368 longum
1779 5294 1867 5350 esset
1882 5283 2006 5353 omnia
2025 5289 2201 5385 persequi,
2232 5314 2236 5333 ⁴

47 5374 50 5382 ’
158 5383 280 5451 statuit
303 5404 440 5451 summa
464 5380 659 5450 reverentia
688 5381 901 5450 audiendam
932 5403 1005 5449 esse
1026 5403 1150 5449 vocem
1199 5376 1356 5446 Tantum
1372 5370 1439 5444 hoc
1455 5378 1598 5446 addam:
1625 5377 1700 5449 Alii
1716 5404 1823 5471 panes
1837 5379 2077 5480 κλιβανίται,
2095 5392 2132 5464 id
2148 5404 2200 5473 est,

154 5479 239 5567 Dei,
266 5485 310 5553 ad
336 5478 427 5552 hanc
451 5505 613 5552 normam
635 5483 768 5554 inditia
791 5482 934 5568 omnia,
967 5495 1002 5553 et
1026 5504 1149 5552 omnes
1196 5478 1349 5549 furnarii
1371 5478 1457 5553 dicti
1484 5495 1589 5566 sunt,
1621 5496 1743 5554 nostro
1766 5507 1865 5556 more
1889 5486 1928 5557 in
1951 5487 2079 5563 furnis
2100 5490 2198 5570 assati
