4664 6022
139 312 214 385 aas
327 260 336 273 ’
693 272 697 278 ’
812 294 1510 378 nucunaraecarroau.
1674 334 1686 353 ·
2108 304 2184 377 oar

143 487 299 558 studiose
318 484 431 557 multa
454 483 498 554 de
519 481 700 552 stellarum
726 479 883 549 motibus
911 490 947 550 et
976 475 1136 547 effectio·
1185 475 1365 547 beneficiis
1397 473 1651 563 cumulaverit,
1686 478 1842 569 primum
1876 475 2073 549 instaurata
2108 476 2184 571 luce

142 591 259 662 nibus.
326 604 330 611 ’
1186 574 1393 668 Evangelii,
1428 590 1463 647 et
1487 578 1629 649 donatis
1642 581 1892 659 imediocribus
1906 578 2121 674 Halcyoniis
2139 582 2184 649 ad

244 688 297 761 Ac
319 686 463 759 loanrris
485 685 764 777 Regiomontani
787 681 1013 753 sermonibus
1036 692 1071 752 et
1085 681 1138 749 la·
1188 681 1336 752 colenda
1354 681 1413 775 pia
1430 679 1547 751 studia
1565 681 1603 749 in
1620 675 1676 752 his
1690 683 1845 755 motibus
1858 680 2092 766 Germaniae,
2112 706 2185 750 nou

143 795 345 865 miliaritate
368 792 416 862 ita
435 789 626 859 delectatus
648 801 715 873 est,
740 800 781 857 ut
796 787 934 879 quoties
958 785 995 852 in
1019 783 1138 853 aulam
1191 784 1348 854 alienum
1382 797 1434 853 est
1465 784 1505 852 in
1538 784 1704 855 omnibus
1742 786 1988 875 congressibus
2022 785 2187 877 publicis,

142 896 327 980 veniebat,
353 913 494 962 mensae
511 915 590 961 eum
605 913 688 960 suae
703 883 908 972 adhiberet,
934 886 1046 956 multa
1071 884 1139 953 sci·
1188 912 1268 957 cum
1287 881 1453 956 habenda
1469 887 1583 957 oratio
1602 900 1673 974 est,
1698 882 1765 958 hoc
1783 888 1929 959 exordio
1946 901 2118 980 tanquam
2134 885 2185 953 le-

144 1001 291 1083 scitans,
317 999 361 1066 de
376 995 532 1064 motibus
554 993 753 1077 stellarum,
780 990 870 1060 etde
891 989 996 1058 variis
1010 1001 1138 1058 natura
1187 989 1310 1080 gitimo
1336 990 1407 1074 uti,
1432 1001 1472 1059 ut
1488 986 1565 1059 Deo
1589 1014 1653 1082 pro
1677 1004 1813 1061 servata
1831 985 1990 1061 Ecclesia
2014 1003 2050 1060 et
2064 983 2184 1058 schola

143 1098 333 1172 miraculis.
370 1096 597 1188 Stipendium
615 1095 720 1164 etiam
738 1088 822 1163 huic
840 1115 998 1161 annuum
1014 1112 1139 1161 aureos
1189 1092 1488 1182 gratiasagamus.

144 1207 313 1275 ducentos
331 1200 439 1270 dedit.
480 1196 527 1268 Et
546 1198 677 1267 multos
694 1196 790 1264 viros
805 1197 927 1264 doctos
943 1187 1140 1263 mathema·
1288 1189 1367 1264 Etsi
1390 1195 1485 1263 enim
1507 1193 1584 1264 leve
1607 1189 1674 1264 hoc
1696 1219 1806 1286 genus
1821 1195 1963 1268 videtur
1979 1217 2056 1266 esse
2080 1195 2185 1284 grati-

144 1321 220 1376 tum
243 1305 396 1375 cultores
422 1301 537 1371 evexit
560 1301 602 1370 ad
626 1297 763 1388 fastigia
788 1291 968 1367 honorum
992 1294 1138 1389 amplis·
1188 1295 1325 1365 tudinis
1348 1319 1431 1391 erga
1454 1292 1589 1375 Deum,
1616 1301 1714 1389 quod
1738 1299 1855 1369 verbis
1881 1300 2109 1380 ostenditur,
2135 1311 2185 1367 ta·

143 1409 327 1478 simorum.
1188 1421 1270 1466 men
1295 1421 1359 1468 nec
1381 1398 1534 1490 amplius
1554 1413 1731 1489 praestare
1751 1425 1956 1493 possumus,
1982 1424 2066 1471 cum
2089 1401 2186 1468 frua-

245 1508 341 1579 Haec
363 1509 435 1577 lere
459 1508 505 1576 de
526 1527 606 1596 rege
623 1498 776 1574 Matthia
793 1501 920 1594 partim
944 1499 1033 1591 legi,
1058 1521 1141 1590 par·
1188 1524 1271 1570 mur
1286 1513 1359 1570 tota
1375 1514 1502 1570 natura
1516 1515 1686 1594 tanquam
1702 1528 1770 1574 usu
1784 1504 1889 1575 nobis
1902 1503 2080 1573 divinitus
2095 1503 2182 1583 data,

144 1615 209 1685 tim
234 1611 373 1689 audivi,
407 1622 442 1679 ct
464 1608 617 1699 optarim
642 1607 814 1694 integram
837 1604 912 1672 eius
941 1597 1140 1681 historiam,
1187 1616 1228 1676 ut
1243 1603 1412 1696 quicquid
1431 1602 1515 1671 inde
1531 1601 1607 1673 Deo
1624 1606 1823 1690 reddimus,
1847 1607 1893 1675 de
1909 1607 2029 1675 alieno
2052 1605 2180 1672 nonde

144 1718 189 1788 ab
206 1715 326 1808 aliquo
344 1712 475 1781 diserto
494 1706 840 1802 gentisPannouicae
853 1705 932 1774 viro
947 1704 1015 1774 edi.
1050 1702 1140 1772 Nam
1188 1719 1331 1790 nostro,
1365 1707 1557 1775 referamus
1579 1708 1728 1794 gratiam
1748 1709 1865 1778 autori
1888 1709 2053 1777 omnium
2074 1709 2179 1776 bono-

146 1821 189 1893 td
214 1814 593 1888 commonefactionem
619 1812 663 1879 de
683 1809 805 1879 multis
828 1809 955 1891 rebus,
981 1806 1067 1877 tales
1083 1800 1141 1873 hi·
1189 1831 1281 1876 rum.
1330 1803 1377 1876 Et
1401 1807 1530 1877 scimus
1549 1807 1626 1878 Deo
1648 1824 1788 1898 gratum
1813 1833 1886 1879 esse
1916 1806 1985 1879 hoc
2016 1809 2183 1889 officium,

144 1921 274 1992 storiae
292 1917 516 2000 conducunt,
543 1915 736 1984 ostendunt
752 1909 931 2000 singulare
946 1907 1015 1980 Dei
1032 1910 1141 1977 bene·
1189 1933 1342 2003 eumque
1359 1924 1504 2001 propter
1518 1910 1632 1981 filium
1648 1934 1753 1982 suum
1768 1914 1924 2003 recipere
1941 1935 2007 2004 pro
2024 1912 2136 1982 cultu.

145 2023 265 2092 ficium
288 2042 381 2103 esse,
407 2017 578 2086 salutares
598 2015 868 2105 gubernatores,
895 2025 928 2082 et
944 2022 1090 2080 movent
1103 2022 1143 2080 ut
1291 2008 1431 2080 Deinde
1450 2013 1606 2102 postulat
1624 2009 1692 2083 hoc
1709 2028 1743 2085 et
1758 2015 1966 2104 magnitudo
1984 2014 2185 2102 benignita·

146 2125 237 2194 serio
254 2134 414 2215 petamus
429 2116 535 2204 aDeo
551 2116 855 2187 conservationem
869 2113 1057 2183 mediocris
1071 2126 1142 2182 sta·
1190 2115 1234 2185 tis
1250 2112 1319 2184 Dei
1336 2137 1418 2203 erga
1434 2138 1512 2187 nos.
1545 2113 1637 2202 Quis
1653 2117 1750 2184 enim
1766 2131 1928 2187 nostrum
1944 2132 2016 2200 est,
2044 2117 2111 2187 etsi
2127 2120 2186 2186 ad-

147 2243 203 2298 tus
218 2226 257 2294 in
272 2223 451 2314 imperiis,
478 2233 679 2290 monstrant
692 2216 899 2287 discrimina
918 2239 1053 2298 eorum,
1079 2214 1141 2308 qui
1188 2211 1260 2288 huc
1283 2217 1403 2285 omnia
1419 2220 1576 2307 pendent
1598 2217 1635 2286 in
1656 2215 1724 2287 Dei
1743 2243 1871 2303 manu,
1902 2219 1968 2311 qui
1991 2220 2117 2311 paucis
2135 2215 2187 2288 his

145 2353 202 2400 res
216 2325 427 2398 necessarias
440 2323 595 2393 etutiles
609 2321 744 2413 patriae
760 2332 919 2410 egerunt,
939 2317 1140 2387 etaliorum
1189 2317 1293 2388 annis
1316 2319 1486 2409 potuisset
1508 2343 1648 2410 sperare
1672 2319 1807 2390 diutius
1830 2322 1868 2390 in
1893 2317 1950 2390 his
1982 2321 2186 2412 regionibus

147 2432 209 2526 qui
226 2453 281 2499 res
297 2425 443 2497 inutiles
458 2437 667 2508 moverunt,
689 2437 724 2494 et
737 2421 870 2493 intueri
886 2444 952 2489 nos
969 2419 1142 2489 iudicium
1188 2443 1399 2490 mansurum
1413 2420 1553 2491 nidum
1578 2422 1754 2516 aliquem,
1786 2423 1851 2493 ubi
1877 2423 2050 2494 iuventus
2074 2426 2185 2495 doceri

146 2530 215 2604 Dei
231 2533 373 2610 iubent,
400 2543 433 2600 et
449 2528 589 2597 flectere
604 2539 740 2596 mentes
754 2526 799 2594 ad
818 2523 995 2593 iusticiam
1014 2533 1048 2591 et
1064 2546 1143 2591 mo·
1190 2535 1224 2592 et
1239 2523 1380 2591 educari
1398 2523 1524 2613 possit,
1551 2536 1586 2592 et
1602 2527 1859 2618 qualiscunque
1875 2525 1978 2618 quasi
1997 2542 2124 2616 portus
2139 2543 2184 2598 te·

147 2637 314 2720 destiam,
340 2655 385 2700 ne
410 2629 519 2700 caecis
544 2627 799 2720 cupiditatibus
827 2624 972 2717 impulsi
998 2648 1143 2695 ruamus
1190 2638 1353 2709 neretur,
1379 2626 1443 2695 ubi
1460 2649 1528 2694 vox
1544 2627 1763 2699 coelestisde
1781 2628 1966 2698 voluntate
1983 2625 2057 2699 Dei
2072 2629 2182 2701 attilio

148 2738 186 2807 in
203 2758 345 2829 poenas.
381 2733 525 2802 Talium
540 2729 826 2800 admonitionum
843 2727 1014 2818 exempla,
1039 2749 1144 2818 saepe
1189 2727 1301 2818 ipsius
1327 2727 1517 2798 liberatore
1543 2741 1667 2800 nostro
1694 2730 1860 2800 sonaret?

148 2840 300 2931 cogitare
317 2836 406 2905 utile
422 2847 490 2919 est,
516 2857 556 2902 ac
573 2832 680 2903 simul
701 2832 858 2900 orandus
874 2829 969 2898 tilius
984 2825 1051 2897 Dei
1066 2825 1143 2898 Do·
1292 2827 1348 2900 Sit
1370 2829 1479 2918 igitur
1501 2823 1569 2898 hoc
1585 2832 1688 2923 quasi
1708 2832 1905 2924 auspicium
1925 2855 2129 2923 congressas
2142 2849 2173 2904 et

148 2944 268 3010 minus
289 2951 410 3006 noster
434 2929 723 3016 lesusChristus,
747 2931 932 3000 crucifixus
953 2953 1019 3021 pro
1038 2930 1143 2998 nobis
1189 2931 1362 3000 orationis
1378 2945 1540 3019 nostrae,
1567 2946 1605 3002 ut
1619 2933 1725 3003 simul
1740 2958 1863 3004 omnes
1879 2935 2019 3005 iunctis
2042 2939 2167 3029 pectori·

149 3057 184 3114 et
209 3040 452 3121 resuscitatus,
485 3047 602 3105 custos
623 3030 802 3104 Ecclesiae
823 3055 926 3117 suae,
958 3043 1007 3101 ut·¹
1022 3045 1055 3102 et
1077 3054 1143 3101 nos
1189 3035 1257 3103 bns
1277 3047 1312 3103 et
1333 3033 1424 3104 votis
1443 3030 1520 3103 Deo
1549 3058 1647 3103 nrrnc
1668 3038 1798 3126 gratias
1820 3062 1982 3127 agamus:
2022 3064 2175 3130 cumpro

149 3147 339 3236 gubernet,
365 3153 399 3210 et
414 3135 565 3228 hospitia
580 3133 759 3207 Ecclesiae
780 3148 814 3205 et
830 3132 1011 3205 doctrinae
1026 3134 1143 3205 studia
1189 3137 1269 3204 aliis
1283 3135 1474 3219 beneficiis,
1500 3137 1630 3228 quibus
1645 3138 2059 3211 universamEcclesiam
2073 3142 2179 3212 omni-

149 3250 340 3319 clementer
354 3256 506 3325 tueatur,
532 3251 566 3308 et
582 3240 835 3328 gubernatores
852 3237 956 3308 nobis
973 3237 1033 3306 det
1048 3237 1142 3307 salu·
1189 3238 1256 3307 bus
1272 3237 1492 3330 temporibus
1507 3255 1641 3326 servat,
1669 3255 1743 3310 turn
1764 3243 1869 3312 ctiam
1884 3246 1983 3335 quod
2005 3269 2074 3316 nos
2088 3268 2180 3335 saepe

149 3366 251 3425 tares.
304 3345 403 3418 Dixi.
1189 3341 1228 3409 in
1260 3335 1316 3409 his
1345 3341 1589 3432 praesentibus
1621 3344 1802 3433 procellis,
1836 3358 1872 3414 et
1893 3347 1997 3437 quasi
2023 3348 2183 3420 fluctibus

1189 3454 1453 3535 tempestatum,
1480 3456 1646 3515 tucturet
1663 3447 1758 3535 tegit.

1291 3543 1379 3614 Tibi
1395 3545 1503 3634 igitur
1519 3543 1615 3615 Deus
1630 3561 1771 3619 aeterne
1796 3564 1894 3642 pater
1908 3546 2061 3621 Domini
2080 3552 2183 3623 nostri

150 3702 203 3772 No
239 3695 311 3772 ¹25
919 3697 983 3777 (au.
1002 3699 1082 3760 1551
1108 3695 1143 3778 ρ)
1191 3644 1269 3717 lesu
1287 3641 1442 3732 Christi,
1469 3648 1529 3740 qui
1546 3673 1617 3718 una
1633 3675 1712 3720 cum
1729 3654 1803 3723 lilio
1820 3667 1882 3722 tuo
1898 3667 1932 3722 et
1948 3652 2092 3744 Spiritu
2109 3678 2185 3725 sars-

156 3751 329 3827 ,ὲν-»3
923 3742 1133 3825 ηανξ,
1189 3763 1264 3835 cto,
1290 3750 1351 3841 qui
1377 3749 1422 3818 ab
1446 3764 1597 3843 utroque
1619 3755 1795 3843 procedit,
1829 3755 2026 3827 condidisti
2050 3759 2183 3828 coelum

456 3884 533 3970 De
555 3883 834 3997 precatione·
1190 3865 1224 3920 et
1248 3865 1398 3935 terram,
1425 3866 1458 3922 et
1482 3853 1652 3942 collegisti
1676 3857 1742 3926 tibi
1765 3853 1979 3943 Ecclesiam,
2010 3861 2059 3929 ab
2086 3861 2185 3929 initio

1189 3954 1334 4038 numdi,
1367 3978 1407 4022 ex
1431 3967 1505 4024 toto
1528 3978 1655 4043 genere
1677 3954 1851 4045 humano,
1885 3961 2023 4050 agimus
2048 3965 2187 4053 gratias,

219 4047 1143 4128 tn„trecassenorumassasq.,8ervea.r.ttt.p.6so.
1190 4080 1287 4127 nunc
1335 4069 1461 4124 nantas
1484 4058 1595 4124 animi
1620 4062 1732 4130 nostri
1758 4088 1795 4131 ca
1823 4087 1881 4132 ere
1935 4080 2059 4133 ossum
2115 4090 2185 4135 non

250 4146 277 4188 a
291 4133 418 4187 arctoa.
437 4131 470 4186 r.
485 4130 531 4184 ιιι.
548 4127 644 4201 psas.
669 4154 705 4166 -
741 4075 862 4179 hassa.
883 4125 1142 4180 asseruerant.
1231 4158 1244 4225 l
1310 4080 1332 4148 q
1458 4158 1468 4226 l
1541 4185 1546 4197 ι
1799 4089 1821 4182 P
1910 4087 1933 4180 P
2071 4116 2081 4144 .

252 4205 285 4258 ad
306 4219 371 4257 ann.
385 4201 461 4254 esst.
482 4206 681 4254 commemorat
701 4195 751 4247 No.
766 4195 827 4249 862.
845 4194 988 4248 libellums
1019 4195 1142 4264 „Oratio
1190 4182 1228 4226 ⁵⁰
1248 4183 1306 4227 ⁰¹¹¹
1330 4182 1395 4248 ΡῘῸ
1411 4182 1453 4228 V⁰
1472 4172 1592 4229 unm
1610 4175 1687 4243 lua,
1722 4165 1995 4235 deltbete'tltone
2012 4182 2188 4238 nostrates

252 4270 475 4350 deprecatione,
499 4268 600 4347 scripta
626 4262 864 4353 athareettq.
908 4264 999 4318 vitet.
1022 4266 1143 4348 rasta
1190 4254 1576 4345 osrrniumhominum,
1603 4265 1805 4353 perfilium‚
1833 4292 1937 4363 quem
1955 4270 2105 4341 voluisti
2123 4296 2187 4362 pro

251 4343 268 4394 2
303 4342 339 4424 13⁸⁸
357 4369 391 4380 -
426 4336 514 4390 Alam
531 4345 762 4415 crettoncnrneps
783 4331 875 4402 edgar
890 4331 1052 4417 Melanthea
1070 4351 1142 4389 scre·
1243 4363 1296 4431 b·s
1321 4361 1535 4432 fierivictim
1557 4388 1591 4431 m
1685 4370 1736 4437 [ef
1774 4385 1808 4440 [a
1850 4374 1981 4440 timum
2005 4373 2045 4440 in
2131 4375 2170 4441 li

251 4424 437 4483 psrtrnusum
451 4400 836 4474 Berub,Zreglerran.1546.
874 4400 1142 4474 t¹1d.tspp.v0t.Vt.
1190 4388 1276 4430 ¹¹⁰¹
1537 4388 1555 4433 a
1601 4391 1681 4458 spa
1734 4395 1771 4439 ³0
1826 4398 1848 4461 Ρ
2066 4388 2187 4444 muts

252 4502 279 4553 p.
292 4481 335 4534 tto.
1190 4464 1296 4548 loeis,
1319 4464 1357 4532 in
1372 4464 1501 4556 quibus
1515 4478 1549 4535 te
1563 4471 1761 4551 ostendisti,
1788 4498 1827 4542 ac
1844 4473 2030 4565 praecipue
2046 4475 2136 4544 olim
2152 4478 2187 4544 in

1190 4568 1308 4636 medio
1323 4567 1421 4636 orbis
1436 4581 1610 4638 terrarum
1627 4583 1661 4640 et
1680 4571 1716 4639 in
1733 4571 1974 4656 Hierusalem,
2000 4579 2063 4646 sed
2082 4579 2186 4647 etiam

417 4639 544 4708 0¹'0250
571 4630 619 4705 de
642 4638 876 4726 Ρῗθῦαῗῑθηθ·
1190 4694 1255 4762 pro
1272 4669 1431 4741 restituta
1446 4669 1524 4738 luce
1531 4665 1729 4763 Evangelii,
1744 4676 1783 4744 in
1796 4671 1852 4746 his
1864 4676 2003 4748 miseris
2018 4693 2056 4749 et
2068 4703 2187 4771 asper-

147 4777 233 4860 Etsi
248 4775 415 4850 omnibus
435 4770 654 4861 temporibus
669 4769 782 4838 multa
805 4781 839 4837 et
852 4766 1015 4835 miranda
1031 4768 1140 4839 bene·
1190 4771 1291 4841 rimis
1306 4770 1394 4839 locis
1409 4772 1452 4839 ad
1472 4767 1702 4864 Aquilonem.
1745 4775 1884 4849 Deinde
1900 4784 1999 4870 quod
2017 4804 2085 4850 nos
2102 4787 2186 4872 tegis

147 4888 224 4962 ficia
239 4881 376 4954 confert
390 4872 488 4945 Deus
500 4867 695 4953 Ecclesiae,
718 4893 865 4962 eamque
881 4892 983 4960 saepe
1004 4870 1142 4956 liberat,
1189 4875 1352 4943 miranda
1368 4872 1572 4959 elementia,
1593 4879 1762 4951 adversus
1778 4881 1972 4972 potentiam
1986 4895 2021 4952 et
2037 4885 2186 4954 insidias

149 5002 270 5065 tuetrrr
290 4996 324 5053 et
339 4988 454 5049 servat
470 4975 509 5044 in
527 4973 664 5062 magnis
679 4971 949 5043 calamitatibus.
1001 4970 1140 5042 'l'arnen
1187 4976 1341 5059 diaboli,
1368 4976 1428 5068 qui
1445 5000 1520 5044 non
1536 4991 1675 5050 tantum
1692 4983 1892 5054 doctrinam
1908 4985 2049 5077 delere,
2074 4992 2138 5057 sed
2154 5005 2187 5059 et

150 5087 316 5185 inprimis
335 5079 501 5153 convenit
522 5098 590 5145 nos
613 5075 809 5167 praesentia
833 5074 1002 5143 beneficia
1023 5077 1141 5144 consi·
1188 5073 1364 5149 Ecclesiae
1379 5090 1413 5147 ct
1425 5079 1633 5150 salutarium
1648 5087 1848 5157 studiorum
1866 5082 2022 5175 hospitia
2038 5093 2187 5181 perdere

148 5200 283 5277 derare,
309 5206 418 5278 eaque
430 5179 643 5273 praedicare,
670 5189 704 5246 et
719 5201 785 5270 pro
801 5175 845 5245 iis
860 5176 935 5245 Deo
952 5191 1141 5267 perpetuas
1188 5195 1348 5249 conatur.
1388 5177 1510 5273 Teque
1528 5207 1682 5273 oramus,
1708 5204 1747 5258 ut
1764 5212 1829 5258 nos
1843 5205 1876 5259 et
1892 5191 2082 5282 praecipue
2095 5195 2187 5277 illos,

147 5296 276 5392 gratias
293 5309 406 5382 agere.
1187 5282 1318 5376 quibus
1335 5305 1453 5351 curam
1473 5285 1626 5355 docendi
1640 5305 1674 5360 et
1690 5292 1912 5380 gubernandi
1928 5306 2030 5363 tuum
2044 5317 2185 5388 gregem

247 5392 340 5468 Cum
356 5399 472 5460 autern
495 5381 632 5475 aliquot
657 5378 726 5448 iam
746 5380 850 5449 annis
866 5373 933 5450 hoc
956 5379 1140 5470 oppidum,
1187 5383 1416 5467 commisisti,
1441 5384 1635 5458 clementer
1648 5392 1780 5463 tuearis
1794 5408 1829 5464 et
1844 5416 1972 5475 serves,
2001 5402 2184 5492 utadpo-

146 5522 180 5579 et
192 5499 285 5576 bane
298 5505 458 5567 nostram
471 5481 666 5557 Ecclesiam
681 5479 776 5554 Deus
792 5481 914 5553 multis
934 5482 1139 5574 ingentibus
1186 5485 1379 5558 steritatem
1396 5489 1568 5561 mediocri
1591 5490 1783 5568 faelicitate
1802 5519 1922 5568 veram
1939 5512 1975 5570 et
1994 5502 2186 5576 arlutarem
