4664 6022
140 291 220 377 ως,
811 272 974 353 unct.
1014 270 1089 351 nn
1120 270 1501 361 aurnacsno
1859 226 1863 235 ’
2124 286 2198 381 ⁶40

145 464 274 542 tentias
289 461 381 535 scitu
403 456 629 551 dignissimas
652 476 717 547 per
734 451 896 523 membra
911 449 1148 543 distinguens.
1198 456 1310 524 ferme
1332 456 1463 546 scripta
1487 477 1549 527 sua
1570 451 1747 529 mathesin
1761 461 1945 551 redolent,
1974 463 2079 559 quasi
2095 488 2199 536 nemo

144 568 312 644 Euclidis
333 564 489 657 denique
510 558 641 652 scripta
660 558 705 627 de
728 556 809 626 visu
831 568 866 626 et
887 553 1064 648 speculis,
1089 553 1149 622 in·
1201 552 1386 627 Aristoteli
1401 557 1633 651 intelligendo
1646 577 1832 635 censeatur
1844 565 2013 653 idoneus,
2032 566 2199 662 quilibe·

146 683 347 766 terpretum
369 665 486 739 officio
520 664 564 732 ad
589 683 657 731 nos
687 682 891 753 pervenere.
951 654 1149 749 Rogerium
1200 659 1274 731 rale
1289 656 1540 749 Quadruvium
1564 662 1771 753 neglexerit.
1829 666 1977 751 Frustra
1999 672 2108 743 tertio
2120 669 2198 743 Mc·

146 775 271 849 Baoon
307 767 500 861 Anglicum
531 763 765 859 perspectiva¹
788 784 852 833 sua
881 760 1150 851 compendiosa,
1200 776 1380 835 teororum
1397 762 1567 836 discendo
1589 777 1624 835 te
1646 770 1863 857 contuleris,
1894 771 1967 841 nisi
1984 773 2197 863 geometrica

148 903 230 953 cum
255 876 378 947 libello
399 868 535 967 speculi
550 864 812 950 comburentis,
834 864 1011 935 celebrem
1031 875 1150 956 poste-
1199 865 1432 937 fundamenta
1446 880 1571 939 nactus
1587 866 1654 954 sis,
1678 884 1741 941 aut
1757 874 1861 945 docte
1875 877 2135 969 perspectivam
2149 891 2197 949 ts·

148 983 200 1055 ris
217 978 416 1051 reddidere.
467 970 593 1065 Neque
609 963 838 1040 Archimedis
854 963 1070 1063 Syracusani
1091 986 1150 1035 re-
1200 990 1300 1039 neas:
1340 971 1537 1040 secundum
1568 982 1605 1043 et
1637 973 1782 1045 tertium
1814 978 1860 1047 de
1879 978 1981 1049 coelo
2005 991 2043 1050 et
2063 982 2196 1053 mundo

148 1082 292 1155 minisci
308 1080 423 1173 piget,
448 1076 512 1170 qui
534 1072 761 1165 disciplinam
784 1065 878 1141 hanc
893 1082 1052 1141 nostram
1069 1089 1150 1160 spe-
1200 1094 1387 1164 nunquam
1409 1069 1606 1165 intelliges,
1639 1075 1671 1145 si
1693 1090 1870 1150 astrorum
1894 1080 2126 1174 disciplinam
2143 1106 2196 1155 so-

148 1186 238 1259 culis
254 1184 328 1255 suis
342 1171 607 1270 philosophicis
623 1174 756 1245 mirum
772 1172 811 1243 in
833 1172 981 1242 modum
999 1193 1150 1241 exorna·
1201 1173 1324 1245 cordia
1349 1174 1584 1266 praeterieris.
1642 1174 1716 1267 Qui
1745 1182 1936 1274 septimum
1963 1180 2195 1281 Physioornm

147 1290 214 1361 vit:
248 1309 401 1381 quorum
426 1279 586 1371 exempla
609 1278 818 1370 propediem
842 1268 970 1355 inhac
985 1275 1075 1343 urbe
1089 1296 1151 1341 ve-
1201 1278 1335 1370 absque
1358 1277 1492 1349 noticia
1517 1281 1792 1373 proportionum
1816 1285 1952 1357 discere
1978 1287 2113 1381 possit,
2144 1314 2195 1361 ar-

148 1406 221 1466 atra
236 1389 407 1460 conficere
425 1384 577 1456 institui.
629 1380 785 1451 Multam
808 1389 989 1469 postremo
1004 1377 1049 1445 de
1064 1374 1151 1444 reli·
1201 1378 1318 1450 bitror
1342 1402 1416 1449 esse
1439 1381 1633 1456 neminem.
1685 1384 1815 1457 Nonne
1833 1391 1987 1461 arduum
2011 1390 2196 1467 videbatur

148 1495 229 1591 quis
252 1490 409 1563 scientiis
430 1486 559 1557 mediis
575 1483 774 1555 disserendi
789 1478 975 1551 materiam
995 1501 1152 1571 erpone·
1201 1476 1387 1554 Aristoteli
1403 1481 1441 1553 in
1455 1486 1666 1557 duodecimo
1683 1485 1950 1586 Metaphysicae
1963 1516 2073 1583 suae,
2097 1510 2194 1569 natu-

149 1622 247 1679 rem,
289 1593 362 1665 nisi
390 1588 561 1683 temporis
586 1586 761 1672 brevitas,
799 1580 1151 1675 principantiumque
1202 1609 1280 1655 ram
1293 1585 1826 1677 intelligentiarumcoelestium
1842 1595 2103 1684 demonstrare,
2120 1598 2194 1671 inde

150 1697 373 1772 consuetudo
393 1717 450 1764 me
476 1685 720 1785 prohiberent.
769 1684 860 1758 Nam
879 1687 924 1755 de
942 1695 1152 1755 mansuetu·
1203 1689 1291 1758 adeo
1309 1690 1406 1783 qnod
1420 1686 1672 1764 Astronomiae
1686 1688 1783 1765 haud
1798 1697 1883 1768 satis
1897 1700 2104 1773 studuerit?
2135 1700 2194 1775 Pa-

149 1805 237 1875 dine
261 1814 377 1872 vestra
400 1797 521 1867 futura
545 1794 676 1888 pignus
701 1790 832 1861 tenebo
856 1801 1010 1873 certum,
1034 1785 1151 1857 sitam
1203 1815 1283 1861 rum
1298 1791 1335 1861 id
1352 1791 1500 1863 obsecro
1513 1793 1579 1863 tibi
1596 1795 1756 1879 videtur,
1782 1802 1876 1892 quod
1897 1801 1938 1871 in
1954 1802 2077 1895 primo
2094 1808 2195 1896 gradu

149 1908 273 1977 firmos
290 1902 399 1971 inme
415 1898 527 1989 ligetis
544 1896 684 1980 oculos,
710 1917 818 1988 quam
842 1891 1014 1982 benignas
1038 1912 1152 1983 usquc
1203 1893 1446 1981 certitudinis,
1473 1896 1680 1988 disciplinas
1698 1915 1836 1971 nostras
1850 1904 2065 1979 collocarit?
2090 1908 2195 1981 solun

149 2005 217 2081 hac
235 2003 370 2077 oratori
386 1996 479 2072 mihi
491 1998 705 2094 praebuistis
729 2019 843 2069 aures.
894 1994 1010 2085 Igitur
1027 1992 1151 2063 laudes
1202 2021 1284 2067 eum
1308 1997 1478 2069 scientem
1499 2000 1713 2085 arbitratus,
1741 2004 1805 2097 qui
1825 2029 1884 2077 eas
1902 2009 2007 2079 docte
2029 2034 2195 2085 consem-

147 2104 485 2183 Mathematicarum
512 2102 753 2173 declamaturo
778 2094 889 2183 mibi,
920 2109 974 2168 tot
997 2109 1032 2167 et
1050 2106 1152 2166 tanta
1203 2113 1260 2171 tus
1282 2113 1383 2171 esset.
1443 2098 1511 2172 Cui
1536 2105 1641 2175 etiam
1657 2103 1823 2177 Plotinus
1847 2111 1995 2203 quidam
2011 2100 2193 2188 Academi·
2229 2140 2232 2203 t

150 2223 346 2287 occurrunt
366 2218 616 2291 monumenta,
647 2218 689 2274 ut
712 2200 894 2272 difficilius
915 2198 1080 2269 videatur
1095 2195 1152 2265 di·
1203 2225 1265 2273 cus
1285 2201 1467 2273 alludens:
1503 2201 1669 2289 Utinam,
1701 2208 1841 2303 inquit,
1873 2214 1996 2285 omnia
2018 2232 2138 2291 essent
2149 2219 2193 2289 di·
2229 2208 2232 2261 ¹

149 2317 265 2388 cendo
279 2314 427 2384 modum
441 2323 612 2393 statuere,
637 2330 745 2401 quam
763 2305 860 2398 quod
876 2302 994 2375 dicam
1010 2298 1153 2373 noviter
1202 2304 1419 2397 sciplinalia:
1454 2308 1543 2377 adeo
1567 2311 1684 2402 coepit
1711 2335 1793 2383 eum
1817 2314 1958 2385 satietas
1982 2332 2190 2407 caetertnnr

150 2418 327 2491 invenire.
379 2412 472 2502 Quis
488 2412 582 2482 enim
596 2411 635 2479 in
651 2406 720 2481 hoc
737 2408 861 2500 pelago
883 2406 1058 2475 immenso
1073 2400 1151 2472 vela
1203 2407 1355 2489 artium,
1388 2434 1478 2503 quae
1505 2412 1661 2502 prolecto
1686 2439 1760 2484 non
1784 2416 1856 2487 nisi
1874 2418 2109 2495 diversarum
2127 2424 2187 2517 opi-
2230 2406 2232 2429 Ι

150 2521 362 2604 intendens,
395 2540 471 2586 non
491 2514 655 2607 copiosus
677 2510 792 2582 videri
807 2507 961 2602 poterit?
999 2504 1069 2578 Cui
1089 2526 1153 2598 per
1203 2510 1355 2581 nionum
1371 2514 1552 2603 congeries
1565 2516 1745 2587 aestimari
1758 2534 1918 2611 possunt.
2002 2588 2008 2595 .
2076 2584 2079 2589 .

151 2622 269 2701 Deum
301 2619 540 2690 immortalem
574 2613 663 2686 haec
693 2613 900 2704 dignissima
932 2610 1048 2681 studia
1075 2630 1151 2678 non
1306 2610 1398 2701 Quis
1421 2615 1516 2685 enim
1537 2612 1789 2710 Anaxagorae,
1813 2636 1874 2695 aut
1895 2620 2129 2717 Democrito,
2147 2630 2189 2703 vd

151 2728 258 2798 modo
282 2748 358 2793 non
379 2722 535 2791 existunt
567 2719 688 2802 utilia,
720 2715 953 2787 verumetiam
985 2713 1025 2782 in
1051 2722 1151 2803 parte
1204 2712 1285 2785 aliis
1303 2716 1346 2784 de
1370 2717 1566 2790 substantia
1581 2722 1721 2793 animae
1744 2725 2027 2817 disserentibus,
2053 2734 2188 2805 nonad-

151 2825 371 2900 uecessaria?
429 2846 515 2894 nam
555 2818 722 2913 inprimis
765 2818 892 2890 omitto
926 2812 1152 2886 mechanicos
1205 2813 1373 2890 haesisset
1384 2821 1502 2913 prius,
1528 2848 1634 2917 quam
1651 2840 1744 2897 secta
1755 2824 2086 2919 Peripateticorum
2097 2835 2188 2925 inole-

152 2954 277 3005 omnes
301 2943 405 3021 atque
435 2927 574 3010 fabros,
606 2944 696 3018 quos
722 2917 928 2992 Geometria
953 2917 1152 3011 plurimum
1204 2920 1281 2993 ret?
1332 2918 1460 2995 Nonne
1480 2948 1644 3019 sequaces
1667 2929 1870 3001 Aristotelis
1892 2931 2059 3023 plurima
2082 2940 2186 3033 scripu

153 3036 342 3124 dirigeret,
368 3030 398 3098 si
412 3039 597 3123 praecepta
615 3027 689 3096 eius
706 3024 939 3116 accepissent,
954 3022 1038 3117 ,sive
1052 3018 1152 3089 aedi·
1204 3048 1266 3095 sua
1291 3023 1552 3117 impudentius,
1585 3031 1670 3101 satis
1693 3056 1775 3102 cum
1800 3034 1959 3123 periculo
1983 3032 2180 3113 hodielscs·

152 3138 232 3207 licia
255 3132 487 3211 constituere,
516 3130 589 3199 sive
612 3151 721 3222 aquas
745 3128 942 3210 abducere,
972 3123 1045 3193 sive
1060 3146 1153 3216 pon·
1205 3126 1309 3197 rant?
1351 3128 1497 3216 incerti,
1526 3131 1681 3205 voluerit
1704 3159 1749 3205 ne
1772 3136 1890 3207 dicere
1913 3138 1960 3209 de
1985 3144 2184 3229 nommibn,

152 3242 238 3312 dera
266 3252 510 3307 transmovere
544 3232 770 3303 tentaverint.
831 3228 1037 3329 Memorare
1070 3249 1152 3319 pos·
1204 3254 1250 3300 an
1272 3229 1392 3321 potius
1418 3235 1462 3303 de
1487 3234 1605 3304 rebus.
1666 3234 1766 3325 Quot
1786 3262 1904 3309 ramos
1926 3241 2029 3315 inter
2052 3271 2111 3335 se,
2135 3261 2186 3321 eta

154 3367 247 3428 sem,
273 3339 411 3434 quoties
439 3336 592 3408 fornices
613 3333 828 3428 templorum
853 3329 939 3402 novi
957 3331 1151 3401 admodum
1204 3332 1323 3423 stipite
1355 3357 1420 3404 suo
1452 3335 1611 3407 diversos
1641 3332 1727 3410 haec
1761 3355 1852 3411 secta
1877 3347 2081 3434 produxit?
2121 3350 2187 3423 Pars

153 3444 296 3536 ignavia
322 3436 597 3512 architectorum
627 3437 847 3522 corruerint,
887 3436 973 3505 dum
1003 3434 1152 3522 figuram
1206 3433 1377 3505 loannem
1393 3436 1539 3509 Scotum
1557 3440 1736 3529 imitatur,
1758 3444 1819 3527 alii
1834 3461 1999 3519 sanctum
2018 3449 2189 3537 Thomarn

153 3549 313 3641 ineptam
342 3553 537 3615 assumunt.
603 3537 712 3627 Quod
736 3537 897 3611 Venetiis
927 3560 1043 3630 nuper
1073 3558 1153 3603 mo-
1205 3562 1280 3606 non
1300 3538 1393 3607 nulli
1408 3554 1525 3610 autem
1544 3543 1686 3633 ingenio
1703 3547 1903 3637 promiscuo
1919 3544 1989 3621 hac
2005 3556 2189 3651 atqneillat

154 3648 261 3722 nachi
275 3645 445 3717 nonnulli
458 3644 579 3714 obruti
593 3655 694 3726 sunt,
720 3643 813 3713 turri
827 3643 981 3735 quadam
996 3637 1153 3719 cadente,
1205 3638 1379 3711 defluunt.
1432 3641 1604 3714 Scotistae
1624 3668 1662 3715 se
1684 3649 1924 3738 pronunciant
1947 3654 2121 3743 victor-erg¹
2140 3659 2200 3731 uhi.

155 3752 305 3825 ruditati
326 3748 462 3840 opificis
489 3770 566 3815 eam
591 3745 725 3835 erigere
753 3742 916 3815 conantis
939 3744 1153 3834 imputatum
1206 3766 1289 3809 vero
1313 3741 1463 3811 liberam
1487 3747 1631 3817 dicendi
1653 3752 1864 3823 sententiam
1887 3753 1990 3827 locus
2010 3762 2189 3849 datur,td

155 3869 218 3929 est.
286 3853 415 3923 Sinum
448 3845 664 3928 Arabicum,
699 3860 827 3917 vocant
859 3868 957 3914 mare
990 3843 1153 3921 rubrum,
1206 3837 1384 3913 Thomam
1407 3863 1644 3923 revertuntur.
1698 3851 1811 3943 Igitur
1835 3880 1905 3949 quo
1935 3860 2064 3949 plures
2085 3862 2189 3938 Philo·

154 3983 217 4029 rex
239 3956 388 4049 quidam
407 3951 499 4020 mari
521 3964 643 4020 nostro
667 3950 927 4020 mediterraneo
943 3944 1153 4015 continuare
1206 3939 1331 4037 sophia
1346 3948 1452 4017 duces
1462 3942 1580 4035 habet,
1606 3978 1647 4022 eo
1663 3957 1784 4026 minus
1798 3952 1863 4027 hac
1877 3977 2003 4033 nostra
2022 3981 2190 4062 tempests·

154 4070 333 4141 tentasset,
358 4054 424 4124 nisi
440 4052 629 4123 Geometra
641 4053 820 4125 monitore
832 4064 941 4121 totam
951 4044 1152 4139 Aegyptum
1206 4061 1240 4117 te
1268 4048 1474 4124 addiscitur.
1532 4051 1703 4149 Princeps
1735 4060 1869 4130 interea
1896 4059 2190 4162 Philosophornn

154 4184 328 4256 aquarum
346 4155 470 4227 illuvie
485 4156 708 4227 submersum
724 4156 769 4223 iri
782 4153 974 4225 didicisset.
1013 4144 1153 4220 Omitto
1206 4175 1351 4243 prorsus
1365 4154 1589 4243 destituitur,
1615 4183 1817 4255 nomenque
1834 4188 1938 4233 suum
1959 4169 1991 4237 is
2017 4173 2091 4244 sibi
2105 4198 2190 4248 usur

154 4265 312 4356 denique
327 4259 581 4350 negotiatores,
607 4259 669 4351 qui
685 4279 917 4328 numerorum
934 4251 1153 4346 peritiorem
1207 4267 1285 4345 pat,
1312 4256 1373 4347 qui
1393 4256 1431 4325 in
1448 4253 1727 4349 sophismatibus
1743 4266 1823 4355 plus
1838 4270 1987 4339 caeteris
2003 4278 2121 4359 valet,
2143 4302 2191 4349 no·

154 4391 256 4439 suam
287 4363 483 4456 plurimum
513 4373 653 4450 augent.
720 4355 861 4429 Omitto
896 4355 1153 4446 armigerorum
1206 4379 1275 4450 que
1306 4355 1514 4431 Aristoteles
1545 4363 1639 4455 ipse,
1674 4367 1705 4435 si
1735 4368 1981 4461 revivisceret,
2014 4380 2191 4474 discipulos

153 4472 298 4543 turbam
331 4479 436 4559 atque
459 4462 636 4548 militum,
673 4461 804 4556 quibus
830 4462 976 4530 inventa
999 4454 1152 4525 Geome-
1205 4482 1288 4529 suos
1314 4474 1421 4554 atque
1453 4486 1617 4557 sequaces
1648 4470 1733 4559 satis
1762 4471 1963 4561 intelligere
1994 4486 2192 4557 crederetur.

155 4572 244 4643 trica
259 4572 297 4639 in
322 4568 446 4639 iaculis
470 4565 672 4649 mittendis,
698 4564 964 4657 dirigendisque
979 4554 1153 4629 machinis
1207 4560 1312 4651 Quod
1348 4566 1393 4633 de
1426 4568 1558 4636 nostris
1589 4569 1788 4662 disciplinis
1819 4598 1925 4643 nemo
1961 4582 2037 4653 nisi
2065 4587 2192 4659 insanos

154 4700 223 4745 usu
245 4673 409 4743 veniunt.
461 4666 672 4759 Expeditior
687 4681 805 4739 autem
829 4665 975 4737 caeteris
989 4657 1154 4745 habetur,
1205 4666 1409 4757 praedicare
1424 4670 1533 4754 ausit,
1560 4676 1850 4767 quandoquidem
1866 4696 2120 4775 neque-aetas,
2142 4712 2191 4761 nc·

139 4778 187 4847 ,εἰ
220 4777 299 4867 quis
331 4775 514 4843 radiorum
546 4770 719 4839 solarium
748 4770 860 4858 legem
898 4768 983 4837 satis
1018 4764 1152 4836 calleat.
1205 4792 1274 4861 que
1306 4762 1496 4841 hominum
1526 4799 1642 4843 mores
1673 4778 1759 4869 ipsis
1794 4781 1988 4873 quicquam
2022 4790 2192 4865 detrahere

146 4876 424 4971 ‘Quiddenique
440 4876 561 4945 fabros
583 4873 905 4943 instrumentorum
922 4868 1152 4941 Musicalium
1205 4885 1366 4961 possunt.
1432 4869 1667 4949 Theoremata
1701 4876 1864 4952 Euclidis
1896 4890 2053 4964 eandem
2088 4892 2192 4979 hodic,

155 4979 378 5049 meminero?
410 4976 540 5070 quibus
567 4975 669 5046 toties
692 4999 848 5044 errorem
871 4972 1033 5043 suumin
1050 4994 1154 5038 men·
1205 4976 1520 5067 quamantemille
1542 4976 1807 5053 annoshahent
1826 4988 2095 5073 certitudinem,
2146 4998 2193 5071 ln-

156 5080 250 5151 suris
265 5080 470 5149 dividendis
490 5077 616 5151 obieci.
666 5076 798 5149 Missos
819 5077 911 5147 sacio
928 5070 1153 5144 mechanicos
1207 5088 1312 5145 venta
1327 5072 1554 5149 Archimedis
1570 5098 1650 5172 post
1664 5085 1762 5157 mille
1777 5089 1892 5158 secula
1908 5100 2076 5171 venturis
2092 5098 2193 5173 homi-

154 5208 297 5268 omnes,
329 5196 370 5253 ut
394 5195 565 5276 quantum
588 5180 751 5251 utilitatis
779 5181 817 5249 in
840 5179 967 5249 studiis
993 5175 1153 5247 liberali·
1205 5177 1312 5247 nibus
1328 5204 1403 5249 non
1419 5180 1594 5251 minorem
1609 5186 1781 5259 inducent
1790 5191 2081 5289 admirationem,
2102 5226 2192 5299 quan

155 5290 221 5357 bus
238 5280 505 5357 mathematicae
527 5282 728 5366 conserant,
754 5283 897 5353 abunde
924 5292 1170 5350 monstretur.
1205 5280 1404 5369 legentibus
1421 5284 1526 5353 nobis
1539 5285 1808 5363 iucunditatem.
1861 5288 1897 5362 Ο
1910 5318 2192 5395 perpetuaemof.

152 5389 327 5483 Nunquid
345 5387 506 5473 nescitis,
529 5410 637 5480 quam
653 5386 777 5455 crebro
801 5378 1058 5454 mathematicis
1074 5394 1153 5451 uta·
1206 5382 1332 5453 talium
1348 5386 1509 5455 comites:
1535 5411 1611 5458 non
1631 5393 1728 5481 prius
1740 5407 1954 5487 cessaturae,
1982 5430 2092 5498 quam
2102 5432 2192 5481 mun.

151 5507 211 5566 tur
225 5492 393 5585 exemplis
403 5490 653 5585 peripateticus
663 5482 1002 5579 illePhilosophus?
1027 5495 1153 5555 cuncta
1176 5544 1180 5551 .
1206 5486 1273 5557 dus
1295 5486 1370 5579 ipse
1393 5487 1541 5561 desinat.
1601 5487 1637 5561 Ο
1667 5495 1790 5567 divina
1805 5492 2113 5599 Philosophorum
2135 5535 2191 5583 nu.
