<?xml version="1.0" encoding="UTF-8"?>
<!DOCTYPE html PUBLIC "-//W3C//DTD XHTML 1.0 Transitional//EN"
    "http://www.w3.org/TR/xhtml1/DTD/xhtml1-transitional.dtd">
<html xmlns="http://www.w3.org/1999/xhtml" xml:lang="en" lang="en">
 <head>
  <title>
</title>
<meta http-equiv="Content-Type" content="text/html;charset=utf-8" />
  <meta name='ocr-system' content='tesseract 3.04.00' />
  <meta name='ocr-capabilities' content='ocr_page ocr_carea ocr_par ocr_line ocrx_word'/>
</head>
<body>
  <div class='ocr_page' id='page_1' title='image "./philippimelanth00bretgoog_0418.png"; bbox 0 0 4664 6022; ppageno 0'>
   <div class='ocr_carea' id='block_1_1' title="bbox 141 230 2187 389">
    <p class='ocr_par' dir='ltr' id='par_1_1' title="bbox 141 230 2187 389">
     <span class='ocr_line' id='line_1_1' title="bbox 141 230 2187 389; baseline -0.003 -21"><span class='ocrx_word' id='word_1_1' title='bbox 141 296 217 371; x_wconf 79' lang='lat' dir='ltr'>ses</span> <span class='ocrx_word' id='word_1_2' title='bbox 595 283 754 362; x_wconf 80' lang='lat' dir='ltr'>naun.</span> <span class='ocrx_word' id='word_1_3' title='bbox 800 283 876 362; x_wconf 85' lang='lat' dir='ltr'>na</span> <span class='ocrx_word' id='word_1_4' title='bbox 911 282 1182 389; x_wconf 80' lang='lat' dir='ltr'>rouassa</span> <span class='ocrx_word' id='word_1_5' title='bbox 1215 230 1727 363; x_wconf 79' lang='lat' dir='ltr'>aaarouosrauo</span> <span class='ocrx_word' id='word_1_6' title='bbox 2113 284 2187 361; x_wconf 80' lang='lat' dir='ltr'>set</span> 
     </span>
    </p>
   </div>
   <div class='ocr_carea' id='block_1_2' title="bbox 116 458 2237 5600">
    <p class='ocr_par' dir='ltr' id='par_1_2' title="bbox 116 458 2227 3231">
     <span class='ocr_line' id='line_1_2' title="bbox 144 458 2190 556; baseline -0.004 -17"><span class='ocrx_word' id='word_1_7' title='bbox 144 463 404 539; x_wconf 88' lang='lat' dir='ltr'>sedemstudiis</span> <span class='ocrx_word' id='word_1_8' title='bbox 420 462 697 556; x_wconf 68' lang='lat' dir='ltr'>subquartam,</span> <span class='ocrx_word' id='word_1_9' title='bbox 724 486 820 533; x_wconf 91' lang='lat' dir='ltr'>anno</span> <span class='ocrx_word' id='word_1_10' title='bbox 843 460 1034 532; x_wconf 91' lang='lat' dir='ltr'>millesimo</span> <span class='ocrx_word' id='word_1_11' title='bbox 1050 482 1140 554; x_wconf 86' lang='lat' dir='ltr'>qua·</span> <span class='ocrx_word' id='word_1_12' title='bbox 1191 461 1384 532; x_wconf 80' lang='lat' dir='ltr'>mtttcstmo</span> <span class='ocrx_word' id='word_1_13' title='bbox 1405 459 1757 556; x_wconf 87' lang='lat' dir='ltr'>quadringentesimo</span> <span class='ocrx_word' id='word_1_14' title='bbox 1782 458 2043 554; x_wconf 79' lang='lat' dir='ltr'>septuagesimo</span> <span class='ocrx_word' id='word_1_15' title='bbox 2064 459 2190 552; x_wconf 87' lang='lat' dir='ltr'>primo,</span> 
     </span>
     <span class='ocr_line' id='line_1_3' title="bbox 144 562 2190 660; baseline -0.004 -18"><span class='ocrx_word' id='word_1_16' title='bbox 144 567 422 660; x_wconf 88' lang='lat' dir='ltr'>dringentesimo</span> <span class='ocrx_word' id='word_1_17' title='bbox 438 564 695 658; x_wconf 85' lang='lat' dir='ltr'>septuagesimo</span> <span class='ocrx_word' id='word_1_18' title='bbox 718 565 835 658; x_wconf 90' lang='lat' dir='ltr'>primo</span> <span class='ocrx_word' id='word_1_19' title='bbox 851 562 1087 653; x_wconf 90' lang='lat' dir='ltr'>Noribergam</span> <span class='ocrx_word' id='word_1_20' title='bbox 1104 584 1141 632; x_wconf 89' lang='lat' dir='ltr'>se</span> <span class='ocrx_word' id='word_1_21' title='bbox 1192 589 1232 635; x_wconf 92' lang='lat' dir='ltr'>ac</span> <span class='ocrx_word' id='word_1_22' title='bbox 1255 588 1378 635; x_wconf 85' lang='lat' dir='ltr'>rursus</span> <span class='ocrx_word' id='word_1_23' title='bbox 1401 563 1614 648; x_wconf 89' lang='lat' dir='ltr'>millesimo,</span> <span class='ocrx_word' id='word_1_24' title='bbox 1648 562 2021 658; x_wconf 82' lang='lat' dir='ltr'>quadringentesimo,</span> <span class='ocrx_word' id='word_1_25' title='bbox 2052 576 2190 657; x_wconf 85' lang='lat' dir='ltr'>septus·</span> 
     </span>
     <span class='ocr_line' id='line_1_4' title="bbox 145 665 2192 761; baseline -0.004 -16"><span class='ocrx_word' id='word_1_26' title='bbox 145 675 294 745; x_wconf 90' lang='lat' dir='ltr'>confert.</span> <span class='ocrx_word' id='word_1_27' title='bbox 358 667 401 740; x_wconf 92' lang='lat' dir='ltr'>ln</span> <span class='ocrx_word' id='word_1_28' title='bbox 428 665 494 739; x_wconf 88' lang='lat' dir='ltr'>hac</span> <span class='ocrx_word' id='word_1_29' title='bbox 519 670 608 740; x_wconf 89' lang='lat' dir='ltr'>urbe</span> <span class='ocrx_word' id='word_1_30' title='bbox 635 684 683 741; x_wconf 90' lang='lat' dir='ltr'>ut·</span> <span class='ocrx_word' id='word_1_31' title='bbox 704 670 827 742; x_wconf 89' lang='lat' dir='ltr'>mallet</span> <span class='ocrx_word' id='word_1_32' title='bbox 852 668 1031 761; x_wconf 88' lang='lat' dir='ltr'>reliquum</span> <span class='ocrx_word' id='word_1_33' title='bbox 1057 688 1141 737; x_wconf 90' lang='lat' dir='ltr'>suae</span> <span class='ocrx_word' id='word_1_34' title='bbox 1194 669 1326 759; x_wconf 84' lang='lat' dir='ltr'>gesimo</span> <span class='ocrx_word' id='word_1_35' title='bbox 1343 671 1515 752; x_wconf 91' lang='lat' dir='ltr'>secundo,</span> <span class='ocrx_word' id='word_1_36' title='bbox 1540 667 1666 736; x_wconf 79' lang='lat' dir='ltr'>arsisse</span> <span class='ocrx_word' id='word_1_37' title='bbox 1681 668 1773 736; x_wconf 91' lang='lat' dir='ltr'>duos</span> <span class='ocrx_word' id='word_1_38' title='bbox 1788 681 1958 738; x_wconf 87' lang='lat' dir='ltr'>cometas:</span> <span class='ocrx_word' id='word_1_39' title='bbox 1984 689 2080 761; x_wconf 85' lang='lat' dir='ltr'>qnos</span> <span class='ocrx_word' id='word_1_40' title='bbox 2101 678 2192 743; x_wconf 72' lang='lat' dir='ltr'>unta</span> 
     </span>
     <span class='ocr_line' id='line_1_5' title="bbox 145 766 2193 864; baseline -0.004 -17"><span class='ocrx_word' id='word_1_41' title='bbox 145 775 268 848; x_wconf 88' lang='lat' dir='ltr'>aetatis</span> <span class='ocrx_word' id='word_1_42' title='bbox 287 796 513 857; x_wconf 79' lang='lat' dir='ltr'>consumere,</span> <span class='ocrx_word' id='word_1_43' title='bbox 540 771 615 862; x_wconf 87' lang='lat' dir='ltr'>ipse</span> <span class='ocrx_word' id='word_1_44' title='bbox 636 766 699 843; x_wconf 93' lang='lat' dir='ltr'>has</span> <span class='ocrx_word' id='word_1_45' title='bbox 720 772 909 856; x_wconf 78' lang='lat' dir='ltr'>recitabat,</span> <span class='ocrx_word' id='word_1_46' title='bbox 934 772 1029 864; x_wconf 92' lang='lat' dir='ltr'>quod</span> <span class='ocrx_word' id='word_1_47' title='bbox 1055 768 1143 838; x_wconf 89' lang='lat' dir='ltr'>arti·</span> <span class='ocrx_word' id='word_1_48' title='bbox 1194 772 1331 843; x_wconf 76' lang='lat' dir='ltr'>siccitas</span> <span class='ocrx_word' id='word_1_49' title='bbox 1352 785 1469 844; x_wconf 89' lang='lat' dir='ltr'>secuta</span> <span class='ocrx_word' id='word_1_50' title='bbox 1485 782 1558 855; x_wconf 92' lang='lat' dir='ltr'>est,</span> <span class='ocrx_word' id='word_1_51' title='bbox 1582 783 1623 841; x_wconf 91' lang='lat' dir='ltr'>ut</span> <span class='ocrx_word' id='word_1_52' title='bbox 1639 769 1830 840; x_wconf 85' lang='lat' dir='ltr'>fluminum</span> <span class='ocrx_word' id='word_1_53' title='bbox 1851 782 1887 839; x_wconf 88' lang='lat' dir='ltr'>et</span> <span class='ocrx_word' id='word_1_54' title='bbox 1909 770 2068 841; x_wconf 90' lang='lat' dir='ltr'>fontium</span> <span class='ocrx_word' id='word_1_55' title='bbox 2089 792 2193 840; x_wconf 85' lang='lat' dir='ltr'>venae</span> 
     </span>
     <span class='ocr_line' id='line_1_6' title="bbox 145 866 2193 951; baseline -0.004 -1"><span class='ocrx_word' id='word_1_56' title='bbox 145 881 228 951; x_wconf 89' lang='lat' dir='ltr'>lices</span> <span class='ocrx_word' id='word_1_57' title='bbox 255 878 305 949; x_wconf 88' lang='lat' dir='ltr'>ibi</span> <span class='ocrx_word' id='word_1_58' title='bbox 340 868 455 947; x_wconf 82' lang='lat' dir='ltr'>essent</span> <span class='ocrx_word' id='word_1_59' title='bbox 485 875 609 945; x_wconf 90' lang='lat' dir='ltr'>idonei</span> <span class='ocrx_word' id='word_1_60' title='bbox 635 877 679 945; x_wconf 94' lang='lat' dir='ltr'>ad</span> <span class='ocrx_word' id='word_1_61' title='bbox 707 875 932 946; x_wconf 87' lang='lat' dir='ltr'>fabricandas</span> <span class='ocrx_word' id='word_1_62' title='bbox 962 866 1143 942; x_wconf 89' lang='lat' dir='ltr'>machinas</span> <span class='ocrx_word' id='word_1_63' title='bbox 1195 875 1411 948; x_wconf 78' lang='lat' dir='ltr'>exacuerint.</span> <span class='ocrx_word' id='word_1_64' title='bbox 1462 871 1686 943; x_wconf 90' lang='lat' dir='ltr'>Nominatim</span> <span class='ocrx_word' id='word_1_65' title='bbox 1703 873 1809 944; x_wconf 90' lang='lat' dir='ltr'>etiam</span> <span class='ocrx_word' id='word_1_66' title='bbox 1830 885 1981 944; x_wconf 90' lang='lat' dir='ltr'>narrant</span> <span class='ocrx_word' id='word_1_67' title='bbox 1996 872 2193 943; x_wconf 82' lang='lat' dir='ltr'>multorum</span> 
     </span>
     <span class='ocr_line' id='line_1_7' title="bbox 148 971 2194 1071; baseline -0.005 -18"><span class='ocrx_word' id='word_1_68' title='bbox 148 979 234 1054; x_wconf 91' lang='lat' dir='ltr'>huic</span> <span class='ocrx_word' id='word_1_69' title='bbox 250 982 319 1052; x_wconf 88' lang='lat' dir='ltr'>arti</span> <span class='ocrx_word' id='word_1_70' title='bbox 339 978 567 1049; x_wconf 87' lang='lat' dir='ltr'>necessarias:</span> <span class='ocrx_word' id='word_1_71' title='bbox 595 979 744 1063; x_wconf 87' lang='lat' dir='ltr'>deinde,</span> <span class='ocrx_word' id='word_1_72' title='bbox 769 980 866 1071; x_wconf 90' lang='lat' dir='ltr'>quod</span> <span class='ocrx_word' id='word_1_73' title='bbox 890 1000 952 1069; x_wconf 92' lang='lat' dir='ltr'>per</span> <span class='ocrx_word' id='word_1_74' title='bbox 971 987 1144 1045; x_wconf 89' lang='lat' dir='ltr'>mercato·</span> <span class='ocrx_word' id='word_1_75' title='bbox 1195 977 1411 1069; x_wconf 84' lang='lat' dir='ltr'>oppidorum</span> <span class='ocrx_word' id='word_1_76' title='bbox 1434 975 1747 1066; x_wconf 83' lang='lat' dir='ltr'>conflagrationem</span> <span class='ocrx_word' id='word_1_77' title='bbox 1769 990 1923 1047; x_wconf 90' lang='lat' dir='ltr'>secutam</span> <span class='ocrx_word' id='word_1_78' title='bbox 1938 997 2025 1049; x_wconf 83' lang='lat' dir='ltr'>esse.</span> <span class='ocrx_word' id='word_1_79' title='bbox 2081 971 2194 1045; x_wconf 83' lang='lat' dir='ltr'>Etdi-</span> 
     </span>
     <span class='ocr_line' id='line_1_8' title="bbox 148 1073 2195 1171; baseline -0.004 -14"><span class='ocrx_word' id='word_1_80' title='bbox 148 1110 205 1157; x_wconf 89' lang='lat' dir='ltr'>res</span> <span class='ocrx_word' id='word_1_81' title='bbox 220 1083 359 1155; x_wconf 75' lang='lat' dir='ltr'>facilius</span> <span class='ocrx_word' id='word_1_82' title='bbox 373 1082 412 1150; x_wconf 92' lang='lat' dir='ltr'>in</span> <span class='ocrx_word' id='word_1_83' title='bbox 431 1080 518 1150; x_wconf 90' lang='lat' dir='ltr'>alias</span> <span class='ocrx_word' id='word_1_84' title='bbox 533 1081 696 1171; x_wconf 82' lang='lat' dir='ltr'>regiones</span> <span class='ocrx_word' id='word_1_85' title='bbox 713 1080 797 1151; x_wconf 91' lang='lat' dir='ltr'>inde</span> <span class='ocrx_word' id='word_1_86' title='bbox 817 1081 939 1152; x_wconf 76' lang='lat' dir='ltr'>literas</span> <span class='ocrx_word' id='word_1_87' title='bbox 962 1077 1145 1149; x_wconf 91' lang='lat' dir='ltr'>transmit·</span> <span class='ocrx_word' id='word_1_88' title='bbox 1196 1082 1375 1152; x_wconf 84' lang='lat' dir='ltr'>micarunt</span> <span class='ocrx_word' id='word_1_89' title='bbox 1394 1080 1489 1150; x_wconf 87' lang='lat' dir='ltr'>inter</span> <span class='ocrx_word' id='word_1_90' title='bbox 1518 1101 1555 1148; x_wconf 87' lang='lat' dir='ltr'>sa</span> <span class='ocrx_word' id='word_1_91' title='bbox 1576 1080 1621 1148; x_wconf 89' lang='lat' dir='ltr'>de</span> <span class='ocrx_word' id='word_1_92' title='bbox 1645 1073 1839 1165; x_wconf 89' lang='lat' dir='ltr'>Bohcmia‚</span> <span class='ocrx_word' id='word_1_93' title='bbox 1873 1075 2046 1169; x_wconf 87' lang='lat' dir='ltr'>Hungari</span> <span class='ocrx_word' id='word_1_94' title='bbox 2072 1089 2109 1147; x_wconf 88' lang='lat' dir='ltr'>et</span> <span class='ocrx_word' id='word_1_95' title='bbox 2131 1074 2195 1149; x_wconf 76' lang='lat' dir='ltr'>Po-</span> 
     </span>
     <span class='ocr_line' id='line_1_9' title="bbox 148 1175 2197 1278; baseline -0.004 -19"><span class='ocrx_word' id='word_1_96' title='bbox 148 1204 223 1260; x_wconf 89' lang='lat' dir='ltr'>terc</span> <span class='ocrx_word' id='word_1_97' title='bbox 248 1198 374 1278; x_wconf 82' lang='lat' dir='ltr'>posset.</span> <span class='ocrx_word' id='word_1_98' title='bbox 431 1180 524 1254; x_wconf 91' lang='lat' dir='ltr'>Cum</span> <span class='ocrx_word' id='word_1_99' title='bbox 551 1184 647 1253; x_wconf 92' lang='lat' dir='ltr'>enim</span> <span class='ocrx_word' id='word_1_100' title='bbox 669 1185 740 1254; x_wconf 90' lang='lat' dir='ltr'>iam</span> <span class='ocrx_word' id='word_1_101' title='bbox 760 1185 937 1275; x_wconf 89' lang='lat' dir='ltr'>praeclare</span> <span class='ocrx_word' id='word_1_102' title='bbox 951 1182 1144 1251; x_wconf 86' lang='lat' dir='ltr'>instructus</span> <span class='ocrx_word' id='word_1_103' title='bbox 1198 1184 1285 1257; x_wconf 94' lang='lat' dir='ltr'>loni.</span> <span class='ocrx_word' id='word_1_104' title='bbox 1325 1181 1371 1254; x_wconf 89' lang='lat' dir='ltr'>Et</span> <span class='ocrx_word' id='word_1_105' title='bbox 1381 1177 1609 1253; x_wconf 87' lang='lat' dir='ltr'>Mahometus</span> <span class='ocrx_word' id='word_1_106' title='bbox 1618 1179 1792 1252; x_wconf 87' lang='lat' dir='ltr'>Turcicus</span> <span class='ocrx_word' id='word_1_107' title='bbox 1806 1194 1982 1276; x_wconf 88' lang='lat' dir='ltr'>tyrannus</span> <span class='ocrx_word' id='word_1_108' title='bbox 1997 1179 2041 1249; x_wconf 90' lang='lat' dir='ltr'>in</span> <span class='ocrx_word' id='word_1_109' title='bbox 2054 1175 2197 1274; x_wconf 82' lang='lat' dir='ltr'>Europa</span> 
     </span>
     <span class='ocr_line' id='line_1_10' title="bbox 149 1280 2197 1376; baseline -0.003 -15"><span class='ocrx_word' id='word_1_110' title='bbox 149 1303 238 1361; x_wconf 91' lang='lat' dir='ltr'>esset</span> <span class='ocrx_word' id='word_1_111' title='bbox 262 1287 444 1369; x_wconf 89' lang='lat' dir='ltr'>doctrina,</span> <span class='ocrx_word' id='word_1_112' title='bbox 470 1299 505 1356; x_wconf 91' lang='lat' dir='ltr'>et</span> <span class='ocrx_word' id='word_1_113' title='bbox 525 1301 745 1359; x_wconf 87' lang='lat' dir='ltr'>caeterorum</span> <span class='ocrx_word' id='word_1_114' title='bbox 770 1287 901 1357; x_wconf 90' lang='lat' dir='ltr'>iudicia</span> <span class='ocrx_word' id='word_1_115' title='bbox 922 1285 1146 1376; x_wconf 82' lang='lat' dir='ltr'>explorasset,</span> <span class='ocrx_word' id='word_1_116' title='bbox 1199 1281 1433 1357; x_wconf 90' lang='lat' dir='ltr'>Walachiam</span> <span class='ocrx_word' id='word_1_117' title='bbox 1466 1283 1670 1376; x_wconf 88' lang='lat' dir='ltr'>occupavit,</span> <span class='ocrx_word' id='word_1_118' title='bbox 1706 1283 1746 1352; x_wconf 91' lang='lat' dir='ltr'>in</span> <span class='ocrx_word' id='word_1_119' title='bbox 1772 1280 1858 1354; x_wconf 85' lang='lat' dir='ltr'>Asia</span> <span class='ocrx_word' id='word_1_120' title='bbox 1888 1282 2197 1376; x_wconf 78' lang='lat' dir='ltr'>Trapezuntinun</span> 
     </span>
     <span class='ocr_line' id='line_1_11' title="bbox 149 1382 2197 1486; baseline -0.003 -23"><span class='ocrx_word' id='word_1_121' title='bbox 149 1409 183 1465; x_wconf 88' lang='lat' dir='ltr'>ct</span> <span class='ocrx_word' id='word_1_122' title='bbox 207 1416 244 1463; x_wconf 91' lang='lat' dir='ltr'>sc</span> <span class='ocrx_word' id='word_1_123' title='bbox 267 1404 442 1486; x_wconf 90' lang='lat' dir='ltr'>quantum</span> <span class='ocrx_word' id='word_1_124' title='bbox 468 1391 601 1480; x_wconf 89' lang='lat' dir='ltr'>potuit,</span> <span class='ocrx_word' id='word_1_125' title='bbox 627 1392 673 1460; x_wconf 91' lang='lat' dir='ltr'>ad</span> <span class='ocrx_word' id='word_1_126' title='bbox 698 1385 911 1460; x_wconf 86' lang='lat' dir='ltr'>mathemata</span> <span class='ocrx_word' id='word_1_127' title='bbox 934 1388 1146 1457; x_wconf 90' lang='lat' dir='ltr'>illustranda</span> <span class='ocrx_word' id='word_1_128' title='bbox 1198 1413 1367 1481; x_wconf 91' lang='lat' dir='ltr'>regnum,</span> <span class='ocrx_word' id='word_1_129' title='bbox 1392 1387 1516 1459; x_wconf 90' lang='lat' dir='ltr'>utalia</span> <span class='ocrx_word' id='word_1_130' title='bbox 1537 1386 1835 1459; x_wconf 73' lang='lat' dir='ltr'>multa&#39;omittam.</span> <span class='ocrx_word' id='word_1_131' title='bbox 1886 1383 1980 1458; x_wconf 88' lang='lat' dir='ltr'>Cum</span> <span class='ocrx_word' id='word_1_132' title='bbox 1997 1385 2121 1478; x_wconf 84' lang='lat' dir='ltr'>igitur</span> <span class='ocrx_word' id='word_1_133' title='bbox 2132 1382 2197 1459; x_wconf 80' lang='lat' dir='ltr'>lte·</span> 
     </span>
     <span class='ocr_line' id='line_1_12' title="bbox 148 1490 2196 1588; baseline -0.002 -23"><span class='ocrx_word' id='word_1_134' title='bbox 148 1510 184 1567; x_wconf 88' lang='lat' dir='ltr'>et</span> <span class='ocrx_word' id='word_1_135' title='bbox 198 1495 426 1588; x_wconf 91' lang='lat' dir='ltr'>propaganda</span> <span class='ocrx_word' id='word_1_136' title='bbox 444 1507 693 1584; x_wconf 88' lang='lat' dir='ltr'>praeparasset,</span> <span class='ocrx_word' id='word_1_137' title='bbox 718 1492 948 1563; x_wconf 87' lang='lat' dir='ltr'>constituerat</span> <span class='ocrx_word' id='word_1_138' title='bbox 962 1506 997 1560; x_wconf 89' lang='lat' dir='ltr'>et</span> <span class='ocrx_word' id='word_1_139' title='bbox 1012 1503 1147 1559; x_wconf 86' lang='lat' dir='ltr'>veteres</span> <span class='ocrx_word' id='word_1_140' title='bbox 1199 1494 1450 1585; x_wconf 89' lang='lat' dir='ltr'>giomontanus</span> <span class='ocrx_word' id='word_1_141' title='bbox 1483 1490 1589 1561; x_wconf 88' lang='lat' dir='ltr'>sciret</span> <span class='ocrx_word' id='word_1_142' title='bbox 1618 1513 1693 1561; x_wconf 90' lang='lat' dir='ltr'>non</span> <span class='ocrx_word' id='word_1_143' title='bbox 1720 1512 1823 1582; x_wconf 84' lang='lat' dir='ltr'>saepe</span> <span class='ocrx_word' id='word_1_144' title='bbox 1844 1490 1988 1562; x_wconf 90' lang='lat' dir='ltr'>duobus</span> <span class='ocrx_word' id='word_1_145' title='bbox 2018 1490 2196 1561; x_wconf 86' lang='lat' dir='ltr'>continuit</span> 
     </span>
     <span class='ocr_line' id='line_1_13' title="bbox 149 1593 2191 1688; baseline -0.003 -20"><span class='ocrx_word' id='word_1_146' title='bbox 149 1599 338 1688; x_wconf 83' lang='lat' dir='ltr'>scriptores</span> <span class='ocrx_word' id='word_1_147' title='bbox 366 1594 490 1678; x_wconf 89' lang='lat' dir='ltr'>edere,</span> <span class='ocrx_word' id='word_1_148' title='bbox 523 1610 559 1666; x_wconf 90' lang='lat' dir='ltr'>et</span> <span class='ocrx_word' id='word_1_149' title='bbox 580 1619 660 1666; x_wconf 90' lang='lat' dir='ltr'>suas</span> <span class='ocrx_word' id='word_1_150' title='bbox 690 1594 931 1667; x_wconf 86' lang='lat' dir='ltr'>enarrationes</span> <span class='ocrx_word' id='word_1_151' title='bbox 954 1593 1147 1685; x_wconf 85' lang='lat' dir='ltr'>publicare.</span> <span class='ocrx_word' id='word_1_152' title='bbox 1199 1596 1304 1667; x_wconf 90' lang='lat' dir='ltr'>annis</span> <span class='ocrx_word' id='word_1_153' title='bbox 1320 1595 1485 1665; x_wconf 89' lang='lat' dir='ltr'>incensos</span> <span class='ocrx_word' id='word_1_154' title='bbox 1498 1617 1572 1664; x_wconf 88' lang='lat' dir='ltr'>esse</span> <span class='ocrx_word' id='word_1_155' title='bbox 1587 1605 1760 1677; x_wconf 90' lang='lat' dir='ltr'>cometas,</span> <span class='ocrx_word' id='word_1_156' title='bbox 1785 1606 1821 1663; x_wconf 90' lang='lat' dir='ltr'>et</span> <span class='ocrx_word' id='word_1_157' title='bbox 1838 1605 2051 1664; x_wconf 86' lang='lat' dir='ltr'>moveretur</span> <span class='ocrx_word' id='word_1_158' title='bbox 2065 1594 2191 1685; x_wconf 79' lang='lat' dir='ltr'>magni·</span> 
     </span>
     <span class='ocr_line' id='line_1_14' title="bbox 149 1692 2193 1793; baseline -0.006 -15"><span class='ocrx_word' id='word_1_159' title='bbox 149 1699 209 1772; x_wconf 85' lang='lat' dir='ltr'>Ad</span> <span class='ocrx_word' id='word_1_160' title='bbox 232 1696 324 1768; x_wconf 76' lang='lat' dir='ltr'>hanc</span> <span class='ocrx_word' id='word_1_161' title='bbox 347 1723 423 1767; x_wconf 78' lang='lat' dir='ltr'>rem</span> <span class='ocrx_word' id='word_1_162' title='bbox 445 1697 613 1769; x_wconf 72' lang='lat' dir='ltr'>lsstltttxlt</span> <span class='ocrx_word' id='word_1_163' title='bbox 639 1698 817 1768; x_wconf 70' lang='lat' dir='ltr'>officinam</span> <span class='ocrx_word' id='word_1_164' title='bbox 846 1692 1148 1793; x_wconf 65' lang='lat' dir='ltr'>typographicam,</span> <span class='ocrx_word' id='word_1_165' title='bbox 1200 1700 1324 1772; x_wconf 90' lang='lat' dir='ltr'>tudine</span> <span class='ocrx_word' id='word_1_166' title='bbox 1339 1713 1552 1782; x_wconf 87' lang='lat' dir='ltr'>eventuum,</span> <span class='ocrx_word' id='word_1_167' title='bbox 1577 1696 1639 1791; x_wconf 90' lang='lat' dir='ltr'>qui</span> <span class='ocrx_word' id='word_1_168' title='bbox 1655 1695 1767 1766; x_wconf 89' lang='lat' dir='ltr'>secuti</span> <span class='ocrx_word' id='word_1_169' title='bbox 1784 1709 1903 1768; x_wconf 85' lang='lat' dir='ltr'>erant:</span> <span class='ocrx_word' id='word_1_170' title='bbox 1929 1696 2054 1769; x_wconf 88' lang='lat' dir='ltr'>edidit</span> <span class='ocrx_word' id='word_1_171' title='bbox 2073 1695 2193 1766; x_wconf 81' lang='lat' dir='ltr'>miran-</span> 
     </span>
     <span class='ocr_line' id='line_1_15' title="bbox 149 1798 2199 1893; baseline -0.003 -18"><span class='ocrx_word' id='word_1_172' title='bbox 149 1818 186 1875; x_wconf 85' lang='lat' dir='ltr'>et</span> <span class='ocrx_word' id='word_1_173' title='bbox 200 1802 506 1872; x_wconf 88' lang='lat' dir='ltr'>nomenclaturam</span> <span class='ocrx_word' id='word_1_174' title='bbox 526 1801 712 1892; x_wconf 88' lang='lat' dir='ltr'>proposuit</span> <span class='ocrx_word' id='word_1_175' title='bbox 736 1801 934 1885; x_wconf 89' lang='lat' dir='ltr'>librorum,</span> <span class='ocrx_word' id='word_1_176' title='bbox 965 1821 1054 1892; x_wconf 88' lang='lat' dir='ltr'>quos</span> <span class='ocrx_word' id='word_1_177' title='bbox 1070 1798 1148 1868; x_wconf 87' lang='lat' dir='ltr'>edi·</span> <span class='ocrx_word' id='word_1_178' title='bbox 1200 1805 1285 1874; x_wconf 84' lang='lat' dir='ltr'>dum</span> <span class='ocrx_word' id='word_1_179' title='bbox 1309 1824 1418 1893; x_wconf 90' lang='lat' dir='ltr'>opus,</span> <span class='ocrx_word' id='word_1_180' title='bbox 1445 1802 1490 1869; x_wconf 88' lang='lat' dir='ltr'>de</span> <span class='ocrx_word' id='word_1_181' title='bbox 1509 1823 1592 1869; x_wconf 90' lang='lat' dir='ltr'>vcro</span> <span class='ocrx_word' id='word_1_182' title='bbox 1616 1799 1695 1869; x_wconf 89' lang='lat' dir='ltr'>loco</span> <span class='ocrx_word' id='word_1_183' title='bbox 1718 1812 1752 1869; x_wconf 88' lang='lat' dir='ltr'>et</span> <span class='ocrx_word' id='word_1_184' title='bbox 1774 1798 2030 1889; x_wconf 75' lang='lat' dir='ltr'>magnitudine</span> <span class='ocrx_word' id='word_1_185' title='bbox 2053 1802 2199 1872; x_wconf 74' lang='lat' dir='ltr'>comen-</span> 
     </span>
     <span class='ocr_line' id='line_1_16' title="bbox 150 1897 2198 1997; baseline -0.004 -20"><span class='ocrx_word' id='word_1_186' title='bbox 150 1922 252 1977; x_wconf 90' lang='lat' dir='ltr'>turus</span> <span class='ocrx_word' id='word_1_187' title='bbox 269 1918 362 1988; x_wconf 89' lang='lat' dir='ltr'>erat,</span> <span class='ocrx_word' id='word_1_188' title='bbox 388 1898 735 1997; x_wconf 86' lang='lat' dir='ltr'>quaeadhuccxtat,</span> <span class='ocrx_word' id='word_1_189' title='bbox 756 1918 789 1974; x_wconf 92' lang='lat' dir='ltr'>et</span> <span class='ocrx_word' id='word_1_190' title='bbox 806 1902 951 1996; x_wconf 89' lang='lat' dir='ltr'>quidem</span> <span class='ocrx_word' id='word_1_191' title='bbox 967 1900 1147 1993; x_wconf 88' lang='lat' dir='ltr'>auspicato</span> <span class='ocrx_word' id='word_1_192' title='bbox 1200 1929 1292 1976; x_wconf 84' lang='lat' dir='ltr'>rum.</span> <span class='ocrx_word' id='word_1_193' title='bbox 1344 1903 1430 1975; x_wconf 86' lang='lat' dir='ltr'>Fuit</span> <span class='ocrx_word' id='word_1_194' title='bbox 1442 1905 1566 1973; x_wconf 89' lang='lat' dir='ltr'>codem</span> <span class='ocrx_word' id='word_1_195' title='bbox 1583 1914 1741 1994; x_wconf 87' lang='lat' dir='ltr'>tempore</span> <span class='ocrx_word' id='word_1_196' title='bbox 1757 1897 1947 1972; x_wconf 82' lang='lat' dir='ltr'>llrfurdiae</span> <span class='ocrx_word' id='word_1_197' title='bbox 1963 1902 2026 1972; x_wconf 83' lang='lat' dir='ltr'>vir</span> <span class='ocrx_word' id='word_1_198' title='bbox 2044 1902 2198 1977; x_wconf 83' lang='lat' dir='ltr'>doctissi-</span> 
     </span>
     <span class='ocr_line' id='line_1_17' title="bbox 150 2000 2197 2098; baseline -0.002 -17"><span class='ocrx_word' id='word_1_199' title='bbox 150 2031 295 2081; x_wconf 82' lang='lat' dir='ltr'>exorsus</span> <span class='ocrx_word' id='word_1_200' title='bbox 328 2020 381 2077; x_wconf 92' lang='lat' dir='ltr'>est</span> <span class='ocrx_word' id='word_1_201' title='bbox 406 2007 453 2076; x_wconf 94' lang='lat' dir='ltr'>ab</span> <span class='ocrx_word' id='word_1_202' title='bbox 478 2008 634 2078; x_wconf 88' lang='lat' dir='ltr'>editione</span> <span class='ocrx_word' id='word_1_203' title='bbox 658 2000 938 2098; x_wconf 83' lang='lat' dir='ltr'>llphemeridum</span> <span class='ocrx_word' id='word_1_204' title='bbox 970 2027 1147 2074; x_wconf 90' lang='lat' dir='ltr'>annorum</span> <span class='ocrx_word' id='word_1_205' title='bbox 1200 2031 1281 2079; x_wconf 92' lang='lat' dir='ltr'>mus</span> <span class='ocrx_word' id='word_1_206' title='bbox 1305 2014 1344 2076; x_wconf 92' lang='lat' dir='ltr'>in</span> <span class='ocrx_word' id='word_1_207' title='bbox 1368 2002 1424 2076; x_wconf 94' lang='lat' dir='ltr'>his</span> <span class='ocrx_word' id='word_1_208' title='bbox 1446 2005 1663 2096; x_wconf 88' lang='lat' dir='ltr'>disciplinis,</span> <span class='ocrx_word' id='word_1_209' title='bbox 1691 2005 1857 2095; x_wconf 89' lang='lat' dir='ltr'>magister</span> <span class='ocrx_word' id='word_1_210' title='bbox 1870 2000 2125 2078; x_wconf 88' lang='lat' dir='ltr'>Christianus:</span> <span class='ocrx_word' id='word_1_211' title='bbox 2147 2007 2197 2077; x_wconf 85' lang='lat' dir='ltr'>cni</span> 
     </span>
     <span class='ocr_line' id='line_1_18' title="bbox 150 2104 2196 2207; baseline -0.003 -23"><span class='ocrx_word' id='word_1_212' title='bbox 150 2112 312 2203; x_wconf 90' lang='lat' dir='ltr'>triginta:</span> <span class='ocrx_word' id='word_1_213' title='bbox 338 2109 478 2202; x_wconf 90' lang='lat' dir='ltr'>fuitque</span> <span class='ocrx_word' id='word_1_214' title='bbox 494 2124 564 2180; x_wconf 89' lang='lat' dir='ltr'>tam</span> <span class='ocrx_word' id='word_1_215' title='bbox 586 2123 706 2200; x_wconf 87' lang='lat' dir='ltr'>gratus</span> <span class='ocrx_word' id='word_1_216' title='bbox 726 2110 828 2179; x_wconf 89' lang='lat' dir='ltr'>labor</span> <span class='ocrx_word' id='word_1_217' title='bbox 846 2133 886 2179; x_wconf 92' lang='lat' dir='ltr'>eo</span> <span class='ocrx_word' id='word_1_218' title='bbox 907 2121 1086 2200; x_wconf 91' lang='lat' dir='ltr'>tempore,</span> <span class='ocrx_word' id='word_1_219' title='bbox 1109 2119 1150 2176; x_wconf 88' lang='lat' dir='ltr'>ut</span> <span class='ocrx_word' id='word_1_220' title='bbox 1201 2124 1375 2207; x_wconf 89' lang='lat' dir='ltr'>quantum</span> <span class='ocrx_word' id='word_1_221' title='bbox 1400 2108 1566 2181; x_wconf 91' lang='lat' dir='ltr'>tribuerit</span> <span class='ocrx_word' id='word_1_222' title='bbox 1586 2106 1913 2200; x_wconf 79' lang='lat' dir='ltr'>Regiomontanus,</span> <span class='ocrx_word' id='word_1_223' title='bbox 1949 2132 1994 2178; x_wconf 76' lang='lat' dir='ltr'>ex</span> <span class='ocrx_word' id='word_1_224' title='bbox 2019 2109 2099 2180; x_wconf 85' lang='lat' dir='ltr'>eius</span> <span class='ocrx_word' id='word_1_225' title='bbox 2117 2104 2196 2202; x_wconf 83' lang='lat' dir='ltr'>Epi·</span> 
     </span>
     <span class='ocr_line' id='line_1_19' title="bbox 116 2208 2195 2305; baseline -0.007 -8"><span class='ocrx_word' id='word_1_226' title='bbox 116 2292 118 2297; x_wconf 89' lang='lat'>.</span> <span class='ocrx_word' id='word_1_227' title='bbox 152 2214 291 2305; x_wconf 69' lang='lat' dir='ltr'>Singula</span> <span class='ocrx_word' id='word_1_228' title='bbox 318 2211 530 2304; x_wconf 66' lang='lat' dir='ltr'>exemplaria</span> <span class='ocrx_word' id='word_1_229' title='bbox 562 2212 751 2284; x_wconf 71' lang='lat' dir='ltr'>duodecim</span> <span class='ocrx_word' id='word_1_230' title='bbox 788 2212 905 2282; x_wconf 75' lang='lat' dir='ltr'>«tureis</span> <span class='ocrx_word' id='word_1_231' title='bbox 934 2208 1149 2301; x_wconf 85' lang='lat' dir='ltr'>Hungaricis</span> <span class='ocrx_word' id='word_1_232' title='bbox 1192 2215 1290 2287; x_wconf 87' lang='lat' dir='ltr'>&#39;stola</span> <span class='ocrx_word' id='word_1_233' title='bbox 1307 2214 1473 2304; x_wconf 88' lang='lat' dir='ltr'>adparet,</span> <span class='ocrx_word' id='word_1_234' title='bbox 1496 2212 1533 2281; x_wconf 91' lang='lat' dir='ltr'>in</span> <span class='ocrx_word' id='word_1_235' title='bbox 1551 2235 1620 2305; x_wconf 88' lang='lat' dir='ltr'>qua</span> <span class='ocrx_word' id='word_1_236' title='bbox 1635 2211 1770 2296; x_wconf 90' lang='lat' dir='ltr'>scribit,</span> <span class='ocrx_word' id='word_1_237' title='bbox 1795 2233 1832 2282; x_wconf 90' lang='lat' dir='ltr'>se</span> <span class='ocrx_word' id='word_1_238' title='bbox 1847 2210 2065 2284; x_wconf 87' lang='lat' dir='ltr'>molientem</span> <span class='ocrx_word' id='word_1_239' title='bbox 2077 2211 2195 2283; x_wconf 88' lang='lat' dir='ltr'>editio·</span> 
     </span>
     <span class='ocr_line' id='line_1_20' title="bbox 151 2308 2192 2409; baseline -0.001 -22"><span class='ocrx_word' id='word_1_240' title='bbox 151 2310 421 2395; x_wconf 71' lang='lat' dir='ltr'>venderentur,</span> <span class='ocrx_word' id='word_1_241' title='bbox 438 2315 635 2409; x_wconf 91' lang='lat' dir='ltr'>etquidem</span> <span class='ocrx_word' id='word_1_242' title='bbox 652 2329 904 2408; x_wconf 90' lang='lat' dir='ltr'>appeterentur</span> <span class='ocrx_word' id='word_1_243' title='bbox 921 2315 966 2383; x_wconf 89' lang='lat' dir='ltr'>ab</span> <span class='ocrx_word' id='word_1_244' title='bbox 985 2312 1148 2383; x_wconf 91' lang='lat' dir='ltr'>omnium</span> <span class='ocrx_word' id='word_1_245' title='bbox 1201 2341 1264 2386; x_wconf 90' lang='lat' dir='ltr'>nes</span> <span class='ocrx_word' id='word_1_246' title='bbox 1278 2316 1424 2387; x_wconf 90' lang='lat' dir='ltr'>utilium</span> <span class='ocrx_word' id='word_1_247' title='bbox 1442 2314 1669 2406; x_wconf 89' lang='lat' dir='ltr'>scriptorum,</span> <span class='ocrx_word' id='word_1_248' title='bbox 1698 2308 1790 2384; x_wconf 89' lang='lat' dir='ltr'>hanc</span> <span class='ocrx_word' id='word_1_249' title='bbox 1805 2316 1852 2385; x_wconf 91' lang='lat' dir='ltr'>ob</span> <span class='ocrx_word' id='word_1_250' title='bbox 1870 2338 2021 2385; x_wconf 87' lang='lat' dir='ltr'>causam</span> <span class='ocrx_word' id='word_1_251' title='bbox 2038 2314 2192 2386; x_wconf 86' lang='lat' dir='ltr'>libentius</span> 
     </span>
     <span class='ocr_line' id='line_1_21' title="bbox 150 2413 2191 2511; baseline -0.003 -20"><span class='ocrx_word' id='word_1_252' title='bbox 150 2420 310 2511; x_wconf 84' lang='lat' dir='ltr'>gentium</span> <span class='ocrx_word' id='word_1_253' title='bbox 328 2413 549 2493; x_wconf 88' lang='lat' dir='ltr'>hominibus.</span> <span class='ocrx_word' id='word_1_254' title='bbox 598 2418 712 2489; x_wconf 90' lang='lat' dir='ltr'>Nemo</span> <span class='ocrx_word' id='word_1_255' title='bbox 730 2415 856 2504; x_wconf 89' lang='lat' dir='ltr'>ltalus,</span> <span class='ocrx_word' id='word_1_256' title='bbox 881 2414 1028 2503; x_wconf 91' lang='lat' dir='ltr'>Gallus,</span> <span class='ocrx_word' id='word_1_257' title='bbox 1053 2414 1149 2484; x_wconf 91' lang='lat' dir='ltr'>Pan·</span> <span class='ocrx_word' id='word_1_258' title='bbox 1202 2421 1368 2511; x_wconf 81' lang='lat' dir='ltr'>migrasse</span> <span class='ocrx_word' id='word_1_259' title='bbox 1390 2416 1644 2507; x_wconf 87' lang='lat' dir='ltr'>Noribergam,</span> <span class='ocrx_word' id='word_1_260' title='bbox 1673 2440 1719 2486; x_wconf 87' lang='lat' dir='ltr'>ne</span> <span class='ocrx_word' id='word_1_261' title='bbox 1739 2419 1865 2508; x_wconf 91' lang='lat' dir='ltr'>procul</span> <span class='ocrx_word' id='word_1_262' title='bbox 1888 2419 1935 2488; x_wconf 85' lang='lat' dir='ltr'>ab</span> <span class='ocrx_word' id='word_1_263' title='bbox 1961 2418 2191 2510; x_wconf 79' lang='lat' dir='ltr'>ipsnabcsset,</span> 
     </span>
     <span class='ocr_line' id='line_1_22' title="bbox 152 2518 2193 2618; baseline -0.001 -25"><span class='ocrx_word' id='word_1_264' title='bbox 152 2523 300 2604; x_wconf 87' lang='lat' dir='ltr'>nonius,</span> <span class='ocrx_word' id='word_1_265' title='bbox 325 2518 505 2605; x_wconf 87' lang='lat' dir='ltr'>Sarmata,</span> <span class='ocrx_word' id='word_1_266' title='bbox 538 2533 600 2589; x_wconf 92' lang='lat' dir='ltr'>aut</span> <span class='ocrx_word' id='word_1_267' title='bbox 621 2518 822 2591; x_wconf 88' lang='lat' dir='ltr'>Germanus</span> <span class='ocrx_word' id='word_1_268' title='bbox 844 2521 960 2590; x_wconf 90' lang='lat' dir='ltr'>simile</span> <span class='ocrx_word' id='word_1_269' title='bbox 983 2520 1149 2589; x_wconf 88' lang='lat' dir='ltr'>calenda·</span> <span class='ocrx_word' id='word_1_270' title='bbox 1201 2525 1298 2618; x_wconf 92' lang='lat' dir='ltr'>qnod</span> <span class='ocrx_word' id='word_1_271' title='bbox 1316 2522 1468 2591; x_wconf 82' lang='lat' dir='ltr'>maxime</span> <span class='ocrx_word' id='word_1_272' title='bbox 1490 2544 1528 2590; x_wconf 90' lang='lat' dir='ltr'>se</span> <span class='ocrx_word' id='word_1_273' title='bbox 1551 2521 1597 2590; x_wconf 90' lang='lat' dir='ltr'>ab</span> <span class='ocrx_word' id='word_1_274' title='bbox 1614 2544 1656 2589; x_wconf 92' lang='lat' dir='ltr'>eo</span> <span class='ocrx_word' id='word_1_275' title='bbox 1678 2520 1860 2602; x_wconf 89' lang='lat' dir='ltr'>adiuvari,</span> <span class='ocrx_word' id='word_1_276' title='bbox 1887 2533 1922 2592; x_wconf 88' lang='lat' dir='ltr'>et</span> <span class='ocrx_word' id='word_1_277' title='bbox 1936 2519 2193 2613; x_wconf 81' lang='lat' dir='ltr'>iudicioiprius</span> 
     </span>
     <span class='ocr_line' id='line_1_23' title="bbox 149 2616 2192 2718; baseline -0.001 -21"><span class='ocrx_word' id='word_1_278' title='bbox 149 2626 245 2697; x_wconf 90' lang='lat' dir='ltr'>rium</span> <span class='ocrx_word' id='word_1_279' title='bbox 261 2623 411 2696; x_wconf 91' lang='lat' dir='ltr'>viderat.</span> <span class='ocrx_word' id='word_1_280' title='bbox 464 2621 592 2692; x_wconf 88' lang='lat' dir='ltr'>Veneti</span> <span class='ocrx_word' id='word_1_281' title='bbox 609 2623 713 2694; x_wconf 91' lang='lat' dir='ltr'>etiam</span> <span class='ocrx_word' id='word_1_282' title='bbox 737 2624 775 2693; x_wconf 92' lang='lat' dir='ltr'>in</span> <span class='ocrx_word' id='word_1_283' title='bbox 792 2622 979 2695; x_wconf 87' lang='lat' dir='ltr'>Graeciam</span> <span class='ocrx_word' id='word_1_284' title='bbox 1001 2616 1149 2691; x_wconf 88' lang='lat' dir='ltr'>iuvehc·</span> <span class='ocrx_word' id='word_1_285' title='bbox 1200 2649 1420 2718; x_wconf 79' lang='lat' dir='ltr'>censumque</span> <span class='ocrx_word' id='word_1_286' title='bbox 1441 2624 1481 2692; x_wconf 91' lang='lat' dir='ltr'>in</span> <span class='ocrx_word' id='word_1_287' title='bbox 1498 2623 1620 2694; x_wconf 91' lang='lat' dir='ltr'>multis</span> <span class='ocrx_word' id='word_1_288' title='bbox 1642 2623 1797 2694; x_wconf 88' lang='lat' dir='ltr'>materiis</span> <span class='ocrx_word' id='word_1_289' title='bbox 1813 2623 1866 2695; x_wconf 92' lang='lat' dir='ltr'>uti</span> <span class='ocrx_word' id='word_1_290' title='bbox 1887 2622 2031 2717; x_wconf 86' lang='lat' dir='ltr'>cupiat.</span> <span class='ocrx_word' id='word_1_291' title='bbox 2083 2621 2192 2694; x_wconf 73' lang='lat' dir='ltr'>lando</span> 
     </span>
     <span class='ocr_line' id='line_1_24' title="bbox 151 2722 2189 2821; baseline -0 -24"><span class='ocrx_word' id='word_1_292' title='bbox 151 2731 251 2814; x_wconf 86' lang='lat' dir='ltr'>bant.</span> <span class='ocrx_word' id='word_1_293' title='bbox 291 2724 398 2796; x_wconf 87' lang='lat' dir='ltr'>Scitis</span> <span class='ocrx_word' id='word_1_294' title='bbox 414 2737 531 2796; x_wconf 89' lang='lat' dir='ltr'>antem</span> <span class='ocrx_word' id='word_1_295' title='bbox 549 2738 583 2795; x_wconf 91' lang='lat' dir='ltr'>et</span> <span class='ocrx_word' id='word_1_296' title='bbox 600 2726 690 2794; x_wconf 89' lang='lat' dir='ltr'>vella</span> <span class='ocrx_word' id='word_1_297' title='bbox 705 2722 834 2811; x_wconf 92' lang='lat' dir='ltr'>Deum,</span> <span class='ocrx_word' id='word_1_298' title='bbox 859 2726 1000 2798; x_wconf 89' lang='lat' dir='ltr'>utanni</span> <span class='ocrx_word' id='word_1_299' title='bbox 1016 2725 1149 2795; x_wconf 88' lang='lat' dir='ltr'>discer-</span> <span class='ocrx_word' id='word_1_300' title='bbox 1200 2729 1345 2800; x_wconf 87' lang='lat' dir='ltr'>artificis</span> <span class='ocrx_word' id='word_1_301' title='bbox 1370 2725 1662 2819; x_wconf 79' lang='lat' dir='ltr'>praestantissimi</span> <span class='ocrx_word' id='word_1_302' title='bbox 1682 2728 1904 2811; x_wconf 86' lang='lat' dir='ltr'>¹candorem,</span> <span class='ocrx_word' id='word_1_303' title='bbox 1938 2728 2046 2821; x_wconf 88' lang='lat' dir='ltr'>quod</span> <span class='ocrx_word' id='word_1_304' title='bbox 2071 2726 2189 2798; x_wconf 80' lang='lat' dir='ltr'>alicnus</span> 
     </span>
     <span class='ocr_line' id='line_1_25' title="bbox 137 2827 2227 2923; baseline 0 -23"><span class='ocrx_word' id='word_1_305' title='bbox 137 2843 303 2921; x_wconf 79' lang='lat' dir='ltr'>¹nentur,</span> <span class='ocrx_word' id='word_1_306' title='bbox 328 2842 363 2900; x_wconf 88' lang='lat' dir='ltr'>ct</span> <span class='ocrx_word' id='word_1_307' title='bbox 377 2828 516 2900; x_wconf 86' lang='lat' dir='ltr'>erudita</span> <span class='ocrx_word' id='word_1_308' title='bbox 533 2827 738 2898; x_wconf 90' lang='lat' dir='ltr'>discrimina</span> <span class='ocrx_word' id='word_1_309' title='bbox 752 2828 919 2898; x_wconf 88' lang='lat' dir='ltr'>omnibus</span> <span class='ocrx_word' id='word_1_310' title='bbox 933 2828 1028 2896; x_wconf 89' lang='lat' dir='ltr'>sanis</span> <span class='ocrx_word' id='word_1_311' title='bbox 1041 2827 1149 2895; x_wconf 88' lang='lat' dir='ltr'>valde</span> <span class='ocrx_word' id='word_1_312' title='bbox 1200 2832 1268 2902; x_wconf 88' lang='lat' dir='ltr'>suit</span> <span class='ocrx_word' id='word_1_313' title='bbox 1283 2832 1328 2901; x_wconf 95' lang='lat' dir='ltr'>ab</span> <span class='ocrx_word' id='word_1_314' title='bbox 1346 2828 1624 2914; x_wconf 89' lang='lat' dir='ltr'>obtrectatione,</span> <span class='ocrx_word' id='word_1_315' title='bbox 1650 2841 1683 2898; x_wconf 90' lang='lat' dir='ltr'>et</span> <span class='ocrx_word' id='word_1_316' title='bbox 1705 2829 1997 2900; x_wconf 86' lang='lat' dir='ltr'>amalevolcutia</span> <span class='ocrx_word' id='word_1_317' title='bbox 2022 2852 2108 2923; x_wconf 90' lang='lat' dir='ltr'>erga</span> <span class='ocrx_word' id='word_1_318' title='bbox 2127 2852 2184 2899; x_wconf 83' lang='lat' dir='ltr'>trac</span> <span class='ocrx_word' id='word_1_319' title='bbox 2224 2898 2227 2905; x_wconf 89' lang='grc'>,</span> 
     </span>
     <span class='ocr_line' id='line_1_26' title="bbox 150 2926 2184 3025; baseline 0.001 -22"><span class='ocrx_word' id='word_1_320' title='bbox 150 2947 249 3025; x_wconf 88' lang='lat' dir='ltr'>grata</span> <span class='ocrx_word' id='word_1_321' title='bbox 271 2953 355 3005; x_wconf 88' lang='lat' dir='ltr'>esse.</span> <span class='ocrx_word' id='word_1_322' title='bbox 408 2928 530 3019; x_wconf 80' lang='lat' dir='ltr'>Quare</span> <span class='ocrx_word' id='word_1_323' title='bbox 551 2931 689 3000; x_wconf 92' lang='lat' dir='ltr'>furores</span> <span class='ocrx_word' id='word_1_324' title='bbox 709 2926 905 3024; x_wconf 88' lang='lat' dir='ltr'>Cyclopum</span> <span class='ocrx_word' id='word_1_325' title='bbox 922 2930 1148 3014; x_wconf 90' lang='lat' dir='ltr'>detestemur,</span> <span class='ocrx_word' id='word_1_326' title='bbox 1200 2935 1287 3005; x_wconf 90' lang='lat' dir='ltr'>artis</span> <span class='ocrx_word' id='word_1_327' title='bbox 1309 2932 1538 3024; x_wconf 78' lang='lat' dir='ltr'>professores:</span> <span class='ocrx_word' id='word_1_328' title='bbox 1565 2945 1599 3001; x_wconf 88' lang='lat' dir='ltr'>ct</span> <span class='ocrx_word' id='word_1_329' title='bbox 1625 2930 1771 3023; x_wconf 89' lang='lat' dir='ltr'>quidem</span> <span class='ocrx_word' id='word_1_330' title='bbox 1794 2933 1954 3003; x_wconf 89' lang='lat' dir='ltr'>arbitror</span> <span class='ocrx_word' id='word_1_331' title='bbox 1976 2935 2081 3006; x_wconf 87' lang='lat' dir='ltr'>serio</span> <span class='ocrx_word' id='word_1_332' title='bbox 2105 2930 2184 3005; x_wconf 83' lang='lat' dir='ltr'>huiut</span> 
     </span>
     <span class='ocr_line' id='line_1_27' title="bbox 151 3029 2189 3130; baseline 0 -24"><span class='ocrx_word' id='word_1_333' title='bbox 151 3036 215 3130; x_wconf 92' lang='lat' dir='ltr'>qui</span> <span class='ocrx_word' id='word_1_334' title='bbox 240 3029 367 3106; x_wconf 88' lang='lat' dir='ltr'>harum</span> <span class='ocrx_word' id='word_1_335' title='bbox 395 3032 525 3104; x_wconf 91' lang='lat' dir='ltr'>artium</span> <span class='ocrx_word' id='word_1_336' title='bbox 554 3032 672 3103; x_wconf 91' lang='lat' dir='ltr'>studia</span> <span class='ocrx_word' id='word_1_337' title='bbox 697 3034 753 3103; x_wconf 89' lang='lat' dir='ltr'>vel</span> <span class='ocrx_word' id='word_1_338' title='bbox 775 3034 947 3117; x_wconf 89' lang='lat' dir='ltr'>oderunt,</span> <span class='ocrx_word' id='word_1_339' title='bbox 982 3034 1039 3101; x_wconf 93' lang='lat' dir='ltr'>vel</span> <span class='ocrx_word' id='word_1_340' title='bbox 1061 3055 1149 3101; x_wconf 90' lang='lat' dir='ltr'>cou—</span> <span class='ocrx_word' id='word_1_341' title='bbox 1202 3033 1434 3130; x_wconf 90' lang='lat' dir='ltr'>pulcherrimi</span> <span class='ocrx_word' id='word_1_342' title='bbox 1447 3034 1579 3104; x_wconf 90' lang='lat' dir='ltr'>laboris</span> <span class='ocrx_word' id='word_1_343' title='bbox 1593 3034 1724 3115; x_wconf 87' lang='lat' dir='ltr'>socios,</span> <span class='ocrx_word' id='word_1_344' title='bbox 1748 3046 1782 3103; x_wconf 91' lang='lat' dir='ltr'>ct</span> <span class='ocrx_word' id='word_1_345' title='bbox 1798 3059 1990 3107; x_wconf 86' lang='lat' dir='ltr'>censuram</span> <span class='ocrx_word' id='word_1_346' title='bbox 2015 3037 2189 3130; x_wconf 82' lang='lat' dir='ltr'>magniac-</span> 
     </span>
     <span class='ocr_line' id='line_1_28' title="bbox 150 3134 1934 3231; baseline -0.002 -20"><span class='ocrx_word' id='word_1_347' title='bbox 150 3151 327 3211; x_wconf 80' lang='lat' dir='ltr'>temnunt·</span> <span class='ocrx_word' id='word_1_348' title='bbox 377 3134 550 3228; x_wconf 87' lang='lat' dir='ltr'>Sumptus</span> <span class='ocrx_word' id='word_1_349' title='bbox 574 3151 691 3207; x_wconf 87' lang='lat' dir='ltr'>autem</span> <span class='ocrx_word' id='word_1_350' title='bbox 708 3138 754 3205; x_wconf 89' lang='lat' dir='ltr'>ad</span> <span class='ocrx_word' id='word_1_351' title='bbox 774 3136 1019 3206; x_wconf 88' lang='lat' dir='ltr'>instruendam</span> <span class='ocrx_word' id='word_1_352' title='bbox 1037 3134 1150 3204; x_wconf 85' lang='lat' dir='ltr'>oflici-</span> <span class='ocrx_word' id='word_1_353' title='bbox 1201 3140 1304 3211; x_wconf 87' lang='lat' dir='ltr'>titicis</span> <span class='ocrx_word' id='word_1_354' title='bbox 1323 3137 1548 3231; x_wconf 87' lang='lat' dir='ltr'>quaesivisse.</span> <span class='ocrx_word' id='word_1_355' title='bbox 1930 3202 1934 3207; x_wconf 80' lang='grc'>,</span> 
     </span>
    </p>

    <p class='ocr_par' dir='ltr' id='par_1_3' title="bbox 147 3232 2237 5600">
     <span class='ocr_line' id='line_1_29' title="bbox 151 3232 2192 3337; baseline 0.001 -25"><span class='ocrx_word' id='word_1_356' title='bbox 151 3266 234 3313; x_wconf 90' lang='lat' dir='ltr'>nam</span> <span class='ocrx_word' id='word_1_357' title='bbox 264 3234 551 3335; x_wconf 88' lang='lat' dir='ltr'>typographicam</span> <span class='ocrx_word' id='word_1_358' title='bbox 582 3240 769 3331; x_wconf 87' lang='lat' dir='ltr'>praecipue</span> <span class='ocrx_word' id='word_1_359' title='bbox 797 3239 947 3309; x_wconf 91' lang='lat' dir='ltr'>contulit</span> <span class='ocrx_word' id='word_1_360' title='bbox 968 3232 1149 3307; x_wconf 89' lang='lat' dir='ltr'>Bernhar-</span> <span class='ocrx_word' id='word_1_361' title='bbox 1305 3238 1417 3312; x_wconf 88' lang='lat' dir='ltr'>Grata</span> <span class='ocrx_word' id='word_1_362' title='bbox 1431 3242 1546 3310; x_wconf 88' lang='lat' dir='ltr'>fuerat</span> <span class='ocrx_word' id='word_1_363' title='bbox 1560 3238 1699 3313; x_wconf 87' lang='lat' dir='ltr'>Rornae</span> <span class='ocrx_word' id='word_1_364' title='bbox 1714 3239 1879 3331; x_wconf 88' lang='lat' dir='ltr'>inprimis</span> <span class='ocrx_word' id='word_1_365' title='bbox 1895 3240 2013 3314; x_wconf 90' lang='lat' dir='ltr'>editio</span> <span class='ocrx_word' id='word_1_366' title='bbox 2028 3238 2192 3337; x_wconf 71' lang='lat' dir='ltr'>Epheso·</span> 
     </span>
     <span class='ocr_line' id='line_1_30' title="bbox 150 3336 2194 3436; baseline 0 -20"><span class='ocrx_word' id='word_1_367' title='bbox 150 3349 217 3416; x_wconf 93' lang='lat' dir='ltr'>dus</span> <span class='ocrx_word' id='word_1_368' title='bbox 233 3343 437 3432; x_wconf 88' lang='lat' dir='ltr'>Walterns,</span> <span class='ocrx_word' id='word_1_369' title='bbox 464 3367 484 3410; x_wconf 93' lang='lat' dir='ltr'>e</span> <span class='ocrx_word' id='word_1_370' title='bbox 499 3342 600 3412; x_wconf 83' lang='lat' dir='ltr'>cuius</span> <span class='ocrx_word' id='word_1_371' title='bbox 613 3343 748 3413; x_wconf 87' lang='lat' dir='ltr'>familia</span> <span class='ocrx_word' id='word_1_372' title='bbox 765 3341 928 3412; x_wconf 88' lang='lat' dir='ltr'>Walteri</span> <span class='ocrx_word' id='word_1_373' title='bbox 943 3355 1025 3411; x_wconf 90' lang='lat' dir='ltr'>sunt</span> <span class='ocrx_word' id='word_1_374' title='bbox 1041 3341 1078 3408; x_wconf 92' lang='lat' dir='ltr'>in</span> <span class='ocrx_word' id='word_1_375' title='bbox 1094 3336 1150 3408; x_wconf 90' lang='lat' dir='ltr'>his</span> <span class='ocrx_word' id='word_1_376' title='bbox 1202 3344 1337 3415; x_wconf 90' lang='lat' dir='ltr'>ridum:</span> <span class='ocrx_word' id='word_1_377' title='bbox 1366 3356 1400 3414; x_wconf 91' lang='lat' dir='ltr'>et</span> <span class='ocrx_word' id='word_1_378' title='bbox 1422 3343 1490 3413; x_wconf 91' lang='lat' dir='ltr'>viri</span> <span class='ocrx_word' id='word_1_379' title='bbox 1506 3343 1617 3427; x_wconf 90' lang='lat' dir='ltr'>docti,</span> <span class='ocrx_word' id='word_1_380' title='bbox 1642 3343 1706 3436; x_wconf 84' lang='lat' dir='ltr'>qui</span> <span class='ocrx_word' id='word_1_381' title='bbox 1728 3343 1805 3414; x_wconf 88' lang='lat' dir='ltr'>cius</span> <span class='ocrx_word' id='word_1_382' title='bbox 1826 3337 2021 3433; x_wconf 84' lang='lat' dir='ltr'>ingenium</span> <span class='ocrx_word' id='word_1_383' title='bbox 2035 3359 2077 3420; x_wconf 89' lang='lat' dir='ltr'>ct</span> <span class='ocrx_word' id='word_1_384' title='bbox 2090 3342 2194 3416; x_wconf 79' lang='lat' dir='ltr'>erudi·</span> 
     </span>
     <span class='ocr_line' id='line_1_31' title="bbox 151 3438 2195 3543; baseline 0 -25"><span class='ocrx_word' id='word_1_385' title='bbox 151 3445 359 3540; x_wconf 88' lang='lat' dir='ltr'>regionibus</span> <span class='ocrx_word' id='word_1_386' title='bbox 382 3468 457 3514; x_wconf 94' lang='lat' dir='ltr'>non</span> <span class='ocrx_word' id='word_1_387' title='bbox 482 3444 611 3535; x_wconf 87' lang='lat' dir='ltr'>ignoti,</span> <span class='ocrx_word' id='word_1_388' title='bbox 639 3445 701 3537; x_wconf 89' lang='lat' dir='ltr'>qui</span> <span class='ocrx_word' id='word_1_389' title='bbox 729 3457 764 3514; x_wconf 90' lang='lat' dir='ltr'>et</span> <span class='ocrx_word' id='word_1_390' title='bbox 792 3444 975 3514; x_wconf 86' lang='lat' dir='ltr'>facultates</span> <span class='ocrx_word' id='word_1_391' title='bbox 998 3438 1150 3513; x_wconf 91' lang='lat' dir='ltr'>habebat</span> <span class='ocrx_word' id='word_1_392' title='bbox 1201 3449 1336 3518; x_wconf 90' lang='lat' dir='ltr'>tionem</span> <span class='ocrx_word' id='word_1_393' title='bbox 1354 3459 1502 3527; x_wconf 89' lang='lat' dir='ltr'>norant,</span> <span class='ocrx_word' id='word_1_394' title='bbox 1532 3445 1572 3514; x_wconf 91' lang='lat' dir='ltr'>in</span> <span class='ocrx_word' id='word_1_395' title='bbox 1591 3443 1729 3516; x_wconf 91' lang='lat' dir='ltr'>ltaliam</span> <span class='ocrx_word' id='word_1_396' title='bbox 1751 3470 1831 3518; x_wconf 90' lang='lat' dir='ltr'>cum</span> <span class='ocrx_word' id='word_1_397' title='bbox 1847 3440 1987 3517; x_wconf 86' lang='lat' dir='ltr'>retrahi</span> <span class='ocrx_word' id='word_1_398' title='bbox 2003 3448 2195 3543; x_wconf 76' lang='lat' dir='ltr'>cupiebant,</span> 
     </span>
     <span class='ocr_line' id='line_1_32' title="bbox 151 3546 2195 3643; baseline 0.001 -22"><span class='ocrx_word' id='word_1_399' title='bbox 151 3549 405 3643; x_wconf 89' lang='lat' dir='ltr'>amplissimas,</span> <span class='ocrx_word' id='word_1_400' title='bbox 430 3561 465 3616; x_wconf 89' lang='lat' dir='ltr'>et</span> <span class='ocrx_word' id='word_1_401' title='bbox 485 3548 622 3617; x_wconf 89' lang='lat' dir='ltr'>colebat</span> <span class='ocrx_word' id='word_1_402' title='bbox 640 3547 822 3620; x_wconf 86' lang='lat' dir='ltr'>doctrinae</span> <span class='ocrx_word' id='word_1_403' title='bbox 841 3547 1001 3618; x_wconf 86' lang='lat' dir='ltr'>coelestis</span> <span class='ocrx_word' id='word_1_404' title='bbox 1021 3546 1149 3621; x_wconf 88' lang='lat' dir='ltr'>studia.</span> <span class='ocrx_word' id='word_1_405' title='bbox 1201 3564 1243 3621; x_wconf 92' lang='lat' dir='ltr'>ut</span> <span class='ocrx_word' id='word_1_406' title='bbox 1256 3549 1328 3620; x_wconf 90' lang='lat' dir='ltr'>frui</span> <span class='ocrx_word' id='word_1_407' title='bbox 1342 3550 1418 3620; x_wconf 90' lang='lat' dir='ltr'>eius</span> <span class='ocrx_word' id='word_1_408' title='bbox 1436 3548 1598 3619; x_wconf 89' lang='lat' dir='ltr'>doctrina</span> <span class='ocrx_word' id='word_1_409' title='bbox 1615 3562 1768 3641; x_wconf 87' lang='lat' dir='ltr'>possent.</span> <span class='ocrx_word' id='word_1_410' title='bbox 1820 3546 1869 3619; x_wconf 90' lang='lat' dir='ltr'>Hi</span> <span class='ocrx_word' id='word_1_411' title='bbox 1885 3563 1973 3621; x_wconf 87' lang='lat' dir='ltr'>sunt</span> <span class='ocrx_word' id='word_1_412' title='bbox 1991 3546 2195 3630; x_wconf 74' lang='lat' dir='ltr'>homenes.</span> 
     </span>
     <span class='ocr_line' id='line_1_33' title="bbox 152 3648 2195 3740; baseline 0 -16"><span class='ocrx_word' id='word_1_413' title='bbox 152 3651 325 3724; x_wconf 89' lang='lat' dir='ltr'>Invitavit</span> <span class='ocrx_word' id='word_1_414' title='bbox 349 3664 467 3721; x_wconf 90' lang='lat' dir='ltr'>autem</span> <span class='ocrx_word' id='word_1_415' title='bbox 488 3663 524 3720; x_wconf 90' lang='lat' dir='ltr'>et</span> <span class='ocrx_word' id='word_1_416' title='bbox 541 3650 694 3720; x_wconf 90' lang='lat' dir='ltr'>aliorum</span> <span class='ocrx_word' id='word_1_417' title='bbox 716 3648 912 3720; x_wconf 92' lang='lat' dir='ltr'>multorum</span> <span class='ocrx_word' id='word_1_418' title='bbox 934 3650 1067 3720; x_wconf 90' lang='lat' dir='ltr'>civium</span> <span class='ocrx_word' id='word_1_419' title='bbox 1086 3674 1149 3719; x_wconf 90' lang='lat' dir='ltr'>vo·</span> <span class='ocrx_word' id='word_1_420' title='bbox 1202 3665 1241 3724; x_wconf 91' lang='lat' dir='ltr'>ut</span> <span class='ocrx_word' id='word_1_421' title='bbox 1256 3650 1423 3724; x_wconf 82' lang='lat' dir='ltr'>Pontifex</span> <span class='ocrx_word' id='word_1_422' title='bbox 1440 3650 1562 3722; x_wconf 87' lang='lat' dir='ltr'>Sixtus</span> <span class='ocrx_word' id='word_1_423' title='bbox 1582 3675 1664 3721; x_wconf 89' lang='lat' dir='ltr'>cum</span> <span class='ocrx_word' id='word_1_424' title='bbox 1680 3649 1834 3723; x_wconf 86' lang='lat' dir='ltr'>Romam</span> <span class='ocrx_word' id='word_1_425' title='bbox 1852 3667 2031 3740; x_wconf 79' lang='lat' dir='ltr'>accersat,</span> <span class='ocrx_word' id='word_1_426' title='bbox 2054 3669 2094 3728; x_wconf 91' lang='lat' dir='ltr'>et</span> <span class='ocrx_word' id='word_1_427' title='bbox 2108 3674 2195 3727; x_wconf 84' lang='lat' dir='ltr'>carata</span> 
     </span>
     <span class='ocr_line' id='line_1_34' title="bbox 151 3748 2195 3847; baseline 0.001 -22"><span class='ocrx_word' id='word_1_428' title='bbox 151 3758 317 3834; x_wconf 88' lang='lat' dir='ltr'>luntates‚</span> <span class='ocrx_word' id='word_1_429' title='bbox 334 3767 373 3822; x_wconf 90' lang='lat' dir='ltr'>ut</span> <span class='ocrx_word' id='word_1_430' title='bbox 390 3748 454 3821; x_wconf 92' lang='lat' dir='ltr'>has</span> <span class='ocrx_word' id='word_1_431' title='bbox 469 3751 676 3845; x_wconf 87' lang='lat' dir='ltr'>disciplinas</span> <span class='ocrx_word' id='word_1_432' title='bbox 689 3752 876 3841; x_wconf 87' lang='lat' dir='ltr'>degustare</span> <span class='ocrx_word' id='word_1_433' title='bbox 890 3765 925 3823; x_wconf 88' lang='lat' dir='ltr'>ct</span> <span class='ocrx_word' id='word_1_434' title='bbox 940 3774 1151 3841; x_wconf 87' lang='lat' dir='ltr'>cognoscere</span> <span class='ocrx_word' id='word_1_435' title='bbox 1201 3770 1422 3835; x_wconf 89' lang='lat' dir='ltr'>recensetur,</span> <span class='ocrx_word' id='word_1_436' title='bbox 1451 3757 1549 3847; x_wconf 87' lang='lat' dir='ltr'>quud</span> <span class='ocrx_word' id='word_1_437' title='bbox 1570 3756 1615 3824; x_wconf 87' lang='lat' dir='ltr'>dc</span> <span class='ocrx_word' id='word_1_438' title='bbox 1636 3754 1887 3825; x_wconf 84' lang='lat' dir='ltr'>emendatione</span> <span class='ocrx_word' id='word_1_439' title='bbox 1901 3752 2121 3829; x_wconf 76' lang='lat' dir='ltr'>calendarii</span> <span class='ocrx_word' id='word_1_440' title='bbox 2144 3758 2195 3827; x_wconf 80' lang='lat' dir='ltr'>de·</span> 
     </span>
     <span class='ocr_line' id='line_1_35' title="bbox 152 3849 2195 3953; baseline 0 -25"><span class='ocrx_word' id='word_1_441' title='bbox 152 3857 364 3950; x_wconf 86' lang='lat' dir='ltr'>inciperent.</span> <span class='ocrx_word' id='word_1_442' title='bbox 414 3851 512 3926; x_wconf 90' lang='lat' dir='ltr'>Haec</span> <span class='ocrx_word' id='word_1_443' title='bbox 534 3853 722 3924; x_wconf 89' lang='lat' dir='ltr'>seminaria</span> <span class='ocrx_word' id='word_1_444' title='bbox 745 3849 852 3925; x_wconf 90' lang='lat' dir='ltr'>huius</span> <span class='ocrx_word' id='word_1_445' title='bbox 871 3854 1055 3926; x_wconf 89' lang='lat' dir='ltr'>doctrinae</span> <span class='ocrx_word' id='word_1_446' title='bbox 1077 3853 1150 3945; x_wconf 91' lang='lat' dir='ltr'>pri·</span> <span class='ocrx_word' id='word_1_447' title='bbox 1201 3858 1429 3929; x_wconf 86' lang='lat' dir='ltr'>liberationes</span> <span class='ocrx_word' id='word_1_448' title='bbox 1444 3858 1584 3928; x_wconf 86' lang='lat' dir='ltr'>futurae</span> <span class='ocrx_word' id='word_1_449' title='bbox 1601 3869 1726 3928; x_wconf 91' lang='lat' dir='ltr'>essent.</span> <span class='ocrx_word' id='word_1_450' title='bbox 1780 3853 1858 3927; x_wconf 80' lang='lat' dir='ltr'>Etsi</span> <span class='ocrx_word' id='word_1_451' title='bbox 1874 3866 1998 3929; x_wconf 82' lang='lat' dir='ltr'>autern</span> <span class='ocrx_word' id='word_1_452' title='bbox 2021 3880 2195 3953; x_wconf 83' lang='lat' dir='ltr'>aegrepa·</span> 
     </span>
     <span class='ocr_line' id='line_1_36' title="bbox 151 3955 2195 4051; baseline 0 -21"><span class='ocrx_word' id='word_1_453' title='bbox 151 3985 250 4030; x_wconf 91' lang='lat' dir='ltr'>mum</span> <span class='ocrx_word' id='word_1_454' title='bbox 273 3956 492 4049; x_wconf 88' lang='lat' dir='ltr'>Noribergae</span> <span class='ocrx_word' id='word_1_455' title='bbox 518 3979 638 4051; x_wconf 89' lang='lat' dir='ltr'>sparsa</span> <span class='ocrx_word' id='word_1_456' title='bbox 664 3969 760 4029; x_wconf 90' lang='lat' dir='ltr'>sunt.</span> <span class='ocrx_word' id='word_1_457' title='bbox 820 3955 942 4048; x_wconf 85' lang='lat' dir='ltr'>Quare</span> <span class='ocrx_word' id='word_1_458' title='bbox 968 3958 1150 4051; x_wconf 88' lang='lat' dir='ltr'>usquead</span> <span class='ocrx_word' id='word_1_459' title='bbox 1201 3961 1357 4038; x_wconf 86' lang='lat' dir='ltr'>tiebatur</span> <span class='ocrx_word' id='word_1_460' title='bbox 1377 3960 1482 4030; x_wconf 88' lang='lat' dir='ltr'>avelli</span> <span class='ocrx_word' id='word_1_461' title='bbox 1506 3984 1543 4029; x_wconf 89' lang='lat' dir='ltr'>se</span> <span class='ocrx_word' id='word_1_462' title='bbox 1563 3956 1874 4050; x_wconf 85' lang='lat' dir='ltr'>Regiomontanus</span> <span class='ocrx_word' id='word_1_463' title='bbox 1894 3961 1940 4031; x_wconf 91' lang='lat' dir='ltr'>ab</span> <span class='ocrx_word' id='word_1_464' title='bbox 1965 3960 2119 4035; x_wconf 78' lang='lat' dir='ltr'>officina</span> <span class='ocrx_word' id='word_1_465' title='bbox 2137 3975 2195 4033; x_wconf 83' lang='lat' dir='ltr'>eta</span> 
     </span>
     <span class='ocr_line' id='line_1_37' title="bbox 152 4056 2237 4155; baseline 0.003 -22"><span class='ocrx_word' id='word_1_466' title='bbox 152 4058 239 4133; x_wconf 91' lang='lat' dir='ltr'>hacc</span> <span class='ocrx_word' id='word_1_467' title='bbox 255 4076 415 4154; x_wconf 89' lang='lat' dir='ltr'>tempora</span> <span class='ocrx_word' id='word_1_468' title='bbox 432 4060 471 4130; x_wconf 93' lang='lat' dir='ltr'>in</span> <span class='ocrx_word' id='word_1_469' title='bbox 486 4084 526 4132; x_wconf 89' lang='lat' dir='ltr'>ea</span> <span class='ocrx_word' id='word_1_470' title='bbox 541 4061 631 4132; x_wconf 91' lang='lat' dir='ltr'>urbe</span> <span class='ocrx_word' id='word_1_471' title='bbox 648 4062 759 4152; x_wconf 89' lang='lat' dir='ltr'>magis</span> <span class='ocrx_word' id='word_1_472' title='bbox 782 4056 909 4132; x_wconf 89' lang='lat' dir='ltr'>harum</span> <span class='ocrx_word' id='word_1_473' title='bbox 927 4059 1058 4132; x_wconf 90' lang='lat' dir='ltr'>artium</span> <span class='ocrx_word' id='word_1_474' title='bbox 1075 4074 1150 4132; x_wconf 89' lang='lat' dir='ltr'>stu·</span> <span class='ocrx_word' id='word_1_475' title='bbox 1201 4062 1398 4136; x_wconf 88' lang='lat' dir='ltr'>Ptolemaei</span> <span class='ocrx_word' id='word_1_476' title='bbox 1415 4061 1591 4148; x_wconf 88' lang='lat' dir='ltr'>editione,</span> <span class='ocrx_word' id='word_1_477' title='bbox 1617 4076 1652 4132; x_wconf 88' lang='lat' dir='ltr'>ct</span> <span class='ocrx_word' id='word_1_478' title='bbox 1668 4063 1890 4155; x_wconf 87' lang='lat' dir='ltr'>praesagiens</span> <span class='ocrx_word' id='word_1_479' title='bbox 1910 4082 2017 4137; x_wconf 85' lang='lat' dir='ltr'>suam</span> <span class='ocrx_word' id='word_1_480' title='bbox 2037 4079 2196 4143; x_wconf 68' lang='lat' dir='ltr'>mom</span> <span class='ocrx_word' id='word_1_481' title='bbox 2235 4134 2237 4139; x_wconf 89' lang='lat'>.</span> 
     </span>
     <span class='ocr_line' id='line_1_38' title="bbox 152 4157 2237 4263; baseline 0.003 -28"><span class='ocrx_word' id='word_1_482' title='bbox 152 4164 212 4235; x_wconf 88' lang='lat' dir='ltr'>dia</span> <span class='ocrx_word' id='word_1_483' title='bbox 227 4163 377 4248; x_wconf 83' lang='lat' dir='ltr'>florent,</span> <span class='ocrx_word' id='word_1_484' title='bbox 400 4186 509 4256; x_wconf 90' lang='lat' dir='ltr'>quam</span> <span class='ocrx_word' id='word_1_485' title='bbox 526 4165 566 4234; x_wconf 94' lang='lat' dir='ltr'>in</span> <span class='ocrx_word' id='word_1_486' title='bbox 582 4163 761 4263; x_wconf 74' lang='lat' dir='ltr'>plerisque</span> <span class='ocrx_word' id='word_1_487' title='bbox 775 4157 991 4237; x_wconf 86' lang='lat' dir='ltr'>Academiis.</span> <span class='ocrx_word' id='word_1_488' title='bbox 1030 4158 1079 4237; x_wconf 84' lang='lat' dir='ltr'>Et</span> <span class='ocrx_word' id='word_1_489' title='bbox 1095 4187 1151 4232; x_wconf 89' lang='lat' dir='ltr'>sa—</span> <span class='ocrx_word' id='word_1_490' title='bbox 1201 4180 1244 4238; x_wconf 91' lang='lat' dir='ltr'>ut</span> <span class='ocrx_word' id='word_1_491' title='bbox 1256 4178 1423 4259; x_wconf 85' lang='lat' dir='ltr'>narrant,</span> <span class='ocrx_word' id='word_1_492' title='bbox 1449 4166 1663 4259; x_wconf 84' lang='lat' dir='ltr'>querebatur</span> <span class='ocrx_word' id='word_1_493' title='bbox 1677 4188 1714 4236; x_wconf 90' lang='lat' dir='ltr'>se</span> <span class='ocrx_word' id='word_1_494' title='bbox 1728 4164 1902 4257; x_wconf 87' lang='lat' dir='ltr'>gravatim</span> <span class='ocrx_word' id='word_1_495' title='bbox 1916 4160 1989 4239; x_wconf 89' lang='lat' dir='ltr'>hoc</span> <span class='ocrx_word' id='word_1_496' title='bbox 2004 4164 2197 4244; x_wconf 65' lang='lat' dir='ltr'>iteranti·</span> <span class='ocrx_word' id='word_1_497' title='bbox 2235 4166 2237 4171; x_wconf 72' lang='grc'><strong>’</strong></span> 
     </span>
     <span class='ocr_line' id='line_1_39' title="bbox 154 4265 2195 4362; baseline 0.004 -26"><span class='ocrx_word' id='word_1_498' title='bbox 154 4266 367 4360; x_wconf 86' lang='lat' dir='ltr'>pientissimi</span> <span class='ocrx_word' id='word_1_499' title='bbox 380 4279 522 4338; x_wconf 86' lang='lat' dir='ltr'>senatus</span> <span class='ocrx_word' id='word_1_500' title='bbox 536 4267 687 4337; x_wconf 89' lang='lat' dir='ltr'>consilio</span> <span class='ocrx_word' id='word_1_501' title='bbox 704 4265 923 4359; x_wconf 87' lang='lat' dir='ltr'>stipendium</span> <span class='ocrx_word' id='word_1_502' title='bbox 939 4279 1075 4337; x_wconf 90' lang='lat' dir='ltr'>certum</span> <span class='ocrx_word' id='word_1_503' title='bbox 1090 4291 1150 4336; x_wconf 94' lang='lat' dir='ltr'>ar·</span> <span class='ocrx_word' id='word_1_504' title='bbox 1202 4294 1301 4362; x_wconf 87' lang='lat' dir='ltr'>perc:</span> <span class='ocrx_word' id='word_1_505' title='bbox 1337 4267 1422 4341; x_wconf 91' lang='lat' dir='ltr'>vicit</span> <span class='ocrx_word' id='word_1_506' title='bbox 1444 4283 1563 4342; x_wconf 82' lang='lat' dir='ltr'>tamen</span> <span class='ocrx_word' id='word_1_507' title='bbox 1583 4266 1765 4340; x_wconf 88' lang='lat' dir='ltr'>Pontificis</span> <span class='ocrx_word' id='word_1_508' title='bbox 1788 4269 1972 4345; x_wconf 85' lang='lat' dir='ltr'>autoritas.</span> <span class='ocrx_word' id='word_1_509' title='bbox 2022 4266 2079 4346; x_wconf 72' lang='lat' dir='ltr'>Et</span> <span class='ocrx_word' id='word_1_510' title='bbox 2101 4290 2195 4343; x_wconf 75' lang='lat' dir='ltr'>canat</span> 
     </span>
     <span class='ocr_line' id='line_1_40' title="bbox 153 4368 2196 4466; baseline 0.002 -25"><span class='ocrx_word' id='word_1_511' title='bbox 153 4370 314 4450; x_wconf 75' lang='lat' dir='ltr'>tium„ut</span> <span class='ocrx_word' id='word_1_512' title='bbox 328 4369 373 4438; x_wconf 92' lang='lat' dir='ltr'>ad</span> <span class='ocrx_word' id='word_1_513' title='bbox 387 4392 509 4440; x_wconf 89' lang='lat' dir='ltr'>earum</span> <span class='ocrx_word' id='word_1_514' title='bbox 525 4369 766 4462; x_wconf 91' lang='lat' dir='ltr'>cognitionem</span> <span class='ocrx_word' id='word_1_515' title='bbox 783 4368 949 4441; x_wconf 90' lang='lat' dir='ltr'>iuventus</span> <span class='ocrx_word' id='word_1_516' title='bbox 964 4370 1150 4442; x_wconf 85' lang='lat' dir='ltr'>adsuefiat:</span> <span class='ocrx_word' id='word_1_517' title='bbox 1202 4371 1383 4466; x_wconf 90' lang='lat' dir='ltr'>proposita</span> <span class='ocrx_word' id='word_1_518' title='bbox 1414 4385 1508 4456; x_wconf 88' lang='lat' dir='ltr'>erat,</span> <span class='ocrx_word' id='word_1_519' title='bbox 1549 4395 1639 4465; x_wconf 89' lang='lat' dir='ltr'>quae</span> <span class='ocrx_word' id='word_1_520' title='bbox 1671 4371 1787 4443; x_wconf 89' lang='lat' dir='ltr'>virum</span> <span class='ocrx_word' id='word_1_521' title='bbox 1818 4371 2026 4464; x_wconf 83' lang='lat' dir='ltr'>cupientem</span> <span class='ocrx_word' id='word_1_522' title='bbox 2056 4370 2196 4447; x_wconf 77' lang='lat' dir='ltr'>utilitati</span> 
     </span>
     <span class='ocr_line' id='line_1_41' title="bbox 154 4469 2237 4572; baseline 0.003 -30"><span class='ocrx_word' id='word_1_523' title='bbox 154 4496 194 4543; x_wconf 85' lang='lat' dir='ltr'>ac</span> <span class='ocrx_word' id='word_1_524' title='bbox 210 4495 333 4543; x_wconf 88' lang='lat' dir='ltr'>recens</span> <span class='ocrx_word' id='word_1_525' title='bbox 355 4469 408 4542; x_wconf 87' lang='lat' dir='ltr'>ibi</span> <span class='ocrx_word' id='word_1_526' title='bbox 430 4471 625 4543; x_wconf 89' lang='lat' dir='ltr'>multorum</span> <span class='ocrx_word' id='word_1_527' title='bbox 641 4471 758 4544; x_wconf 89' lang='lat' dir='ltr'>studia</span> <span class='ocrx_word' id='word_1_528' title='bbox 773 4473 937 4544; x_wconf 82' lang='lat' dir='ltr'>excitavit</span> <span class='ocrx_word' id='word_1_529' title='bbox 954 4471 1008 4542; x_wconf 89' lang='lat' dir='ltr'>vir</span> <span class='ocrx_word' id='word_1_530' title='bbox 1024 4474 1151 4545; x_wconf 90' lang='lat' dir='ltr'>doctus</span> <span class='ocrx_word' id='word_1_531' title='bbox 1202 4476 1385 4547; x_wconf 90' lang='lat' dir='ltr'>communi</span> <span class='ocrx_word' id='word_1_532' title='bbox 1405 4475 1537 4546; x_wconf 89' lang='lat' dir='ltr'>servire</span> <span class='ocrx_word' id='word_1_533' title='bbox 1556 4473 1735 4548; x_wconf 87' lang='lat' dir='ltr'>movebat.</span> <span class='ocrx_word' id='word_1_534' title='bbox 1786 4472 1893 4546; x_wconf 88' lang='lat' dir='ltr'>Scitis</span> <span class='ocrx_word' id='word_1_535' title='bbox 1908 4474 2007 4546; x_wconf 87' lang='lat' dir='ltr'>enim</span> <span class='ocrx_word' id='word_1_536' title='bbox 2023 4491 2194 4572; x_wconf 75' lang='lat' dir='ltr'>quantun</span> <span class='ocrx_word' id='word_1_537' title='bbox 2235 4540 2237 4551; x_wconf 92' lang='lat'>.</span> 
     </span>
     <span class='ocr_line' id='line_1_42' title="bbox 155 4567 2194 4672; baseline 0.003 -28"><span class='ocrx_word' id='word_1_538' title='bbox 155 4587 189 4645; x_wconf 90' lang='lat' dir='ltr'>et</span> <span class='ocrx_word' id='word_1_539' title='bbox 213 4570 486 4645; x_wconf 90' lang='lat' dir='ltr'>honestissimus</span> <span class='ocrx_word' id='word_1_540' title='bbox 504 4572 655 4645; x_wconf 88' lang='lat' dir='ltr'>loannes</span> <span class='ocrx_word' id='word_1_541' title='bbox 671 4567 890 4645; x_wconf 86' lang='lat' dir='ltr'>Schonerus.</span> <span class='ocrx_word' id='word_1_542' title='bbox 942 4573 1069 4646; x_wconf 89' lang='lat' dir='ltr'>Videte</span> <span class='ocrx_word' id='word_1_543' title='bbox 1086 4602 1150 4647; x_wconf 89' lang='lat' dir='ltr'>au·</span> <span class='ocrx_word' id='word_1_544' title='bbox 1202 4579 1333 4672; x_wconf 87' lang='lat' dir='ltr'>prosit,</span> <span class='ocrx_word' id='word_1_545' title='bbox 1360 4573 1490 4649; x_wconf 89' lang='lat' dir='ltr'>habere</span> <span class='ocrx_word' id='word_1_546' title='bbox 1515 4575 1689 4647; x_wconf 90' lang='lat' dir='ltr'>rationem</span> <span class='ocrx_word' id='word_1_547' title='bbox 1714 4576 1802 4648; x_wconf 88' lang='lat' dir='ltr'>anni</span> <span class='ocrx_word' id='word_1_548' title='bbox 1823 4590 1917 4648; x_wconf 87' lang='lat' dir='ltr'>recte</span> <span class='ocrx_word' id='word_1_549' title='bbox 1937 4576 2148 4652; x_wconf 88' lang='lat' dir='ltr'>ordinatam</span> <span class='ocrx_word' id='word_1_550' title='bbox 2164 4588 2194 4649; x_wconf 82' lang='lat' dir='ltr'>st</span> 
     </span>
     <span class='ocr_line' id='line_1_43' title="bbox 154 4672 2194 4777; baseline 0.002 -29"><span class='ocrx_word' id='word_1_551' title='bbox 154 4692 227 4748; x_wconf 85' lang='lat' dir='ltr'>tem</span> <span class='ocrx_word' id='word_1_552' title='bbox 262 4691 432 4770; x_wconf 90' lang='lat' dir='ltr'>quantam</span> <span class='ocrx_word' id='word_1_553' title='bbox 467 4701 543 4746; x_wconf 91' lang='lat' dir='ltr'>rem</span> <span class='ocrx_word' id='word_1_554' title='bbox 580 4677 726 4747; x_wconf 87' lang='lat' dir='ltr'>molitus</span> <span class='ocrx_word' id='word_1_555' title='bbox 758 4676 804 4747; x_wconf 90' lang='lat' dir='ltr'>sit</span> <span class='ocrx_word' id='word_1_556' title='bbox 831 4672 1151 4768; x_wconf 87' lang='lat' dir='ltr'>Regiomontanus.</span> <span class='ocrx_word' id='word_1_557' title='bbox 1202 4682 1436 4753; x_wconf 90' lang='lat' dir='ltr'>emendatam.</span> <span class='ocrx_word' id='word_1_558' title='bbox 1485 4677 1582 4750; x_wconf 88' lang='lat' dir='ltr'>Huic</span> <span class='ocrx_word' id='word_1_559' title='bbox 1614 4679 1757 4769; x_wconf 90' lang='lat' dir='ltr'>negotio</span> <span class='ocrx_word' id='word_1_560' title='bbox 1786 4691 1906 4761; x_wconf 89' lang='lat' dir='ltr'>tanto,</span> <span class='ocrx_word' id='word_1_561' title='bbox 1939 4693 2093 4777; x_wconf 76' lang='lat' dir='ltr'>tamque</span> <span class='ocrx_word' id='word_1_562' title='bbox 2121 4677 2194 4755; x_wconf 83' lang='lat' dir='ltr'>utili</span> 
     </span>
     <span class='ocr_line' id='line_1_44' title="bbox 155 4776 2237 4872; baseline 0.005 -24"><span class='ocrx_word' id='word_1_563' title='bbox 155 4776 274 4848; x_wconf 86' lang='lat' dir='ltr'>Novas</span> <span class='ocrx_word' id='word_1_564' title='bbox 298 4781 478 4850; x_wconf 86' lang='lat' dir='ltr'>versiones</span> <span class='ocrx_word' id='word_1_565' title='bbox 501 4779 656 4851; x_wconf 88' lang='lat' dir='ltr'>instituit</span> <span class='ocrx_word' id='word_1_566' title='bbox 669 4776 863 4848; x_wconf 89' lang='lat' dir='ltr'>Ptolemaei</span> <span class='ocrx_word' id='word_1_567' title='bbox 889 4777 1041 4872; x_wconf 87' lang='lat' dir='ltr'>Magnae</span> <span class='ocrx_word' id='word_1_568' title='bbox 1064 4806 1150 4853; x_wconf 92' lang='lat' dir='ltr'>con-</span> <span class='ocrx_word' id='word_1_569' title='bbox 1201 4787 1322 4854; x_wconf 88' lang='lat' dir='ltr'>deesse</span> <span class='ocrx_word' id='word_1_570' title='bbox 1338 4782 1467 4853; x_wconf 87' lang='lat' dir='ltr'>noluit.</span> <span class='ocrx_word' id='word_1_571' title='bbox 1519 4779 1701 4854; x_wconf 85' lang='lat' dir='ltr'>Credibile</span> <span class='ocrx_word' id='word_1_572' title='bbox 1717 4782 1912 4869; x_wconf 87' lang='lat' dir='ltr'>estetiam,</span> <span class='ocrx_word' id='word_1_573' title='bbox 1938 4806 1984 4854; x_wconf 85' lang='lat' dir='ltr'>ec</span> <span class='ocrx_word' id='word_1_574' title='bbox 2001 4782 2195 4860; x_wconf 84' lang='lat' dir='ltr'>minnsab·</span> <span class='ocrx_word' id='word_1_575' title='bbox 2234 4832 2237 4863; x_wconf 60' lang='grc' dir='ltr'><strong>ι</strong></span> 
     </span>
     <span class='ocr_line' id='line_1_45' title="bbox 154 4875 2237 4980; baseline 0.004 -31"><span class='ocrx_word' id='word_1_576' title='bbox 154 4881 360 4952; x_wconf 87' lang='lat' dir='ltr'>structionis</span> <span class='ocrx_word' id='word_1_577' title='bbox 383 4895 418 4954; x_wconf 90' lang='lat' dir='ltr'>et</span> <span class='ocrx_word' id='word_1_578' title='bbox 449 4877 707 4974; x_wconf 86' lang='lat' dir='ltr'>Geographiae.</span> <span class='ocrx_word' id='word_1_579' title='bbox 761 4875 971 4954; x_wconf 79' lang='lat' dir='ltr'>Adornabat</span> <span class='ocrx_word' id='word_1_580' title='bbox 1000 4899 1035 4956; x_wconf 91' lang='lat' dir='ltr'>et</span> <span class='ocrx_word' id='word_1_581' title='bbox 1066 4908 1149 4955; x_wconf 89' lang='lat' dir='ltr'>sua·</span> <span class='ocrx_word' id='word_1_582' title='bbox 1200 4880 1381 4956; x_wconf 89' lang='lat' dir='ltr'>horruisse</span> <span class='ocrx_word' id='word_1_583' title='bbox 1401 4885 1447 4956; x_wconf 88' lang='lat' dir='ltr'>ab</span> <span class='ocrx_word' id='word_1_584' title='bbox 1465 4879 1535 4956; x_wconf 91' lang='lat' dir='ltr'>hoc</span> <span class='ocrx_word' id='word_1_585' title='bbox 1558 4884 1704 4970; x_wconf 88' lang='lat' dir='ltr'>itinere,</span> <span class='ocrx_word' id='word_1_586' title='bbox 1730 4883 1813 4980; x_wconf 88' lang='lat' dir='ltr'>quia</span> <span class='ocrx_word' id='word_1_587' title='bbox 1836 4886 2024 4980; x_wconf 76' lang='lat' dir='ltr'>expetebat</span> <span class='ocrx_word' id='word_1_588' title='bbox 2040 4887 2195 4961; x_wconf 77' lang='lat' dir='ltr'>emate·</span> <span class='ocrx_word' id='word_1_589' title='bbox 2235 4950 2237 4957; x_wconf 93' lang='lat'>.</span> 
     </span>
     <span class='ocr_line' id='line_1_46' title="bbox 155 4983 2195 5082; baseline 0.005 -28"><span class='ocrx_word' id='word_1_590' title='bbox 155 5007 237 5054; x_wconf 89' lang='lat' dir='ltr'>rum</span> <span class='ocrx_word' id='word_1_591' title='bbox 252 4985 542 5056; x_wconf 89' lang='lat' dir='ltr'>emendationum</span> <span class='ocrx_word' id='word_1_592' title='bbox 558 4983 854 5060; x_wconf 87' lang='lat' dir='ltr'>confirmationes.</span> <span class='ocrx_word' id='word_1_593' title='bbox 886 4983 1019 5058; x_wconf 89' lang='lat' dir='ltr'>Obiter</span> <span class='ocrx_word' id='word_1_594' title='bbox 1033 4987 1148 5056; x_wconf 84' lang='lat' dir='ltr'>atalia</span> <span class='ocrx_word' id='word_1_595' title='bbox 1200 5011 1281 5057; x_wconf 90' lang='lat' dir='ltr'>rum</span> <span class='ocrx_word' id='word_1_596' title='bbox 1313 4987 1510 5082; x_wconf 89' lang='lat' dir='ltr'>colloquia,</span> <span class='ocrx_word' id='word_1_597' title='bbox 1545 5002 1580 5058; x_wconf 91' lang='lat' dir='ltr'>et</span> <span class='ocrx_word' id='word_1_598' title='bbox 1612 4986 1814 5059; x_wconf 86' lang='lat' dir='ltr'>invitabant</span> <span class='ocrx_word' id='word_1_599' title='bbox 1840 5008 1921 5060; x_wconf 87' lang='lat' dir='ltr'>eum</span> <span class='ocrx_word' id='word_1_600' title='bbox 1948 4986 2195 5065; x_wconf 71' lang='lat' dir='ltr'>bibliothecen</span> 
     </span>
     <span class='ocr_line' id='line_1_47' title="bbox 153 5086 2195 5183; baseline 0.005 -27"><span class='ocrx_word' id='word_1_601' title='bbox 153 5099 301 5158; x_wconf 91' lang='lat' dir='ltr'>naturae</span> <span class='ocrx_word' id='word_1_602' title='bbox 336 5110 443 5179; x_wconf 90' lang='lat' dir='ltr'>opera</span> <span class='ocrx_word' id='word_1_603' title='bbox 474 5100 652 5159; x_wconf 91' lang='lat' dir='ltr'>scrutatur</span> <span class='ocrx_word' id='word_1_604' title='bbox 682 5099 716 5157; x_wconf 89' lang='lat' dir='ltr'>et</span> <span class='ocrx_word' id='word_1_605' title='bbox 751 5088 928 5180; x_wconf 87' lang='lat' dir='ltr'>patefacit.</span> <span class='ocrx_word' id='word_1_606' title='bbox 993 5086 1149 5181; x_wconf 88' lang='lat' dir='ltr'>laquirit</span> <span class='ocrx_word' id='word_1_607' title='bbox 1199 5086 1310 5162; x_wconf 83' lang='lat' dir='ltr'>Redit</span> <span class='ocrx_word' id='word_1_608' title='bbox 1341 5090 1450 5183; x_wconf 90' lang='lat' dir='ltr'>igitur</span> <span class='ocrx_word' id='word_1_609' title='bbox 1474 5087 1650 5174; x_wconf 87' lang='lat' dir='ltr'>Romam,</span> <span class='ocrx_word' id='word_1_610' title='bbox 1676 5090 1739 5161; x_wconf 90' lang='lat' dir='ltr'>ubi</span> <span class='ocrx_word' id='word_1_611' title='bbox 1766 5114 1847 5160; x_wconf 91' lang='lat' dir='ltr'>cum</span> <span class='ocrx_word' id='word_1_612' title='bbox 1876 5093 2041 5166; x_wconf 83' lang='lat' dir='ltr'>nundin</span> <span class='ocrx_word' id='word_1_613' title='bbox 2065 5095 2195 5179; x_wconf 77' lang='lat' dir='ltr'>fuisset,</span> 
     </span>
     <span class='ocr_line' id='line_1_48' title="bbox 152 5182 2194 5287; baseline 0.004 -29"><span class='ocrx_word' id='word_1_614' title='bbox 152 5213 260 5285; x_wconf 91' lang='lat' dir='ltr'>quam</span> <span class='ocrx_word' id='word_1_615' title='bbox 283 5191 353 5263; x_wconf 88' lang='lat' dir='ltr'>alte</span> <span class='ocrx_word' id='word_1_616' title='bbox 368 5182 546 5259; x_wconf 88' lang='lat' dir='ltr'>vehantur</span> <span class='ocrx_word' id='word_1_617' title='bbox 565 5212 671 5282; x_wconf 86' lang='lat' dir='ltr'>supra</span> <span class='ocrx_word' id='word_1_618' title='bbox 690 5203 821 5261; x_wconf 90' lang='lat' dir='ltr'>terram</span> <span class='ocrx_word' id='word_1_619' title='bbox 837 5213 1003 5282; x_wconf 87' lang='lat' dir='ltr'>vapores,</span> <span class='ocrx_word' id='word_1_620' title='bbox 1029 5203 1064 5260; x_wconf 89' lang='lat' dir='ltr'>et</span> <span class='ocrx_word' id='word_1_621' title='bbox 1079 5191 1148 5259; x_wconf 89' lang='lat' dir='ltr'>mi·</span> <span class='ocrx_word' id='word_1_622' title='bbox 1200 5204 1364 5264; x_wconf 87' lang='lat' dir='ltr'>mortuus</span> <span class='ocrx_word' id='word_1_623' title='bbox 1384 5207 1437 5266; x_wconf 91' lang='lat' dir='ltr'>est</span> <span class='ocrx_word' id='word_1_624' title='bbox 1457 5216 1553 5265; x_wconf 89' lang='lat' dir='ltr'>anno</span> <span class='ocrx_word' id='word_1_625' title='bbox 1573 5191 1765 5263; x_wconf 89' lang='lat' dir='ltr'>millesimo</span> <span class='ocrx_word' id='word_1_626' title='bbox 1786 5194 2146 5287; x_wconf 82' lang='lat' dir='ltr'>quadringentesimo</span> <span class='ocrx_word' id='word_1_627' title='bbox 2162 5207 2194 5267; x_wconf 85' lang='lat' dir='ltr'>et</span> 
     </span>
     <span class='ocr_line' id='line_1_49' title="bbox 152 5288 2194 5390; baseline 0.004 -28"><span class='ocrx_word' id='word_1_628' title='bbox 152 5291 258 5362; x_wconf 92' lang='lat' dir='ltr'>rabili</span> <span class='ocrx_word' id='word_1_629' title='bbox 274 5291 416 5363; x_wconf 88' lang='lat' dir='ltr'>solertia</span> <span class='ocrx_word' id='word_1_630' title='bbox 432 5288 676 5381; x_wconf 91' lang='lat' dir='ltr'>deprehendit,</span> <span class='ocrx_word' id='word_1_631' title='bbox 702 5317 776 5363; x_wconf 91' lang='lat' dir='ltr'>non</span> <span class='ocrx_word' id='word_1_632' title='bbox 791 5292 945 5384; x_wconf 91' lang='lat' dir='ltr'>amplius</span> <span class='ocrx_word' id='word_1_633' title='bbox 960 5293 1147 5362; x_wconf 89' lang='lat' dir='ltr'>duodecim</span> <span class='ocrx_word' id='word_1_634' title='bbox 1199 5295 1472 5386; x_wconf 88' lang='lat' dir='ltr'>septuagesimo,</span> <span class='ocrx_word' id='word_1_635' title='bbox 1501 5321 1573 5390; x_wconf 87' lang='lat' dir='ltr'>quo</span> <span class='ocrx_word' id='word_1_636' title='bbox 1594 5295 1874 5368; x_wconf 69' lang='lat' dir='ltr'>annovidelicet</span> <span class='ocrx_word' id='word_1_637' title='bbox 1892 5293 1972 5369; x_wconf 83' lang='lat' dir='ltr'>Rex</span> <span class='ocrx_word' id='word_1_638' title='bbox 1987 5296 2194 5373; x_wconf 74' lang='lat' dir='ltr'>Pannonias</span> 
     </span>
     <span class='ocr_line' id='line_1_50' title="bbox 152 5388 2192 5495; baseline 0.005 -33"><span class='ocrx_word' id='word_1_639' title='bbox 152 5394 366 5466; x_wconf 87' lang='lat' dir='ltr'>milliaribus</span> <span class='ocrx_word' id='word_1_640' title='bbox 389 5390 613 5467; x_wconf 86' lang='lat' dir='ltr'>Germanicis</span> <span class='ocrx_word' id='word_1_641' title='bbox 633 5418 694 5466; x_wconf 85' lang='lat' dir='ltr'>ens</span> <span class='ocrx_word' id='word_1_642' title='bbox 716 5397 763 5467; x_wconf 84' lang='lat' dir='ltr'>ab</span> <span class='ocrx_word' id='word_1_643' title='bbox 792 5388 977 5464; x_wconf 82' lang='lat' dir='ltr'>horizonte</span> <span class='ocrx_word' id='word_1_644' title='bbox 1004 5395 1147 5470; x_wconf 86' lang='lat' dir='ltr'>distare.</span> <span class='ocrx_word' id='word_1_645' title='bbox 1198 5392 1372 5485; x_wconf 83' lang='lat' dir='ltr'>Matthias</span> <span class='ocrx_word' id='word_1_646' title='bbox 1391 5399 1525 5490; x_wconf 88' lang='lat' dir='ltr'>ingenti</span> <span class='ocrx_word' id='word_1_647' title='bbox 1550 5399 1664 5490; x_wconf 89' lang='lat' dir='ltr'>prelio</span> <span class='ocrx_word' id='word_1_648' title='bbox 1682 5393 1930 5469; x_wconf 88' lang='lat' dir='ltr'>Mahometum</span> <span class='ocrx_word' id='word_1_649' title='bbox 1952 5398 2192 5495; x_wconf 70' lang='lat' dir='ltr'>superavitad</span> 
     </span>
     <span class='ocr_line' id='line_1_51' title="bbox 147 5493 2192 5600; baseline 0.004 -34"><span class='ocrx_word' id='word_1_650' title='bbox 147 5493 314 5587; x_wconf 85' lang='lat' dir='ltr'>Legimus</span> <span class='ocrx_word' id='word_1_651' title='bbox 327 5509 444 5567; x_wconf 90' lang='lat' dir='ltr'>autem</span> <span class='ocrx_word' id='word_1_652' title='bbox 461 5521 503 5568; x_wconf 90' lang='lat' dir='ltr'>eo</span> <span class='ocrx_word' id='word_1_653' title='bbox 518 5509 676 5593; x_wconf 89' lang='lat' dir='ltr'>tempore</span> <span class='ocrx_word' id='word_1_654' title='bbox 689 5497 831 5569; x_wconf 90' lang='lat' dir='ltr'>duobus</span> <span class='ocrx_word' id='word_1_655' title='bbox 846 5497 1028 5568; x_wconf 88' lang='lat' dir='ltr'>continuis</span> <span class='ocrx_word' id='word_1_656' title='bbox 1040 5498 1147 5570; x_wconf 88' lang='lat' dir='ltr'>annis</span> <span class='ocrx_word' id='word_1_657' title='bbox 1198 5499 1466 5588; x_wconf 87' lang='lat' dir='ltr'>Sinderoviam,</span> <span class='ocrx_word' id='word_1_658' title='bbox 1496 5501 1536 5571; x_wconf 92' lang='lat' dir='ltr'>in</span> <span class='ocrx_word' id='word_1_659' title='bbox 1553 5525 1625 5595; x_wconf 87' lang='lat' dir='ltr'>qno</span> <span class='ocrx_word' id='word_1_660' title='bbox 1648 5500 1755 5572; x_wconf 89' lang='lat' dir='ltr'>etiam</span> <span class='ocrx_word' id='word_1_661' title='bbox 1777 5502 1909 5573; x_wconf 90' lang='lat' dir='ltr'>vulnus</span> <span class='ocrx_word' id='word_1_662' title='bbox 1923 5504 2107 5600; x_wconf 79' lang='lat' dir='ltr'>accepisse</span> <span class='ocrx_word' id='word_1_663' title='bbox 2119 5502 2192 5580; x_wconf 77' lang='lat' dir='ltr'>bla-</span> 
     </span>
    </p>
   </div>
   <div class='ocr_carea' id='block_1_3' title="bbox 0 0 2344 6020">
    <p class='ocr_par' dir='ltr' id='par_1_4' title="bbox 0 0 2344 6020">
     <span class='ocr_line' id='line_1_52' title="bbox 0 0 2344 6020; baseline 0 0"><span class='ocrx_word' id='word_1_664' title='bbox 0 0 2344 6020; x_wconf 95' lang='lat' dir='ltr'> </span> 
     </span>
    </p>
   </div>
  </div>
 </body>
</html>
