4672 6016
142 310 217 389 tii
651 290 819 377 DECis
867 284 945 373 ott
974 290 1363 378 sretsmtluoo
1393 290 1678 425 ΙῙΜΡΙΒΒΔΤ.
2117 306 2188 387 tto

191 488 285 559 ross
299 486 422 557 &aaa
434 486 519 573 ped,
544 454 701 573 nusquam
717 472 990 567 pamullaoron
1005 491 1060 545 ast.
1296 468 1462 569 Cumque
1475 468 1728 569 Sigismnndus
1741 477 1931 551 accersitus
1953 494 2047 555 earet
2061 480 2108 553 ad
2127 482 2189 555 isn-

243 590 343 663 aaa
358 590 522 657 musso
536 588 592 653 tart
608 590 670 651 dm
685 604 825 671 soporare
842 595 953 669 purast.
1196 574 1352 670 perium,
1384 590 1486 649 erant
1515 592 1587 651 tres
1612 575 1772 653 Romani
1796 579 2008 671 Pontifices,
2043 582 2191 657 baono

142 692 258 773 vorm
284 686 372 765 isaac
396 686 515 759 clades
536 684 581 755 sd
606 679 798 777 Nicopolin
822 692 984 770 accepta,
1016 671 1146 747 accidit
1197 676 1400 761 Bononiae,
1441 674 1639 772 Gregorius
1680 678 1858 772 Arimini,
1897 684 2122 759 Benedictus
2154 688 2190 759 iu

144 796 289 883 mmsis,
313 790 455 867 circiter
468 810 604 861 arastum
620 797 701 879 post
712 778 849 857 Christi
869 780 1036 865 natalem,
1061 776 1147 847 mil·
1196 778 1380 875 Hispania.
1423 776 1503 854 floc
1516 783 1704 856 dissidium
1720 810 1796 859 uon
1811 788 1938 875 armis,
1963 812 2040 861 non
2055 790 2190 863 viole·-

144 896 333 981 lcsimum,
353 890 654 973 trecentesimum,
676 882 948 977 nonagesimum
963 881 1145 977 quintum.
1196 884 1242 955 tis
1274 883 1391 954 modis
1424 884 1549 957 tollere
1574 884 1825 978 Sigismnndus
1851 892 2028 979 decrevit3
2076 906 2190 967 estut

248 996 298 1071 Ut
324 1012 444 1071 autem
466 992 641 1067 secundae
666 1010 723 1058 res
754 985 981 1057 autoritatem
1007 985 1146 1055 addunt
1197 986 1294 1056 enim
1315 984 1458 1058 divinae
1475 987 1578 1078 leges,
1604 1014 1695 1085 qnae
1709 992 1849 1078 docent,
1874 1018 1946 1087 quo
1961 994 2190 1067 ordinecas-

146 1100 328 1185 Ducibus,
354 1100 402 1171 ita
425 1096 594 1167 adversae
616 1090 805 1174 minuunt,
830 1088 1013 1160 interdum
1038 1086 1143 1156 etiam
1198 1088 1388 1160 troversiae
1417 1090 1671 1163 ecclesiasticae
1695 1096 1959 1185 cognoscendae
1984 1096 2073 1169 siut.
2123 1096 2189 1171 lias

146 1204 231 1277 odia
247 1201 458 1273 accendunt.
491 1193 613 1284 Quare
627 1216 708 1263 cum
723 1190 869 1263 redisset
885 1191 923 1260 in
940 1187 1146 1279 Ungariam,
1199 1189 1468 1283 sigismundus,
1500 1209 1675 1289 quantum
1699 1197 1736 1266 iu
1761 1199 1838 1291 ipso
1862 1198 1949 1285 init,
1980 1224 2061 1272 nou
2083 1200 2189 1273 voluit

148 1304 288 1379 arnissis
317 1301 440 1375 multis
467 1294 671 1367 fortissimis
691 1293 849 1379 civibus,
878 1314 1040 1386 proceres
1063 1289 1146 1385 qui·
1199 1294 1401 1395 ppaeterire.
1434 1290 1482 1367 iit
1498 1295 1582 1389 quia
1602 1300 1679 1368 sine
1694 1322 1867 1370 consensu
1883 1314 2110 1373 caeterorum
2125 1300 2190 1377 ltc-

149 1413 233 1481 dam
253 1416 377 1477 contra
394 1424 475 1471 eum
492 1395 809 1488 conspiraverunt,
834 1419 988 1491 qnorum
1007 1391 1146 1464 animos
1198 1418 1281 1486 gum
1298 1396 1426 1468 frustra
1442 1394 1629 1494 Synodum
1653 1401 1853 1475 indicturus
1868 1417 1962 1491 erat,
1987 1404 2069 1496 ipse
2088 1418 2188 1477 totatr

149 1508 379 1605 quorundam
393 1499 578 1593 suppliciis
591 1499 630 1567 in
643 1499 810 1593 auspiciis
823 1498 925 1589 regni
938 1496 1146 1568 offenderat.
1199 1492 1380 1591 Europam
1402 1514 1610 1592 pervagatus
1631 1516 1698 1574 est:
1725 1505 1812 1575 adiit
1831 1500 1991 1575 Galliam
2016 1522 2055 1577 et
2071 1502 2189 1601 Hispa·

148 1610 286 1701 Captus
311 1605 420 1695 igitur
447 1624 469 1673 a
493 1600 706 1687 coniuratis,
740 1601 778 1670 in
801 1602 954 1694 quadam
978 1622 1059 1670 arce
1082 1596 1146 1667 diu
1199 1601 1313 1683 niam,
1338 1600 1409 1690 egit
1431 1615 1569 1674 etcum
1591 1602 1874 1697 Regednglico,
1899 1610 2063 1681 ostendit
2086 1634 2190 1706 quas-
2220 1622 2222 1699 ξ

151 1708 351 1783 custoditus
369 1715 434 1791 est,
455 1705 551 1775 unde
567 1705 708 1779 tandem
726 1702 884 1785 domina,
908 1699 1072 1772 miserata
1086 1698 1146 1769 in·
1200 1716 1275 1772 tum
1293 1702 1432 1774 intersit
1453 1702 1609 1798 Reipub.
1624 1704 1869 1795 Christianae,
1894 1725 1934 1782 ut
1950 1709 2127 1805 &nodus
2141 1712 2189 1783 is·
2220 1704 2222 1709 ’

151 1809 493 1902 dignamiortunam
507 1804 595 1875 honi
611 1804 801 1897 Principis,
826 1805 917 1875 clam
939 1827 1021 1875 eum
1039 1801 1147 1873 dimi·
1199 1804 1349 1880 dicatur.
1400 1802 1519 1896 Rogat
1543 1822 1582 1878 ut
1606 1811 1860 1896 assentiantur,
1892 1826 1927 1884 et
1950 1814 2062 1905 pium
2085 1814 2190 1887 cousi-

151 1915 211 1985 sit.
248 1908 403 2004 illapsus
416 1908 524 1981 rediit
536 1907 576 1976 in
593 1931 760 1999 regnum,
785 1907 978 1978 instructus
994 1906 1148 1977 Germa·
1200 1907 1288 1975 lium
1312 1931 1352 1977 ac
1373 1911 1609 1981 necessarium
1624 1909 1780 2005 Reipub.
1800 1913 1993 2004 adiuverit,
2029 1915 2190 2008 utiiegrs

151 2016 243 2087 uicis
258 2011 413 2093 auxiliis,
433 2024 469 2082 et
482 2009 626 2100 triginta
640 2006 798 2101 Regulos
814 2008 956 2103 capitali
971 2006 1147 2100 supplicio
1199 2008 1329 2103 quihus
1352 2010 1538 2105 praecipue
1554 2008 1733 2084 Ecclesiae
1754 2015 1913 2086 custodia
1935 2016 2130 2089 commissa
2143 2020 2189 2103 ait,

151 2115 281 2192 effecit.
331 2112 429 2185 Haec
450 2112 618 2183 severitas
643 2111 677 2181 ei
700 2110 834 2203 profuit
847 2111 893 2181 ad
915 2123 1071 2181 caeteros
1086 2133 1146 2178 co-
1199 2114 1308 2186 decet,
1338 2109 1531 2183 Persuadet
1545 2118 1699 2202 tandem,
1715 2117 1960 2189 utconsilium
1975 2116 2187 2211 Sigisnruuti

153 2215 368 2302 herrandus,
399 2224 436 2287 et
459 2215 737 2304 recuperandam
763 2211 950 2306 pristinam
975 2211 1148 2283 autorita·
1199 2214 1415 2305 approbent,
1441 2239 1482 2285 ac
1503 2217 1713 2307 promittant
1739 2243 1866 2290 senon
1888 2221 2088 2295 defuturos
2106 2246 2187 2295 eon-
2220 2252 2222 2305 l

152 2338 235 2397 tem.
285 2316 366 2391 Etsi
381 2317 478 2389 euim
500 2338 679 2410 nusquam
698 2314 936 2387 discedebata
953 2314 1092 2386 iusticia
1107 2312 1146 2382 in
1199 2315 1300 2383 muni
1329 2312 1448 2392 saluti.
1506 2315 1631 2391 Postea
1661 2320 1825 2391 venitin
1859 2319 2029 2411 italiam,
2061 2340 2097 2397 et
2120 2348 2185 2397 ιιι
2220 2366 2222 2375 ·

151 2423 310 2516 negociis
325 2417 586 2502 diiudicandis,
609 2432 730 2488 tamen
747 2442 887 2511 semper
903 2416 990 2487 alias
1007 2417 1044 2486 in
1062 2440 1148 2507 poe-
1202 2416 1334 2487 loanue
1358 2418 1593 2514 colloquitur,
1628 2446 1675 2492 ne
1696 2423 1963 2496 desideraretur
1990 2425 2035 2495 in
2059 2424 2181 2523 Syndo

151 2529 210 2599 nis
224 2524 398 2598 iusticiam
414 2522 599 2592 clementia
617 2533 652 2590 et
667 2520 812 2591 leuitate
836 2533 1031 2612 temperare
1055 2519 1147 2588 sole-
1199 2543 1329 2589 nomen
1365 2518 1605 2599 Pontiiicium.
1657 2523 1765 2596 Husrc
1798 2548 1945 2621 quoqne
1982 2528 2185 2603 adducitis

153 2633 225 2703 hat.
275 2626 319 2699 ln
341 2620 409 2698 hoc
430 2646 504 2696 uno
526 2622 619 2693 iacto
642 2624 829 2694 necessitas
851 2621 967 2711 coiigit
987 2646 1068 2691 eum
1091 2644 1147 2689 se·
1199 2644 1298 2691 saram
1315 2625 1538 2707 sententiam,
1562 2638 1596 2697 et
1610 2629 1814 2720 persuadet,
1837 2642 1877 2699 ut
1895 2630 2184 2705 venturumacia

152 2731 301 2803 veritate
325 2728 462 2798 maiore
485 2723 549 2797 uti.
604 2720 837 2796 Verissimum
861 2724 957 2794 enirn
981 2737 1031 2794 est
1057 2723 1148 2792 iilud
1200 2721 1431 2794 Germaniam
1450 2728 1669 2818 polliceatur.
1727 2728 1894 2824 Synndus
1911 2730 2181 2807 indicitrulh·

152 2833 288 2906 dictum
306 2824 505 2912 Aeschinis,
531 2828 628 2921 quod
643 2821 904 2899 Demosthenes
918 2825 1019 2897 citat:
1045 2818 1146 2895 Nihil
1199 2826 1361 2898 stantiae.

153 2934 247 3007 valet
271 2931 481 3024 imperium,
505 2929 603 3023 quod
620 2953 693 2999 non
710 2924 819 3000 hahet
834 2952 963 2998 nervos
979 2927 1148 3047 qdversus
1295 2958 1368 3033 Nec
1382 2962 1501 3034 minus
1516 2962 1653 3055 negocii
1668 2964 1734 3037 sust
1752 2980 1882 3058 postea,
1905 2960 2176 3043 dmm*

154 3038 283 3107 scelera
298 3047 350 3107 tot
368 3047 404 3106 et
420 3031 645 3101 insanabiles.
695 3030 892 3101 Laudanda
908 3044 961 3101 est
983 3043 1092 3121 rgrtur
1108 3053 1148 3098 ru

154 3134 223 3210 hoc
236 3161 320 3209 casn
333 3136 444 3229 ipsius
459 3133 612 3224 gravitas
627 3157 668 3203 ac
685 3132 864 3207 severitas.

253 3236 346 3312 Cum
361 3250 478 3309 autern
493 3236 563 3307 iam
578 3235 616 3303 in
631 3248 728 3306 tanta
744 3236 909 3307 fortunae
931 3247 964 3306 et
980 3232 1148 3325 negocio·

152 3367 234 3415 rum
251 3341 419 3413 varietate
436 3352 616 3431 perspecta
633 3350 721 3408 esset
741 3337 817 3407 eius
832 3336 968 3423 virtus,
993 3351 1028 3409 et
1042 3336 1147 3406 dissi-

152 3447 211 3519 dia
235 3443 355 3516 italica
380 3441 582 3533 ilagitarent
607 3436 858 3533 imperatorem
889 3462 965 3509 uon
993 3462 1147 3531 segnem,

152 3571 270 3641 neque
285 3546 470 3638 ignauum,
495 3542 555 3614 sed
573 3542 637 3635 qni
656 3542 806 3613 consilio
830 3556 865 3614 et
881 3541 1073 3614 autoritate
1087 3566 1147 3613 er·
1285 3610 1294 3628 ,
1730 3610 1740 3628 ,
1971 3614 1981 3631 .

154 3651 308 3733 ,eumq
330 3643 1010 3736 GermaniciprincipusqggsmundW
1028 3656 1149 3715 man,
1201 3608 1239 3680 ld
1257 3612 1393 3680 dictum
1410 3610 1505 3681 valet
1520 3614 1615 3701 apud
1635 3608 1824 3681 Pontifices
1837 3634 1910 3683 non
1929 3638 2076 3702 ananus,
2094 3634 2177 3709 qnam

155 3748 427 3844 Imperatorem,
458 3771 555 3817 auno
579 3746 773 3816 millesimo
797 3745 1147 3840 quadringentesimo
1170 3784 1174 3807 ι
1200 3713 1302 3837 aind,
1318 3709 1527 3838 Gi⁰¹¹¹²¹ijl⁸
1551 3712 1635 3834 {¹¹³²
1657 3716 1870 3792 “nimii‘’
1895 3738 1992 3807 quae
2010 3707 2178 3835 Vellem?

154 3867 190 3925 et
202 3850 425 3925 duodecimo.
474 3846 549 3920 Nec
561 3847 688 3920 ieiellit
704 3871 765 3919 eos
785 3847 959 3919 iudicium
975 3850 1019 3918 de
1036 3846 1148 3941 ipsius
1170 3822 1175 3903 i
1198 3813 1359 3934 ἐν’ζοάῧ
1373 3916 1381 3933 ‚
1394 3815 1456 3933 vd·
1477 3813 1671 3933 ⁰³⁸in&
1690 3829 1874 3937 limini·
1928 3813 2061 3937 itaque
2082 3840 2179 3935 ⁸¹⁰3&

105 3938 115 3949 ⁸
153 3955 339 4026 voluntate
355 3952 490 4026 acide.
541 3947 634 4022 Cum
648 3950 745 4020 enim
768 3950 943 4021 iudicaret
963 3944 1058 4021 nihil
1074 3972 1147 4020 esse
1199 3918 1285 3986 ΙΨ*
1307 3929 1499 4006 ³³P¹ffl¹¹³⁰
1526 3931 1560 3985 ‘¹
1580 3918 1786 4005 d¹¹¹⁸²¹¹¹¹⁸⁰
1810 3919 1892 3986 f¹¹¹¹³
1929 3920 2180 4011 Pssmumtdt·

154 4057 298 4147 dignm.
320 4053 554 4146 Imperatore,
576 4076 683 4147 quam
705 4052 874 4144 legitimi,
897 4053 1016 4124 modi,
1036 4051 1148 4123 eecle-
1199 4040 1281 4109 gere
1302 4040 1427 4088 omnes
1458 4018 1498 4086 iu
1520 4019 1705 4104 ordinem;
1739 4020 1869 4089 deiude
1891 4024 2180 4095 contendentibus

154 4152 292 4230 siastica
314 4156 461 4227 dissidia
481 4156 626 4239 tollere,
657 4155 814 4247 primum
836 4154 999 4225 omnium
1023 4176 1148 4226 curare
1200 4121 1377 4240 ‘ufffflgji’
1399 4143 1513 4240 ΠΨ
1540 4143 1745 4211 ⁸¹¹“03m3
1779 4135 1959 4213 [mmm
1984 4148 2130 4245 ΡΜ)
2147 4144 2181 4193 ²

155 4258 283 4352 coepit,
305 4271 348 4329 ut
362 4257 529 4353 Synodus
545 4258 771 4329 indiceretur.
813 4254 923 4328 Vetus
935 4257 1070 4329 dictum
1085 4269 1148 4341 est,
1201 4224 1287 4345 {³¹²⁸
1299 4223 1499 4344 ὼπῗῗὼῖθ
1513 4223 1783 4315 mmmmm·
1826 4220 1904 4296 11³⁶
1920 4226 2183 4301 d‘lffi‘nm

1201 4349 1240 4394 ιιι
1264 4327 1544 4419 quadriennium
1565 4348 1677 4418 usque
1696 4338 1870 4397 extractae
1891 4342 1998 4415 sunt,
2024 4354 2098 4427 quo
2111 4344 2184 4401 ten·

1200 3065 1393 3135 certamina
1418 3067 1511 3137 inter
1533 3079 1623 3152 tres,
1649 3092 1714 3138 nec
1739 3071 1928 3165 quisquam
1946 3096 2070 3167 aequo
2085 3068 2180 3141 aomo

1199 3190 1360 3251 cessurus
1375 3181 1451 3239 erat
1466 3168 1569 3238 alteri
1585 3171 1628 3238 de
1651 3170 1797 3241 nomine
1813 3169 2022 3243 Pontificio.
2076 3168 2180 3245 hieni-

1200 3267 1302 3341 nistis
1319 3269 1454 3340 dictum
1473 3270 1510 3339 in
1527 3267 1743 3361 Tragoedia:

1352 3390 1388 3457 Si
1408 3393 1586 3455 violandum
1601 3407 1646 3456 est
1661 3397 1727 3473 ius,
1754 3395 1898 3476 regnandi
1913 3404 2017 3478 gratia

1352 3495 1541 3561 Violandnrn
1559 3510 1622 3575 est,
1647 3501 1680 3559 in
1696 3502 1763 3561 aliis
1780 3503 1921 3581 pietatem
1937 3504 2041 3567 colas·

153 4362 272 4433 nescio
287 4360 390 4430 cuius
403 4357 602 4430 Pontificis:
629 4356 757 4429 Plures
770 4382 876 4430 conse
901 4358 939 4430 ui
955 4356 1148 4431 Pontifica-
1305 4428 1314 4445 ,
1478 4427 1487 4444 ,
1682 4427 1691 4444 ,
1747 4429 1755 4445 ,
1892 4430 1901 4446 ‚
2128 4432 2138 4450 ‚

152 4481 229 4537 mm
250 4485 349 4533 more
369 4459 538 4546 Romuli,
570 4485 677 4555 quam
700 4459 811 4531 pm
868 4385 1031 4533 {uerum
1051 4462 1147 4531 enim
1171 4474 1175 4511 ,
1199 4451 1286 4519 pore
1304 4450 1378 4520 rpse
1392 4428 1590 4518 plurimum
1604 4441 1775 4499 sustsnurt
1788 4428 1943 4517 lahorrs,
1966 4432 2063 4505 dum
2074 4442 2185 4505 ratam

152 4590 255 4659 saepe
275 4564 433 4656 iugentia
458 4565 650 4633 certamina
672 4563 712 4633 in
733 4560 906 4635 electione
921 4561 1148 4648 Pontificum,
1171 4524 1176 4647 i
1201 4543 1236 4600 ‘¹
1252 4530 1439 4600 imfirma
1452 4526 1594 4620 fliium
1609 4530 1824 4607 'dunum‘

152 4692 243 4762 quae
259 4668 403 4762 quidem
419 4677 501 4735 ante
516 4663 786 4755 sigismundum
803 4665 852 4735 ita
868 4679 1081 4746 exarserant,
1107 4677 1147 4735 ut
1171 4652 1177 4817 Ι
1304 4662 1451 4760 Synodo
1476 4664 1666 4759 aliquoties
1686 4664 1761 4757 ipse
1781 4664 1963 4754 interluit,
1988 4692 2035 4742 ae
2048 4672 2186 4766 primm

154 4791 267 4840 anuos
290 4768 443 4861 amplius
460 4768 603 4858 triginta
619 4790 693 4837 non
711 4767 902 4838 convenire
919 4767 1146 4859 potueritin-
1201 4793 1281 4840 cum
1311 4792 1353 4837 eo
1379 4767 1478 4838 venit
1505 4766 1544 4836 iu
1576 4781 1679 4837 nocte
1702 4767 1839 4839 Natalis
1867 4769 2042 4861 Domini,
2074 4773 2188 4847 cecinit

154 4867 422 4941 terCardinales
440 4870 484 4938 de
499 4868 687 4940 electione:
713 4865 791 4941 Alii
806 4870 852 4941 ah
871 4868 951 4941 aliis
966 4869 1148 4961 eligeban—
1200 4870 1389 4941 lectionem
1421 4864 1611 4959 Evangelii
1643 4869 1681 4939 iu
1720 4870 1880 4962 liturgia:
1921 4873 2014 4947 exiit
2046 4878 2188 4951 edictdu

154 4986 230 5054 tur,
264 4986 299 5043 et
323 4972 476 5043 edebant
504 4984 645 5042 mutuas
667 4970 985 5044 condemnationes
1011 4985 1046 5042 et
1067 4996 1148 5043 exe-
1200 4968 1389 5043 aCaesare
1409 4965 1591 5061 Augusto,
1621 4985 1662 5042 ut
1686 4984 1780 5044 totus
1808 4973 1906 5044 orbis
1926 4976 2190 5059 describeretur,

154 5073 341 5158 crationes,
356 5097 555 5168 magnoque
571 5097 762 5160 novorum,
785 5086 826 5145 ut
839 5074 957 5171 inquit
970 5072 1148 5160 Lucanus,
1201 5076 1297 5169 quod
1314 5098 1395 5144 crim
1411 5072 1542 5163 legeret
1558 5072 1643 5164 ipse,
1669 5074 1765 5145 visus
1780 5088 1832 5146 est
1848 5097 1925 5146 non
1941 5078 2065 5151 solum
2079 5084 2190 5155 &aaa

228 5178 382 5244 Proventu
395 5186 559 5255 amlemm,
585 5196 734 5267 quaerunt
747 5195 815 5246 urar
826 5187 954 5269 torperet
971 5185 1047 5247 orbi.
1201 5176 1318 5247 oificio
1337 5171 1406 5245 hoc
1421 5175 1618 5265 siguificare
1633 5200 1752 5247 curam
1768 5172 1952 5249 Ecclesiae
1964 5184 2073 5255 orhis
2092 5200 2193 5259 terra

148 5276 343 5363 ¹iialrebant
366 5276 455 5345 aliae
480 5277 651 5348 factiones
678 5278 832 5350 aliorum
855 5278 997 5373 Regum
1017 5277 1146 5352 studia.
1200 5302 1281 5348 rum
1309 5277 1520 5369 imperatori
1538 5279 1760 5348 commissam
1784 5302 1875 5365 esse,
1894 5286 1959 5353 sed
1981 5286 2095 5359 etiam
2115 5288 2193 5361 alios

154 5378 254 5450 italia
275 5378 533 5448 dilacerabatur
555 5379 734 5451 intestinis
757 5383 879 5468 bellis,
912 5405 1002 5476 quae
1022 5405 1148 5452 accen·
1200 5383 1411 5463 admonere,
1436 5392 1478 5449 nt
1493 5376 1702 5471 imperatori
1717 5382 1874 5473 cupienti
1891 5388 2085 5463 consulere
2098 5390 2192 5463 saluo·

151 5482 283 5551 debant
301 5481 498 5553 discordiae
517 5479 742 5559 Pontificum.
1135 5486 1140 5503 '
1200 5482 1363 5554 omnium
1380 5481 1558 5571 gentium,
1582 5502 1697 5577 aequo
1717 5485 1839 5556 auimo
1853 5504 2037 5579 puerone.
