4664 6022
148 306 226 389 ιω
646 283 811 365 osca.
835 276 914 359 uu
940 270 1221 354 ancorato
1255 271 1685 353 ronmcaauu.
2117 272 2189 357 sss

143 483 329 587 'fientibus
342 474 443 558 viris,
458 461 895 558 lomicaepraclercntur.
937 448 1017 523 Hoc
1033 450 1140 542 plane
1191 447 1362 543 quoniam
1384 463 1531 543 propter
1552 463 1720 535 aetatem,
1744 449 1803 519 vel
1823 451 1870 521 ad
1891 447 2094 520 monendos
2114 471 2189 536 vos,

144 608 198 666 est
212 591 311 660 iuxu
324 572 575 673 proverbium,
598 564 763 640 Formica
777 558 943 633 arnelas.
987 549 1044 672 ,Εἰ
1059 575 1139 671 cum
1193 554 1249 625 vel
1273 555 1316 624 ad
1341 547 1582 625 cohortandos
1604 577 1731 646 parum
1751 551 1951 625 autoritatis
1968 546 2107 638 habco,
2129 574 2190 623 re·

145 718 221 768 non
244 683 377 782 possim
401 673 573 749 hocloco
592 691 719 743 omnes
738 684 880 742 ccum,
905 680 970 729 tur
985 669 1034 725 lta
1053 677 1141 724 scm·
1191 656 1308 728 citabo
1329 657 1431 726 vobis
1448 656 1694 746 gravissimum
1711 655 1849 741 locum,
1874 654 1937 750 qui
1954 665 2048 727 extat
2063 653 2104 725 in
2118 653 2191 728 Xe-

170 794 257 871 ,erit
269 788 464 865 Solomou,
485 777 647 856 recitem,
668 782 752 841 sunt
766 765 861 837 enim
879 760 1025 843 multae,
1051 779 1140 851 quas
1192 756 1398 852 nophonte,
1429 781 1606 854 quemque
1629 782 1667 828 se
1687 753 1893 851 Xenophon
1913 783 1955 828 ex
1976 754 2124 829 Prodici
2143 757 2192 829 li-

145 826 187 975 in
210 894 322 991 ipsius
336 883 565 960 Christianae
585 870 767 947 doctrinae
787 865 948 937 lontibus
962 862 1069 950 longe
1083 884 1140 930 re·
1192 864 1258 935 bro
1283 863 1564 953 transscripsisse
1591 862 1732 933 fatetur.
1783 859 1877 933 Sunt
1904 873 2026 932 autern
2047 872 2191 934 contra-

143 1018 265 1101 μω,
292 1003 495 1086 oporteret,
526 996 645 1055 tamen
675 993 784 1042 unam
807 962 899 1038 hauc
921 986 1141 1035 commemo·
1190 968 1263 1037 riae
1292 965 1470 1038 orationes
1491 965 1634 1037 virtutis
1655 978 1691 1036 et
1711 962 1905 1055 voluptatis
1927 965 1973 1034 ad
1995 960 2189 1036 Herculem

143 1104 293 1183 rendam
323 1117 399 1166 esse
429 1086 529 1160 eleari.
597 1076 714 1148 Tanta
743 1071 878 1142 desidia
912 1080 964 1138 est
990 1061 1142 1137 humani
1191 1070 1467 1155 deliberantem,
1492 1066 1725 1140 utram.vitae
1747 1067 1842 1136 viam
1857 1066 2100 1156 ingrediatur,
2126 1091 2192 1138 vo·

143 1203 253 1283 animi
298 1199 348 1271 ita
371 1192 510 1289 penitus
531 1180 652 1254 haeret
673 1175 714 1245 in
734 1172 866 1244 nostris
888 1169 1055 1240 medullis
1075 1194 1142 1238 vo·
1192 1173 1338 1264 luptatis
1358 1195 1406 1241 ne
1427 1196 1474 1242 an
1496 1172 1641 1242 virtutis
1663 1170 1778 1241 studia
1800 1183 1987 1264 sequatur,
2019 1168 2071 1242 sic
2092 1168 2189 1241 enim

142 1256 322 1406 luptathm
342 1313 450 1393 atquc
471 1286 541 1361 ocii
563 1303 683 1363 amor,
708 1290 749 1348 ut
770 1275 870 1345 nulla
885 1287 984 1344 tanta
1001 1271 1142 1362 sapien·
1193 1275 1261 1346 aits
1291 1271 1383 1346 Cum
1403 1272 1577 1346 Hercules
1600 1299 1642 1344 ex
1663 1273 1817 1365 pueritia
1836 1295 2014 1362 egressus,
2048 1273 2191 1368 iamque

145 1416 195 1492 tin
225 1410 271 1483 sit
321 1421 412 1497 quae
442 1412 517 1463 uon
543 1385 764 1472 voluptatum
787 1377 966 1447 illecebris
987 1374 1083 1444 vinci
1107 1386 1142 1444 et
1192 1401 1302 1470 prope
1324 1378 1545 1468 pubertatem
1566 1389 1672 1462 esset,
1704 1401 1775 1471 qua
1795 1388 1908 1446 aetate
1930 1375 1986 1444 sui
2008 1388 2192 1468 compotes

144 1461 341 1611 exptrguhri
371 1494 499 1593 possit,
530 1500 571 1558 ut
594 1482 809 1554 industriam
831 1481 1063 1571 laboremque
1083 1500 1142 1545 re·
1192 1481 1276 1551 lacti
1299 1481 1557 1564 adolescentes,
1582 1479 1782 1569 significant
1798 1493 1917 1549 utram
1931 1478 2047 1559 viam,
2073 1478 2192 1551 virtu-

144 1619 273 1695 mtmt.
329 1597 438 1691 Quod
466 1615 547 1663 cum
576 1586 683 1658 etiam
709 1581 842 1654 Poitae
870 1580 1142 1652 animadvertis-
1191 1584 1255 1667 tis,
1280 1607 1327 1652 an
1350 1583 1511 1673 ignaviae
1533 1582 1672 1672 ingredi
1689 1582 1819 1659 velint,
1845 1579 1931 1652 exiit
1947 1581 2192 1655 insolumlo·

144 1730 241 1799 sciat,
267 1710 448 1781 litaxeruut
460 1690 650 1764 Herculem
665 1700 717 1757 tot
733 1685 947 1756 domitorem
964 1695 1142 1753 monstro·
1193 1711 1272 1755 eum
1286 1685 1449 1779 seditque
1463 1685 1589 1756 tacitus
1599 1709 1717 1754 secum
1729 1684 1943 1768 deliberans,
1968 1683 2190 1757 utramviam

144 1842 247 1897 mm,
280 1798 478 1894 Omphales
505 1815 625 1862 amore
649 1804 811 1881 captum,
843 1786 1013 1857 muliebri
1036 1799 1142 1869 veste,
1192 1789 1310 1860 iniret·
1362 1787 1432 1858 Hic
1453 1789 1696 1880 adparuerunt
1712 1787 1745 1856 ei
1759 1788 1851 1858 duae
1866 1785 2101 1857 mulierculae
2115 1811 2191 1859 ma

145 1926 183 1999 in
208 1930 381 2013 gynaeceo
405 1909 583 1972 tenentem
605 1894 736 1966 colum.
788 1886 908 1983 Atque
929 1883 998 1958 hoc
1021 1887 1074 1956 illi
1098 1889 1142 1957 de
1192 1891 1285 1962 iores
1307 1887 1464 1963 humana
1486 1891 1618 1981 specie,
1644 1912 1796 1982 quarum
1818 1889 1928 1959 altera
1945 1890 2051 1961 vultu
2068 1893 2191 1962 mode-

144 2040 284 2099 stunma
317 2007 395 2077 viro
426 1999 625 2088 fingebant,
663 2007 705 2064 ut
735 1993 976 2083 significarent
1005 1990 1141 2060 nullam
1194 2007 1247 2064 sto
1266 2009 1300 2065 et
1318 1994 1458 2068 liberali
1474 2007 1569 2078 erat,
1595 1993 1697 2063 nullo
1713 1991 1900 2084 peregrino
1916 1993 2018 2062 cultu
2033 2005 2097 2064 aut
2110 1994 2190 2067 luco

144 2134 279 2203 tacitam
303 2131 376 2181 esse
398 2103 470 2172 vim
493 2097 626 2183 animi,
650 2121 741 2189 quae
760 2120 836 2165 non
854 2094 970 2183 frangi
987 2117 1026 2161 ac
1040 2092 1142 2162 debi-
1192 2111 1335 2182 ornata,
1360 2099 1420 2166 sed
1436 2097 1590 2187 genuina
1608 2095 1751 2165 bonitas
1767 2094 2131 2185 lormaeadparebat,
2153 2096 2191 2169 in

143 2219 239 2299 litari
262 2205 448 2287 blanditiis
470 2201 662 2291 voluptatis
685 2213 813 2291 posset.
864 2195 1040 2287 Compara
1059 2218 1142 2263 vero
1193 2224 1342 2290 corpore
1370 2199 1587 2284 mundicias,
1618 2198 1657 2267 in
1689 2197 1801 2267 oculis
1826 2197 1959 2289 pudor,
1989 2197 2031 2268 in
2053 2197 2189 2272 incessu

142 2318 235 2401 mihi
262 2309 429 2387 {amicas
453 2305 499 2374 ad
522 2298 619 2372 hunc
641 2299 857 2385 Herculem,
891 2313 952 2368 aut
978 2297 1007 2365 si
1030 2297 1144 2367 mavis
1193 2302 1375 2386 modestia,
1393 2314 1524 2371 vestem
1540 2314 1724 2392 praeterea
1737 2299 1927 2370 candidam
1940 2321 2081 2388 gerens.
2126 2297 2188 2375 Al·

145 2430 188 2503 etl
214 2414 479 2497 Alexandrum,
509 2400 637 2474 harum
663 2402 877 2473 industriam
898 2399 1143 2472 sedulitatem·
1194 2419 1268 2476 tera
1291 2401 1465 2489 habitior,
1492 2418 1526 2474 et
1548 2404 1683 2488 fucata,
1709 2427 1791 2472 nam
1814 2415 1849 2472 et
1870 2403 1983 2473 rubor
2004 2418 2042 2477 et
2059 2406 2188 2477 candor

145 2552 214 2627 qne
238 2518 338 2593 noua
361 2533 417 2582 res
441 2531 601 2599 unquam
624 2506 791 2576 retardat.
844 2502 903 2572 Illi
926 2502 1060 2573 scilicet
1079 2498 1144 2572 he·
1193 2508 1310 2577 maior
1331 2520 1406 2577 erat
1430 2507 1564 2579 nativo.
1614 2502 1663 2575 Et
1686 2506 1873 2576 incedebat
1893 2504 2041 2595 supina,
2072 2509 2187 2579 oculos

147 2649 225 2705 roes
239 2639 378 2694 sunrma
392 2608 565 2701 sapientia
581 2632 621 2677 ac
630 2606 841 2677 fortitudine
852 2605 1015 2696 praediti,
1037 2628 1143 2698 quam
1194 2611 1264 2680 late
1279 2611 1459 2701 pandens,
1483 2622 1579 2678 veste
1596 2608 1742 2693 induta,
1768 2632 1859 2701 quae
1873 2608 2026 2679 formam
2042 2611 2188 2683 maxine

145 2720 326 2805 immutati
353 2726 456 2793 sunt,
497 2711 586 2781 alter
616 2733 736 2779 amore
764 2708 1014 2790 mulierculae,
1054 2708 1145 2776 alter
1194 2713 1485 2796 commendabat,
1516 2711 1762 2803 contemplans
1790 2712 1937 2781 iuterim
1966 2734 2023 2795 se,
2061 2728 2100 2785 et
2124 2713 2196 2785 cir*

145 2832 252 2907 ctiam
266 2818 379 2911 magis
390 2813 548 2886 beluinis
563 2811 818 2903 voluptatibus.
869 2808 950 2880 Huc
966 2809 1075 2898 igitur
1088 2832 1145 2878 sa·
1193 2827 1455 2906 cumspectans,
1490 2836 1536 2883 an
1566 2814 1628 2881 alii
1653 2838 1690 2883 se
1714 2806 1911 2894 viderent,‘
1930 2837 2185 2911 nonnunquam

145 2954 226 3009 cras
248 2928 371 2997 literae
392 2916 570 3008 sapientes
592 2914 698 2984 eliam
714 2913 810 2983 viros
826 2924 1029 2997 accersunt,
1056 2924 1090 2982 el
1105 2912 1144 2979 in
1194 2917 1300 2987 etiam
1314 2918 1479 2986 umbram
1493 2939 1592 2985 suam
1610 2915 1811 3006 respiciens.
1864 2912 2060 3010 Postquam
2077 2933 2185 2993 autern

146 3033 240 3111 hanc
263 3021 479 3099 academiam
500 3029 679 3087 vocantut
695 3016 852 3100 discant,
877 3040 952 3086 non
968 3016 1076 3085 modo
1093 3013 1145 3083 si·
1195 3019 1342 3111 propius
1366 3033 1512 3099 ventum
1539 3031 1610 3101 est,
1635 3018 1697 3086 illa
1720 3017 1822 3110 prior
1836 3020 1995 3089 modeste
2012 3023 2184 3113 pergebat,

147 3135 270 3211 milem
292 3128 332 3197 in
346 3120 531 3193 laboribus
545 3119 779 3190 constantiam
797 3119 1042 3210 praestandam
1057 3140 1145 3202 esse,
1194 3120 1292 3192 Haec
1315 3134 1432 3194 autem
1458 3134 1498 3190 ut
1520 3133 1776 3205 anteverteret,
1809 3120 1962 3191 accurrit
1983 3123 2031 3194 ad
2055 3121 2179 3197 flean-
2229 3148 2231 3171 ²

147 3232 339 3311 sedetiam
361 3239 402 3297 ut
422 3223 567 3291 videant
590 3236 722 3314 quanta
747 3221 792 3291 sit
813 3215 1146 3289 infirmitashuma-
1195 3225 1284 3305 lem,
1327 3248 1367 3294 ac
1404 3222 1538 3316 inquit:
1580 3221 1695 3292 Video
1727 3236 1759 3292 te
1790 3220 1961 3294 Hercules
1994 3226 2181 3299 delibmrs
2229 3220 2231 3225 ’

147 3359 278 3415 storum
299 3327 520 3409 animorum,
546 3325 609 3418 qui
627 3338 696 3394 tam
712 3323 815 3394 facile
831 3323 1015 3412 defatigari
1030 3345 1066 3392 se
1082 3345 1145 3412 pa·
1194 3340 1311 3397 utram
1328 3327 1423 3395 viam
1439 3327 1482 3394 ad
1500 3326 1609 3396 vitam
1624 3327 1796 3416 agendam
1812 3325 2038 3415 ingrediaris.
2086 3328 2181 3421 Quod

148 3444 304 3519 tiautur,
326 3443 369 3501 ut
388 3427 557 3498 formicae
581 3426 688 3496 etiam
712 3427 841 3496 robore
863 3425 973 3495 animi
996 3425 1144 3494 summis
1194 3431 1226 3501 si
1249 3455 1306 3499 me
1328 3430 1395 3500 tibi
1415 3427 1638 3508 adiunxeris,
1670 3430 1798 3499 ducam
1820 3441 1855 3498 te
1878 3429 2181 3504 iucundissimaet

150 3542 238 3617 viris
251 3544 441 3631 praestent.
491 3526 542 3599 Et
556 3523 619 3598 has
633 3529 713 3599 ideo
728 3527 862 3599 intueri
877 3530 986 3612 iubet,
1008 3541 1048 3597 ut
1063 3552 1144 3597 cum
1194 3533 1363 3604 facillima
1393 3533 1463 3605 via.
1515 3529 1623 3600 Nulla
1654 3553 1712 3599 res
1741 3530 1899 3601 iucunda
1922 3545 1992 3618 est,
2025 3559 2099 3630 qna
2119 3556 2180 3607 nott

147 3642 306 3717 viderint
325 3646 461 3705 tantam
482 3631 555 3699 vim
577 3629 768 3701 vilissimae
787 3630 957 3699 bestiolae
971 3630 1145 3699 divinitus
1196 3635 1340 3728 potieris
1361 3647 1396 3705 et
1416 3633 1614 3704 molestiam
1638 3633 1775 3703 nullam
1798 3634 2020 3726 perpetieris.
2070 3636 2181 3733 Neque

149 3750 270 3819 datam
296 3760 391 3819 esse,
420 3744 542 3825 petant
572 3745 607 3802 et
631 3731 717 3823 ipsi,
750 3746 1001 3825 expectentque
1023 3758 1042 3802 a
1066 3730 1143 3802 Deo
1196 3739 1292 3808 enim
1318 3750 1381 3808 aut
1407 3736 1518 3821 bella,
1553 3749 1614 3806 aut
1638 3734 1707 3804 alia
1730 3735 1851 3826 gravia
1873 3739 2021 3826 negocia
2039 3741 2181 3825 curabit,

148 3847 302 3923 similem
321 3835 558 3909 constantiam
575 3834 870 3929 industriamque.
921 3834 991 3906 Sed
1013 3837 1057 3905 de
1076 3830 1145 3905 hoc
1194 3843 1255 3912 sed
1272 3837 1468 3910 hocunum
1485 3837 1656 3928 cogitabis
1671 3862 1711 3907 ac
1727 3861 1892 3931 quaeres,
1914 3841 1979 3911 ubi
1996 3845 2183 3917 anteibunt

147 3964 224 4027 toto
233 3940 382 4016 locoalii
392 3937 660 4010 rectiusdicent.
691 3935 889 4008 Vosautem
899 3939 1025 4030 optimi
1035 3937 1143 4012 Com·
1195 3958 1257 4015 aut
1278 3956 1403 4036 potum
1425 3941 1624 4012 suaviorem
1648 3940 1828 4025 invenias,
1854 3955 1915 4012 aut
1929 3945 2029 4036 quod
2044 3947 2184 4021 delectet

148 4052 351 4128 militones,
377 4040 547 4135 quoniam
568 4040 617 4109 ita
639 4041 764 4113 iubent
786 4064 902 4112 sacrae
918 4042 1060 4127 literae,
1085 4041 1144 4111 in·
1196 4047 1338 4129 oculos,
1363 4059 1425 4116 aut
1439 4046 1536 4117 unde
1552 4043 1753 4113 olfaciendo
1769 4057 1831 4114 aut
1844 4049 2184 4147 tangendosliqnsm

149 4148 300 4227 tuemini
316 4145 503 4227 formicas,
522 4153 652 4212 etcum
670 4144 819 4214 aliarum
837 4145 1009 4215 virtutum
1026 4168 1145 4214 exem-
1195 4151 1414 4241 voluptatem
1429 4146 1613 4239 percipias,
1640 4160 1702 4216 aut
1715 4146 1779 4216 ubi
1794 4149 1975 4218 amoribus
1988 4153 2184 4242 perfruaris,

149 4255 208 4353 pla
230 4253 276 4324 ab
299 4248 350 4318 eis
371 4247 498 4339 petite,
523 4257 600 4314 tum
619 4245 658 4314 in
678 4248 803 4337 primis
824 4272 948 4317 earum
970 4247 1144 4319 sedulita-
1195 4266 1257 4323 aut
1280 4253 1460 4345 quomodo
1482 4249 1692 4319 mollissime
1708 4251 1833 4330 cubes,
1858 4263 1893 4321 et
1910 4257 2096 4345 womodo
2110 4253 2186 4328 hs'sc

148 4374 221 4433 tem
243 4351 440 4442 exprimere
461 4349 676 4419 contendite·
742 4347 889 4421 Etenim
912 4350 942 4419 si
964 4351 1020 4420 vel
1043 4351 1143 4421 nulla
1194 4356 1316 4427 omnia
1337 4355 1415 4424 sine
1437 4352 1559 4446 aliquo
1574 4352 1697 4422 labore
1711 4354 1949 4445 consequaris.
2002 4353 2054 4428 Et
2069 4361 2187 4456 siquis
2226 4354 2231 4391 ⁴·

148 4456 332 4555 proposita
354 4464 469 4521 essent
491 4449 595 4519 uobis
611 4451 743 4522 laboris
759 4454 872 4524 nostri
890 4454 1066 4544 praemia,
1090 4467 1143 4523 ta·
1194 4456 1364 4530 inciderit
1384 4469 1498 4526 metus
1521 4454 1702 4545 egestatis,
1730 4478 1804 4523 non
1819 4458 1982 4549 estquod
1998 4460 2188 4535 timeasme

148 4584 232 4635 men
255 4555 427 4653 quoniam
447 4550 545 4622 Deus
572 4555 804 4647 praecipitat
827 4556 1047 4640 laboremus,
1081 4580 1145 4647 pa·
1194 4561 1261 4632 tibi
1297 4559 1434 4653 aliquid
1471 4558 1605 4627 laboris
1634 4557 1882 4648 imposituram
1911 4583 2004 4646 esse,
2045 4566 2188 4637 efficiam

148 4688 228 4737 rere
240 4660 341 4731 illius
355 4656 435 4727 voci
446 4655 671 4730 debebamus.
705 4656 810 4728 Nunc
820 4673 935 4730 autem
948 4659 1144 4729 cumetiam
1195 4664 1303 4749 enim,
1327 4675 1370 4733 ut
1385 4661 1515 4731 fruaris
1529 4656 1596 4745 his,
1622 4684 1713 4753 quae
1726 4659 1842 4730 alieno
1859 4661 1981 4733 labore
1996 4668 2098 4756 parts
2111 4683 2190 4743 sunt

149 4778 248 4839 tanta
279 4759 438 4855 praemia
461 4759 641 4849 proposita
664 4759 756 4840 sint,
790 4786 880 4853 quac
904 4775 956 4832 est
978 4761 1145 4843 amentia,
1196 4768 1234 4835 in
1259 4777 1440 4858 promptu.
1492 4761 1564 4833 Nec
1586 4763 1659 4833 ulla
1684 4786 1722 4831 re
1744 4763 1940 4833 abstinebis
1962 4771 2062 4840 unde
2085 4774 2189 4843 modo

148 4880 330 4943 tautamm
347 4885 466 4932 rerum
484 4860 729 4951 magnitudine
742 4887 816 4932 non
833 4865 973 4934 excitari
989 4877 1052 4936 aut
1066 4864 1165 4933 acui.
1195 4892 1313 4960 speres
1343 4879 1377 4936 te
1407 4866 1565 4959 aliquam
1594 4865 1813 4956 voluptatem
1840 4889 1942 4956 posse
1968 4868 2190 4947 lucrifacere:

150 4972 195 5043 ad
225 4962 410 5037 laborem?
459 4960 521 5032 Nil
551 4962 629 5032 siue
656 4988 783 5051 magno
807 4966 878 5036 vita
902 4967 1024 5036 labore
1047 4966 1147 5038 dedit
1198 4969 1381 5062 egoenim
1400 4970 1489 5038 meis
1504 4968 1686 5039 sodalibus
1697 4980 1903 5060 potestatem
1918 4971 2010 5042 facio
2021 4978 2192 5049 exomni·

149 5069 382 5146 mortalibus,
407 5062 660 5159 inquitPoila·
709 5063 868 5136 Proinde
883 5066 995 5138 nolite
1009 5083 1146 5160 putare,
1196 5077 1265 5144 bus
1287 5074 1393 5143 rebus
1414 5071 1615 5163 voluptates
1637 5072 1834 5161 decerpere.
1898 5069 1997 5145 Haec
2019 5072 2192 5153 Hercules

149 5176 228 5246 sine
247 5192 376 5260 magna
396 5167 511 5237 animi
524 5165 755 5238 contentione
770 5168 845 5240 ulla
862 5171 955 5239 vitae
969 5172 1146 5261 praesidia
1196 5177 1364 5260 audiens,
1397 5174 1532 5267 inquit:
1569 5172 1722 5258 Mulier,
1752 5175 1848 5266 quod
1872 5188 1924 5247 est
1946 5176 2014 5247 tibi
2033 5183 2191 5255 nomeu?

149 5295 355 5366 comparare
369 5292 433 5340 vos
448 5283 509 5341 aut
525 5269 677 5340 retinere
692 5292 804 5360 posse.
856 5269 937 5360 Qua
952 5273 996 5342 de
1012 5298 1145 5344 recum
1198 5278 1295 5349 Tum
1326 5278 1421 5348 illaz·
1438 5275 1514 5348 Mei
1545 5277 1684 5347 sodales
1713 5290 1842 5347 vocant
1860 5300 1919 5348 me
1938 5276 2190 5358 Foelicitatem·

148 5399 275 5451 omnes
288 5373 451 5444 omnium
468 5373 655 5443 doctorum
667 5371 829 5443 virorum
845 5374 930 5443 libri
948 5376 1047 5465 pleni
1060 5375 1146 5458 sint,
1197 5380 1272 5470 Qui
1292 5405 1349 5451 me
1371 5392 1627 5472 aspernantur,
1653 5391 1782 5451 vocant
1803 5403 1859 5450 me
1882 5377 2078 5471 Ignaviam.
2128 5387 2192 5459 ln·

150 5493 188 5552 et
215 5476 338 5549 relecti
365 5469 437 5547 boc
456 5495 585 5565 genere
605 5467 912 5563 exhortationum,
944 5500 1010 5569 ego
1031 5479 1147 5564 vobis,
1197 5499 1292 5556 terea
1321 5483 1465 5554 accessit
1493 5482 1662 5556 etaltera
1686 5482 1832 5569 mulier,
1866 5483 2040 5580 dixitquez
2073 5487 2189 5563 Venio
