4664 6022
234 303 307 379 sos
552 291 1058 375 oucunumero
1099 237 1964 380 aarumsaucrmrcauosuc.
2066 352 2069 356 >
2211 303 2285 381 soa

235 478 306 552 tari
321 475 532 568 significatio
549 475 679 546 summi
694 473 826 543 amoris
844 496 926 563 erga
945 492 1012 540 nos
1032 469 1105 556 tui,
1130 493 1237 564 quam
1289 481 1364 540 tum
1382 484 1543 542 sanctum
1558 470 1596 539 in
1616 484 1757 563 pectora
1771 468 1973 563 hominum,
1997 489 2039 549 ut
2051 476 2092 547 in
2109 476 2160 548 eis
2174 476 2288 548 lucem

237 576 331 652 baec.
342 581 418 675 ipsa
436 577 756 649 commemoratio?
781 601 889 671 quam
904 574 1048 670 quidem
1066 587 1186 666 postea
1203 587 1238 643 et
1289 585 1323 642 et
1341 573 1544 658 veritatem,
1570 574 1700 660 idest,
1725 575 1945 650 intellectum
1972 581 2148 651 sermonis
2173 580 2288 651 divini

193 762 195 766 ,
236 686 412 777 sauguine
428 697 491 754 tuo
508 679 720 770 obsignasti.
1288 677 1466 744 accendat.
1501 674 1603 746 Sicut
1618 677 1707 748 alibi
1720 679 1869 750 dicitur:
1896 677 2138 774 Evangelium
2155 697 2209 754 est
2225 708 2288 776 po-

262 826 265 833 *
337 786 491 879 Superat
504 785 666 854 omnium
683 782 891 874 angelornm
907 795 941 853 ct
957 775 1146 850 hominum
1162 779 1237 849 elo-
1288 777 1399 877 tentia
1408 776 1475 850 Dei
1490 779 1536 848 ad
1551 779 1702 851 salutem
1718 783 1817 851 omni
1833 785 2007 862 credenti.
2034 785 2143 859 ltem:
2166 783 2288 857 Evau-

235 890 419 988 quentiam
451 886 637 980 explicatio
667 880 795 955 harum
826 885 1061 954 maximarum
1098 906 1235 953 rerum:
1288 881 1421 971 galium
1448 895 1500 952 est
1522 882 1760 955 ministerium
1784 886 1941 978 spiritus.
1993 885 2160 960 Primum
2182 890 2286 981 igitur

235 1018 346 1091 quare
370 984 461 1061 mihi
484 990 626 1059 veniam
651 991 750 1073 date,
783 1001 855 1058 tam
880 987 1036 1058 tenuiter
1056 988 1101 1056 de
1127 988 1234 1056 rebus
1288 978 1347 1054 hie
1362 986 1407 1053 de
1424 985 1616 1058 ministerii
1630 987 1784 1058 efficacia
1802 1012 1869 1059 nos
1886 991 2007 1061 doceri
2023 993 2162 1066 scitote.

236 1096 345 1171 tantis
361 1095 506 1165 dicenti.
558 1090 612 1163 ac
629 1116 738 1184 pene,
776 1106 818 1162 ut
843 1092 906 1160 illa
932 1091 1062 1160 mulier
1085 1089 1125 1158 in
1141 1087 1236 1159 Tra·
1390 1083 1656 1179 Comprehensa
1671 1103 1723 1161 cst
1739 1084 1797 1159 hic
1813 1092 1943 1162 deinde
1959 1107 1995 1164 et
2010 1088 2098 1165 haec
2114 1095 2284 1167 doctrina.

236 1199 362 1291 goedia
376 1198 479 1267 dicit:
504 1194 602 1266 Haec
616 1196 723 1266 unica
740 1207 791 1264 est
807 1217 884 1263 mca
898 1192 1101 1286 eloquentia
1115 1191 1154 1260 in
1168 1186 1235 1263 hac
1287 1185 1445 1260 Ecclesia
1464 1191 1514 1262 sic
1529 1193 1574 1262 ad
1592 1216 1789 1263 sermonem
1800 1191 1869 1265 Dei
1885 1197 2026 1287 alligata
2043 1213 2117 1284 est,
2143 1211 2185 1269 ut
2200 1197 2285 1268 nulli

234 1301 520 1375 consideratione
537 1299 761 1368 miseriarum
781 1292 961 1367 Ecclesiae
986 1311 1021 1367 et
1040 1295 1173 1366 amoris
1195 1318 1236 1364 ac
1288 1293 1405 1364 cultus
1420 1307 1517 1365 extra
1532 1289 1628 1366 hunc
1648 1319 1850 1367 sermonem
1875 1298 2053 1386 instituti,
2088 1301 2185 1371 nulli
2213 1325 2286 1370 coc-

158 1446 160 1451 ·
235 1403 475 1478 solicitudinis
497 1402 662 1481 liliiDei,
685 1401 823 1470 adferre
847 1394 1046 1493 lachrymas
1068 1410 1102 1468 et
1123 1398 1236 1488 gerni·
1288 1410 1345 1465 tus
1365 1396 1442 1465 sine
1466 1393 1534 1492 hoc
1554 1421 1717 1469 sermone
1738 1400 1896 1486 collecti,
1920 1402 1998 1473 Deo
2020 1404 2204 1496 placeant:
2231 1406 2283 1474 sed

235 1524 304 1585 tus.
357 1504 432 1575 Vos
449 1519 566 1576 autem
583 1504 687 1574 valde
707 1527 771 1574 oro
788 1515 823 1572 ct
836 1504 1013 1587 obtestor,
1037 1516 1078 1573 ut
1092 1495 1161 1571 hoc
1177 1525 1236 1570 ca-
1289 1494 1327 1568 hi
1351 1512 1471 1570 coetus
1495 1514 1634 1572 tanturn
1657 1502 1729 1572 sint
1743 1527 1827 1573 vera
1843 1501 1911 1574 Dei
1927 1501 2109 1587 Ecclesia,
2136 1507 2284 1577 ubicun-

233 1625 300 1707 put
314 1611 353 1679 in
369 1607 575 1679 narratione
590 1607 734 1677 loannis
759 1628 863 1695 saepe
886 1605 1028 1695 legatis,
1054 1617 1088 1674 et
1112 1605 1235 1675 crebra
1288 1626 1357 1696 qua
1380 1614 1480 1688 sunt,
1519 1603 1558 1672 in
1582 1605 1713 1698 quibus
1736 1631 1803 1676 vox
1829 1601 2015 1698 Evangelii
2041 1625 2148 1681 sonat
2173 1610 2281 1680 incor-

233 1713 447 1808 repetitione
466 1711 682 1781 confirmetis
706 1710 745 1777 in
761 1707 865 1778 vobis
883 1707 1007 1793 fidem,
1034 1731 1104 1802 qua
1128 1708 1237 1777 bene·
1289 1719 1403 1798 rupta.
1468 1704 1553 1777 Non
1574 1722 1659 1778 sunt
1680 1708 1791 1799 igitur
1812 1703 1971 1780 Ecclesia
1995 1707 2085 1799 Dei,
2128 1708 2279 1784 homines

234 1818 313 1889 licia
344 1816 410 1885 filii
433 1811 502 1885 Dei
536 1813 648 1903 accipi
676 1825 836 1904 oportet,
871 1834 1005 1904 vosque
1034 1810 1236 1881 exuscitetis
1289 1808 1423 1897 ignari,
1448 1824 1509 1880 aut
1533 1805 1650 1881 hostes
1666 1805 1872 1902 Evangelii,
1899 1838 2117 1909 quocunqne
2142 1817 2279 1886 nomine

235 1924 282 1994 ad
310 1917 560 2010 cogitationem
589 1918 634 1985 dc
660 1916 808 1985 summis
836 1914 961 2000 rebus,
999 1914 1105 1985 etad
1132 1913 1236 1983 invo-
1287 1911 1525 2005 adpellantur.
1578 1911 1701 1984 Palam
1717 1909 1835 1986 hostes
1849 1910 1984 1988 Christi
2000 1931 2086 1989 sunt
2097 1914 2279 1989 Mahomc-

235 2024 422 2097 culionem·
1097 2025 1106 2033 ”
1288 2015 1408 2100 tistae,
1449 2016 1533 2109 quia
1563 2040 1640 2087 non
1671 2018 1936 2090 sanctificantur
1964 2044 2131 2091 sermone
2155 2022 2281 2097 divino.

338 2121 479 2195 decedo
497 2135 615 2193 autem
631 2144 730 2192 nunc
745 2116 905 2213 ad-hanc
922 2134 1078 2209 partem,
1104 2119 1149 2188 de
1166 2140 1237 2211 qua
1287 2114 1342 2188 De
1365 2111 1442 2205 his,
1477 2142 1559 2189 cum
1582 2134 1702 2212 aperte
1725 2121 1960 2212 profiteantur
1986 2146 2023 2194 se
2054 2120 2176 2196 hostes
2208 2149 2279 2208 esse,

235 2227 490 2323 inpraesentia
507 2225 828 2317 praecipuedicere
844 2223 953 2293 volui.
1003 2221 1126 2306 Pater,
1152 2242 1236 2290 san·
1288 2240 1364 2291 non
1380 2234 1432 2291 est
1447 2246 1537 2315 opus
1553 2222 1658 2314 longa
1672 2223 1845 2296 oratione.
1893 2222 1951 2296 llli
1969 2222 2092 2298 hostes
2107 2228 2277 2300 difficilius

232 2332 349 2404 ctitica
362 2353 421 2401 eos
435 2330 474 2398 in
491 2329 642 2399 veritate
664 2341 746 2413 tua,
772 2351 889 2396 sermo
913 2339 995 2395 tuus
1019 2338 1072 2395 est
1093 2323 1234 2398 veritas.
1288 2338 1542 2415 agnoscuntur,
1568 2327 1632 2421 qui
1650 2327 1687 2395 in
1698 2323 1856 2397 Ecclesia
1873 2329 2119 2416 dominantur,
2147 2333 2277 2427 quisibi

233 2430 355 2506 Verba
371 2448 512 2524 sumpta
527 2445 611 2503 sunt
633 2455 674 2500 ex
695 2429 769 2501 ritu
795 2429 857 2523 qui
881 2428 1094 2498 describitur
1116 2427 1156 2495 in
1178 2451 1236 2497 ca·
1288 2432 1575 2500 commendatum
1593 2452 1666 2501 esse
1680 2429 1918 2501 ministerium
1935 2434 2089 2503 docendi
2101 2432 2275 2527 Evangelii

232 2539 307 2632 pite
321 2550 446 2608 octavo
464 2535 550 2605 libri
568 2534 685 2628 quarti
702 2531 841 2628 Moysi,
868 2532 933 2602 ubi
951 2531 1051 2602 iubet
1066 2527 1163 2601 Deus
1180 2553 1236 2599 se·
1288 2530 1472 2602 ordinario
1501 2531 1580 2602 loco
1611 2532 1793 2619 iactitant,
1833 2537 1930 2627 quod
1955 2537 2103 2629 quidem
2130 2563 2211 2609 vere
2228 2538 2273 2608 di·

231 2639 368 2736 parari,
408 2637 620 2709 sanctificari
642 2649 676 2706 ει
700 2635 824 2705 offerri
848 2633 1036 2705 Levitasa
1069 2633 1236 2725 pontifice
1288 2647 1392 2705 cunt:
1415 2636 1477 2704 sed
1492 2634 1589 2704 illam
1604 2635 1718 2728 ipsam
1734 2660 1857 2707 vocem
1874 2641 2164 2713 commendatam
2182 2641 2270 2711 mini-

230 2728 412 2817 Abarone.
476 2738 537 2811 Ad
570 2734 668 2809 hunc
701 2752 826 2833 typum
854 2737 1019 2827 congruit
1051 2737 1123 2805 iam
1147 2729 1235 2805 haec
1288 2736 1397 2807 sterio
1429 2738 1651 2828 evangelico,
1684 2734 1942 2830 sophismatum
1972 2744 2179 2837 praestigiis
2206 2768 2267 2817 ωε.

231 2840 324 2917 actio
348 2845 413 2915 tilii
430 2843 515 2914 Dei.
568 2835 688 2911 Offert
709 2836 768 2911 hie
789 2863 948 2910 summus
972 2840 1135 2908 sacerdos
1160 2837 1236 2930 pri·
1288 2853 1477 2930 rumpunt,
1504 2854 1538 2911 ct
1561 2841 1600 2910 in
1615 2836 1775 2911 Ecclesia
1798 2864 1956 2931 errores,
1990 2846 2122 2918 falsam
2148 2849 2264 2919 invoa.

189 2993 192 2999 .
233 2973 333 3019 mum
364 2969 438 3017 sese
469 2957 615 3015 aeterno
634 2942 748 3036 patri:
785 2942 915 3011 deinde
941 2940 974 3010 ei
997 2955 1031 3012 ct
1053 2940 1235 3012 ministros
1288 2940 1443 3024 tionem,
1485 2955 1519 3014 et
1545 2942 1641 3015 idola
1666 2944 1871 3016 stabiliunt:
1913 2963 1954 3020 ut
1973 2948 2116 3025 faciunt
2142 2952 2191 3046 qui
2208 2945 2260 3019 huc

231 3047 421 3141 Evangelii
450 3071 491 3117 ac
526 3046 730 3116 universam
763 3041 959 3116 Ecclesiam
999 3045 1234 3117 commendat.
1288 3058 1446 3138 tempore
1479 3046 1590 3116 edunt
1618 3047 1757 3118 fucosae
1782 3049 2069 3123 confirmationes
2094 3054 2268 3124 multorum

232 3151 337 3224 Hanc
353 3150 565 3222 sanctificari
580 3163 674 3228 orat,
702 3149 834 3229 idest,
862 3174 881 3216 a
907 3141 1105 3240 prophanis
1127 3148 1234 3218 rebus
1289 3162 1448 3219 veterum
1489 3149 1685 3235 abusuum,
1724 3154 1994 3224 commenticiae
2032 3157 2274 3249 adplicationcs

233 3256 360 3343 eximi,
386 3254 480 3325 etad
495 3252 749 3323 usus'divinos
770 3251 975 3336 transferri,
994 3250 1127 3342 recipi,
1152 3273 1235 3342 per·
1287 3275 1417 3322 coenae
1442 3248 1592 3322 Domini
1618 3278 1683 3346 pro
1713 3253 1815 3341 aliis,
1856 3256 2104 3331 invocationes
2131 3274 2278 3332 monuo.

230 3360 336 3431 fundi
353 3357 476 3428 divina
493 3356 592 3440 luce,
617 3368 658 3425 ut
681 3370 774 3425 recte
796 3367 980 3444 agnoscat,
1008 3354 1171 3439 invocet,
1199 3368 1233 3425 et
1288 3379 1387 3441 rum,
1422 3367 1456 3424 et
1479 3356 1673 3427 multarunt
1697 3356 1848 3428 aliarum
1871 3361 2183 3451 superstitionum.
2235 3360 2278 3434 lli

232 3463 397 3534 doctrina
413 3474 447 3530 et
463 3459 610 3530 caeteris
623 3457 750 3527 officiis
766 3454 884 3526 Deum
899 3457 1070 3542 celebret,
1094 3470 1135 3526 ut
1150 3479 1233 3526 vera
1288 3482 1352 3550 pro
1369 3481 1460 3552 aqua
1476 3456 1615 3530 lustrali
1630 3462 1810 3552 conspersi
1826 3478 1910 3535 sunt
1922 3460 2132 3555 sophistica,
2155 3482 2191 3540 ct
2201 3467 2279 3538 alios

232 3566 366 3637 noticia
384 3564 459 3633 eius
474 3562 544 3632 late
560 3575 755 3653 spargatur.
1288 3561 1411 3630 eadem
1427 3584 1518 3654 aqua
1535 3561 1676 3634 lustrali
1699 3579 1947 3656 conspergunt.
1999 3566 2143 3641 Nolunt
2162 3570 2280 3642 saneti.

335 3666 433 3738 Petit
446 3679 564 3735 autem
580 3679 620 3734 ut
637 3663 903 3733 sanctificentur
922 3685 999 3734 non
1021 3660 1162 3731 umbris
1183 3661 1236 3730 ri·
1288 3663 1384 3734 ficari
1399 3664 1564 3747 veritate,
1590 3689 1651 3736 scu
1669 3689 1832 3737 sermone
1848 3669 1982 3740 divino.
2036 3671 2117 3743 lmo
2135 3675 2206 3768 ipsi
2218 3697 2280 3745 ser-

231 3786 333 3842 tuum
350 3764 548 3852 Aharonis,
575 3791 650 3836 non
672 3790 763 3860 aqua
785 3766 945 3845 lustrali,
972 3788 1047 3833 non
1066 3764 1235 3834 radendis
1288 3765 1386 3836 moni
1402 3766 1526 3835 divino
1543 3767 1654 3862 impia
1672 3768 1819 3840 andacia
1833 3772 1985 3844 miscent
2001 3796 2067 3844 sua
2088 3801 2239 3851 venena.

230 3875 343 3968 pilis,
376 3871 540 3942 lavandis
567 3870 741 3955 vestibus,
782 3892 857 3937 non
880 3868 1094 3938 mactatione
1120 3866 1234 3954 bovis,
1390 3868 1498 3939 Tales
1513 3870 1543 3940 si
1559 3864 1631 3942 huc
1648 3872 1856 3965 irruperint,
1882 3874 2046 3946 vitandos
2061 3902 2139 3952 esse
2159 3881 2278 3953 sciatis:

231 4000 306 4046 non
321 3976 495 4046 libatione
511 3987 546 4043 et
563 3974 737 4064 placenta.
790 3968 875 4041 Non
890 3972 962 4040 iam
986 3972 1030 4039 de
1053 3964 1111 4038 his
1132 3971 1235 4061 fuga·
1287 3983 1321 4040 et
1338 3985 1379 4043 ut
1401 3972 1513 4043 vitare
1529 3975 1688 4066 possitis,
1711 3977 1829 4047 sontes
1844 3977 2028 4073 doctrinae
2042 3997 2142 4056 recte
2160 4009 2280 4077 cogno·

232 4081 334 4150 cibus
350 4091 387 4149 et
403 4075 695 4148 evanescentibus
710 4073 847 4144 umbris
862 4073 1026 4167 loquitur
1039 4068 1099 4143 hic
1111 4072 1234 4144 noster
1286 4073 1407 4144 scendi
1423 4089 1517 4149 sunt.
1567 4074 1659 4147 Nam
1678 4074 1745 4148 hoc
1767 4096 1992 4172 praeceptum
2011 4085 2122 4157 etiam
2140 4087 2279 4159 indicto

232 4181 407 4261 sacerdos,
434 4180 550 4249 iturus
567 4179 610 4247 ad
629 4201 797 4267 agonem,
823 4201 895 4269 quo
912 4177 1035 4246 nullus
1053 4177 1092 4244 in
1105 4199 1234 4266 genere
1286 4172 1437 4250 Christi:
1464 4178 1590 4251 Sermo
1615 4194 1698 4251 tuus
1719 4195 1770 4251 cst
1788 4183 1935 4265 veritas,
1959 4183 2279 4280 comprehenditur,

232 4278 393 4354 humano
412 4282 482 4352 fuit
506 4280 623 4349 maior
646 4294 680 4350 et
695 4279 909 4349 terribilior:
934 4281 994 4349 sed
1011 4280 1101 4370 petit
1113 4294 1233 4351 utve-
1285 4293 1325 4350 ut
1341 4276 1438 4351 hunc
1452 4304 1652 4353 sermonem
1667 4283 1841 4376 legamus,
1869 4274 2078 4375 audiamus,
2100 4293 2278 4367 discamus.

229 4387 292 4472 ris,
317 4384 544 4457 durabilibus
563 4396 598 4452 et
614 4382 766 4452 aeternis
784 4383 889 4453 bonis
905 4396 1054 4452 ornetur
1062 4377 1234 4470 Ecclesia,
1284 4379 1335 4452 Hi
1361 4385 1501 4454 labores
1525 4384 1678 4476 pucriles
1700 4388 1842 4478 legendi
1864 4404 1897 4459 et
1912 4391 2095 4481 discendi,
2122 4390 2185 4467 hic
2199 4421 2278 4491 qno·

230 4514 313 4560 vera
329 4489 408 4559 luce
423 4504 457 4559 et
472 4485 646 4577 sapientia
663 4499 757 4557 recte
771 4500 981 4575 agnoscente
996 4486 1130 4560 Deum.
1285 4511 1354 4579 que
1371 4487 1654 4579 praecipiuntur:
1683 4513 1751 4583 qua
1773 4490 1812 4559 in
1840 4516 1877 4560 re
1901 4494 2010 4563 nimis
2027 4520 2160 4589 magua
2175 4500 2278 4590 negli-

333 4587 388 4661 Ac
411 4613 494 4660 mox
516 4588 617 4658 addit
637 4588 985 4680 interpretationem,
1012 4589 1100 4682 quid
1127 4602 1233 4681 petat,
1285 4590 1402 4679 gentia
1428 4602 1480 4660 εει
1495 4591 1721 4678 multorum,
1749 4595 1810 4686 qui
1833 4594 1890 4665 vel
1917 4620 1980 4688 per
2004 4597 2278 4688 ignaviam,ch

230 4707 265 4765 et
286 4717 378 4788 quae
403 4692 448 4761 sit
471 4691 586 4763 multo
600 4691 840 4783 praestantior
855 4716 947 4785 aqua
963 4691 1121 4761 lustrali:
1147 4689 1232 4762 Ser·
1284 4705 1430 4784 propter
1453 4715 1556 4761 curas
1581 4693 1631 4761 rei
1652 4695 1857 4782 familiaris,
1883 4684 2059 4771 omittunl
2080 4703 2277 4776 lectionem:

230 4814 291 4866 mo
322 4810 405 4866 tuus
431 4807 484 4864 εει
504 4794 647 4867 veritas.
715 4792 1131 4866 Breveoraculumest:
1170 4796 1231 4864 sed
1286 4809 1319 4864 ct
1335 4795 1432 4888 quod
1450 4793 1699 4866 stultissimum
1717 4815 1788 4885 est,
1815 4801 1995 4873 somniant
2014 4827 2051 4872 se
2068 4808 2214 4896 penitus
2228 4833 2278 4879 cx·

228 4899 330 4971 nulla
360 4909 457 4970 tanta
489 4910 540 4966 εει
570 4897 774 4990 eloquentia
797 4899 1007 4985 angelorum
1032 4911 1094 4967 aut
1113 4891 1232 4967 homi·
1284 4893 1444 4966 hausisse
1474 4909 1583 4966 totam
1615 4901 1823 4991 sapientiam
1851 4903 2026 4974 librorum
2058 4905 2277 5002 prophetico.

229 5027 337 5084 num,
380 5024 471 5094 quae
501 4995 609 5070 huius
642 5000 728 5069 dicti
761 5000 1034 5089 amplitudinem
1066 5000 1231 5069 evolvere
1283 5024 1363 5070 rum
1380 5013 1415 5069 et
1430 5000 1718 5091 apostolicorum.
1771 5003 1867 5074 Haec
1883 5011 2085 5098 arrogantia
2103 5014 2209 5084 valde
2224 5017 2278 5084 dc·

230 5106 350 5196 possit.
388 5100 557 5174 Dicemus
572 5115 690 5171 autem
707 5104 752 5170 ad
768 5124 835 5170 nos
850 5102 1231 5184 commonefaciendus,
1283 5105 1444 5173 testanda
1484 5115 1547 5176 est.
1621 5101 1761 5175 Deinde
1795 5122 1831 5178 et
1865 5103 1935 5178 hoc
1970 5114 2279 5201 considerandum,

232 5222 405 5299 quantum
424 5226 621 5298 possumus.
1282 5229 1389 5297 quam
1407 5206 1535 5276 multas
1557 5208 1604 5278 ob
1628 5233 1749 5279 causas
1770 5211 1875 5281 lectio
1899 5236 1960 5282 seu
1984 5218 2200 5291 auscultatio
2223 5244 2279 5291 ue-

331 5306 492 5376 Primum
517 5302 713 5375 Ecclesiam
740 5306 848 5375 condi
877 5305 1039 5378 adfirmat
1068 5330 1229 5377 sermone
1282 5309 1429 5377 cessaria
1445 5309 1501 5378 sit.

231 5409 380 5509 divino.
422 5404 487 5477 Est
506 5407 615 5497 igitur
632 5408 753 5477 efficax
772 5407 873 5478 Deus
887 5408 928 5477 in
944 5408 1164 5492 ministerio,
1191 5411 1230 5479 in
1385 5408 1547 5481 Primum
1571 5437 1706 5484 summa
1727 5414 1914 5485 doctrinae
1935 5419 2065 5491 ordine
2090 5438 2129 5496 et
2152 5426 2277 5520 integre

233 5536 305 5608 quo
322 5536 389 5581 vox
404 5511 527 5582 divina
544 5525 666 5595 sonat,
694 5506 759 5582 hac
777 5536 862 5582 voce
878 5512 1097 5584 transfundit
1113 5511 1231 5606 Spiri-
1281 5512 1371 5585 disci
1387 5527 1420 5585 et
1437 5510 1692 5607 comprehendi
1710 5539 1785 5586 non
1801 5532 1934 5608 potest,
1968 5523 2041 5596 nisi
2064 5550 2108 5598 ex
2134 5530 2277 5604 lectione
