4664 6022
698 327 863 405 nucu
900 326 977 405 ns
1012 324 1390 406 aesinatae.
1942 438 1946 443 .
1997 324 2078 407 uss

122 513 234 575 tntum
253 495 461 593 philosophi
476 500 586 571 vestri
608 524 794 598 nunquam
810 506 1022 599 periturum,
1076 502 1244 585 conlectis
1261 502 1432 594 paulatim
1446 504 1557 574 ferme
1567 506 1674 575 rebus
1686 506 1856 578 omnibus
1871 502 1984 603 (proh
2000 508 2078 580 eius

123 605 240 679 udices
253 604 365 689 eritis,
384 605 414 674 si
429 605 586 675 studium
602 608 802 678 medicinae
817 609 886 679 civi
904 625 1021 683 vestro
1076 630 1221 701 quoque
1241 608 1295 676 rei
1317 608 1525 676 memoriam
1547 608 1754 697 lugubrem)
1775 611 1821 681 ad
1840 609 1956 681 sidera
1970 610 2078 704 spiri·

123 709 273 781 udinem
291 707 450 801 peperit,
475 732 520 777 an
541 709 659 799 potius
677 725 853 793 astrorum
878 714 1021 804 peritia:
1076 710 1305 781 tumreddis:
1333 734 1460 803 tneque
1477 712 1617 801 penitus
1631 714 1759 782 orbum
1776 712 1989 808 reliquisses,
2005 715 2077 785 uisi

123 834 166 885 ue
178 812 274 881 enim
289 810 426 883 tametsi
444 810 638 903 plurimum
655 828 785 905 operae
797 816 1023 908 impenderit,
1073 815 1242 907 princeps
1276 812 1338 881 ille
1373 813 1638 884 munificentiae
1670 838 1818 886 manum
1844 817 2076 909 porrexisset,

123 916 258 1013 puidem
285 932 435 1005 prorsus·
455 928 607 999 tacetur,
648 911 736 987 haer
769 942 853 989 vero
888 912 1019 989 no'men
1076 918 1214 999 tametsi
1229 914 1360 987 s'ta'tum
1377 928 1477 985 tuum
1487 930 1611 988 nactus
1627 926 1749 993 essem.
1776 918 1874 1009 Quid
1892 920 2077 1013 igiturre-

123 1048 129 1089 t
150 1016 351 1088 immortale
376 1017 525 1109 posteris
546 1016 672 1091 effecit.
726 1018 889 1092 Gaudete
913 1022 1023 1112 igitur
1076 1016 1216 1115 lidu'utu
1242 1032 1337 1101 erat,
1361 1020 1432 1088 nisi
1449 1034 1490 1090 ut
1511 1022 1699 1091 orbitatem
1713 1022 1790 1109 ¹viri
1814 1022 2002 1092 clarissimi
2020 1044 2076 1119 se·

123 1121 234 1195 lavini
257 1119 492 1205 nobilissimi,
525 1121 656 1213 quibus
681 1145 818 1216 semper
843 1126 1020 1195 clarorum
1075 1124 1215 1193 ctarer?
1239 1122 1534 1215 coeptumlpelix
1557 1137 1658 1195 tuum
1683 1148 1749 1216 pro
1765 1126 1905 1197 viribus
1925 1148 2077 1223 exeque-

123 1248 184 1297 um
203 1223 318 1294 studia
336 1223 456 1291 decori
479 1224 591 1294 luere.
643 1224 713 1296 Sed
731 1226 789 1297 vix
808 1226 958 1299 Antonii
978 1230 1022 1299 de
1075 1226 1158 1296 rer?
1188 1224 1286 1297 Duce
1304 1224 1422 1321 itaque
1445 1239 1596 1315 patrono
1614 1228 1795 1296 communi
1814 1226 1967 1300 Romam
1991 1252 2076 1321 pro-

123 1344 151 1402 te
167 1326 267 1400 Uimi
281 1326 486 1395 meminisse
502 1350 693 1418 parumper
712 1331 845 1417 ausim,
869 1334 927 1402 cui
947 1354 1022 1402 non
1075 1328 1199 1414 lectus,
1223 1352 1323 1398 more
1341 1353 1420 1398 meo
1438 1328 1549 1398 literis
1566 1354 1741 1415 exerceor,
1766 1331 1829 1402 uhi
1846 1331 1976 1425 scripta
1993 1331 2075 1424 plu—

123 1432 221 1516 cina,
251 1431 312 1499 sed
336 1440 512 1499 astrorum
539 1430 655 1500 studia
682 1456 814 1503 nomen
836 1438 1020 1505 aeternum
1075 1433 1166 1501 rima
1193 1428 1413 1501 Graecorum
1450 1431 1729 1502 clarissimorum
1761 1436 1806 1503 ad
1841 1435 1962 1504 literas
1993 1456 2074 1504 suas

123 1558 212 1619 uere,
236 1530 284 1602 ita
297 1545 472 1601 nostrates
486 1526 677 1604 hortantur
690 1532 912 1631 philosophi:
938 1562 1021 1607 nam
1075 1536 1262 1606 discendas
1291 1560 1347 1603 me
1378 1534 1551 1615 invitant,
1591 1560 1663 1628 quo
1688 1535 1845 1608 latinitas
1871 1537 1908 1606 in
1934 1536 2074 1619 studiis,

123 1638 250 1709 ritones
279 1647 386 1727 atque
415 1632 540 1704 Gallos
568 1636 606 1704 in
637 1632 706 1708 hoc
736 1642 935 1711 studiorum
962 1664 1022 1731 ge·
1076 1636 1281 1731 praesertim
1308 1632 1580 1722 mathematicis,
1615 1639 1828 1731 locupletior
1854 1642 2073 1709 redderetur.

131 1736 430 1811 celebratissimos
452 1751 687 1829 praeteream,
714 1737 883 1813 Albertus
901 1758 1023 1814 noster
1076 1740 1146 1813 Sed
1161 1754 1202 1811 ut
1221 1740 1331 1809 multa
1346 1740 1490 1811 silentio
1506 1753 1744 1835 praeteream,
1769 1766 1811 1811 eo
1827 1745 1971 1812 tandem
1986 1765 2074 1810 ven-

123 1866 179 1915 tus
190 1841 373 1932 ingenium
389 1862 492 1909 suum
507 1841 690 1912 literarum
705 1846 823 1917 studio
840 1848 1022 1930 idoneum,
1076 1860 1150 1915 tum
1166 1857 1234 1927 est,
1258 1855 1298 1913 ut
1313 1868 1415 1912 causa
1434 1844 1577 1935 quidem
1595 1845 1779 1934 religionis
1794 1841 2022 1916 Christianae
2034 1846 2075 1913 iu

123 1944 398 2018 momiaeautem
408 1946 813 2017 accommodatissimum
825 1949 1021 2041 depromit:
1076 1946 1263 2017 Graeciam
1283 1946 1401 2016 iturus
1424 1947 1469 2017 sit
1493 1944 1670 2016 Dominus
1693 1972 1792 2019 meus
1821 1945 2075 2017 reverendissi-

123 2048 310 2141 mpliorem
332 2046 449 2115 locum
466 2060 586 2117 nostra
602 2049 776 2122 tribueret
792 2055 926 2137 oratio,
952 2053 1023 2121 nisi
1075 2074 1171 2119 mus:
1200 2070 1263 2138 ego
1287 2073 1371 2117 vero
1397 2074 1438 2117 ex
1462 2050 1697 2141 dispositione
1712 2073 1775 2120 sua
1796 2065 1903 2145 atque
1924 2050 2074 2143 imperio

123 2152 161 2229 ‚ia
177 2172 239 2221 sua
254 2149 413 2218 facinora
430 2150 552 2217 orbem
569 2165 682 2221 terrae
696 2154 806 2223 ferme
821 2170 934 2226 totum
952 2158 1021 2224 iam
1076 2152 1114 2221 itt
1138 2148 1205 2222 hoc
1230 2151 1524 2221 excellentissimo
1547 2153 1665 2222 studio
1684 2167 1800 2224 vestro
1823 2154 1933 2243 gratia
1952 2154 2076 2223 litera·

123 2265 355 2327 eustrassent.
408 2249 585 2340 Quocirca
607 2269 687 2345 post
708 2257 882 2347 plurimos
903 2261 1022 2328 natiu-
1075 2280 1155 2323 rum
1173 2258 1500 2347 prosequendarum
1520 2256 1557 2323 in
1580 2278 1718 2345 gregem
1733 2270 1888 2326 vestrum
1911 2257 2074 2347 recipiar.

123 2370 246 2431 austrae
275 2355 534 2445 insignissimus
558 2368 733 2427 astrorum
765 2362 1022 2454 contemplato·
1076 2356 1215 2429 Dabitis
1240 2382 1343 2448 spero
1368 2382 1434 2449 pro
1464 2353 1684 2428 humanitate
1708 2372 1822 2429 vestra
1847 2361 2009 2442 veniam,
2045 2358 2075 2425 si

123 2460 308 2535 tetandem
324 2456 459 2545 Georgi
476 2461 520 2526 de
534 2456 730 2552 Peurpach,
756 2458 1021 2533 Germanorum
1077 2463 1184 2553 paulo
1204 2460 1354 2529 liberius
1370 2460 1508 2550 evagari
1526 2460 1622 2529 visus
1647 2462 1733 2547 sim,
1758 2486 1797 2531 ac
1820 2464 1947 2531 seriem
1973 2482 2076 2553 pere·

123 2587 182 2635 tue
207 2565 314 2631 deeris
342 2561 521 2652 appellare
541 2561 685 2644 iubeor,
720 2566 877 2658 quinon
902 2566 1022 2637 minus
1077 2564 1288 2655 grinatiouis
1314 2588 1411 2633 meae
1431 2564 1672 2654 importunius
1693 2565 1934 2657 expresserim.
1983 2560 2075 2633 Coe-

132 2665 347 2756 integritate,
367 2688 474 2757 quam
491 2659 743 2757 Philosophiae
759 2670 930 2739 doctrinis
946 2672 1024 2763 pol·
1078 2680 1177 2759 ptam¹
1190 2690 1319 2760 quiaeso
1336 2690 1415 2756 erga
1433 2692 1489 2735 me
1511 2668 1793 2737 benevolentiam
1811 2667 2009 2760 producite,
2034 2677 2076 2735 ut

128 2790 139 2841 s
165 2770 206 2839 in
221 2761 483 2839 Mathematicis
500 2780 616 2837 autem
634 2792 758 2839 omnes
782 2771 847 2842 tibi
864 2788 1024 2843 coutem-
1077 2768 1180 2839 licea't
1203 2770 1332 2839 calcem
1355 2769 1528 2851 orationis
1554 2772 1812 2862 aequanimiter
1833 2772 1879 2840 ad
1903 2768 2077 2840 orationis

123 2894 201 2945 reus
222 2871 329 2961 longe
350 2868 526 2949 anteihas,
554 2871 655 2940 cuins
675 2896 806 2943 nomen
824 2898 899 2945 nou
916 2877 1024 2945 modo
1077 2872 1263 2965 periodum
1280 2896 1481 2963 properare.
1532 2868 1664 2941 Parum
1679 2888 1795 2943 autem
1818 2875 1871 2943 lex
1888 2870 2076 2942 divisionis

123 2976 184 3047 tiis
200 2987 342 3044 nostrae
357 2967 519 3041 homines
536 2974 674 3043 cclehre
688 2976 879 3064 ducebant,
898 3000 1023 3048 verum
1077 2970 1269 3067 superioris
1286 2998 1352 3044 rios
1368 2974 1629 3060 rernorabitur,
1655 3000 1746 3070 quae
1763 2990 1917 3047 caeteras
1933 2969 2077 3045 Mathe-

123 3106 132 3151 ι
147 3074 247 3149 Galli
262 3100 302 3145 ac
319 3072 399 3145 ltali
418 3072 644 3146 vehementer
658 3079 824 3149 admirati
842 3096 937 3166 sunt,
962 3081 1024 3175 qui
1077 3077 1196 3147 malici
1212 3077 1349 3167 generis
1366 3090 1481 3166 partes
1494 3077 1604 3147 taceri
1617 3102 1691 3146 nou
1707 3078 1805 3165 sinit,
1829 3102 1982 3173 quarum
1997 3100 2077 3147 eam

126 3182 168 3253 in
184 3181 274 3250 urbe
290 3173 358 3247 hac
376 3178 654 3268 praeclarissima
671 3178 939 3251 Astronomiam
958 3210 1025 3274 pu·
1078 3203 1169 3273 quae
1192 3180 1393 3273 quadruvio
1419 3180 1607 3261 inseritur,
1633 3178 1808 3250 Musicam
1834 3179 1937 3250 lubal
1960 3202 2076 3273 quen-

136 3282 310 3366 docuisti,
336 3280 513 3373 plerisque
536 3278 757 3374 insuperhic
781 3288 1025 3377 praesentibus
1078 3286 1159 3353 dam
1186 3281 1365 3350 invenisse
1387 3283 1556 3351 clamant:
1591 3283 1759 3351 nonnulli
1785 3296 1902 3354 autern
1924 3280 2078 3351 Herme-

123 3412 179 3457 ma
202 3385 364 3476 cognitus
386 3406 442 3466 es,
469 3395 504 3451 et
522 3383 611 3454 visu.
664 3382 719 3455 'l'e
734 3385 874 3457 Vienna
900 3392 1026 3460 docto·
1078 3400 1149 3457 tem
1164 3384 1203 3453 in
1224 3384 1344 3453 littore
1359 3382 1469 3452 maris
1486 3383 1792 3469 deambulantem,
1817 3386 2003 3455 occasione
2024 3398 2078 3455 te-

135 3488 261 3561 artium
293 3486 425 3556 creavit
449 3485 708 3576 dignissimum.
761 3488 816 3560 Te
841 3490 1026 3563 Ladislaus
1079 3488 1233 3558 studinis
1263 3488 1307 3556 ad
1340 3486 1464 3579 pedem
1493 3510 1597 3555 saraam
1629 3486 1847 3571 resonantis,
1879 3486 2077 3580 primordia

130 3588 333 3683 llungariae
348 3612 408 3658 rex
424 3601 668 3660 astronomum
682 3592 750 3661 sibi
766 3593 907 3684 delegit.
940 3592 1024 3665 'l'ibi
1079 3587 1188 3660 huius
1220 3590 1305 3659 artis
1339 3590 1503 3659 statuisse
1531 3600 1719 3661 testantur.
1770 3588 1933 3661 Potiores
1957 3604 2077 3660 tamen

123 3695 231 3767 ericus
256 3692 386 3764 Caesar
417 3716 483 3783 pro
518 3694 712 3764 virtutibus
735 3696 807 3766 tuis
838 3696 1026 3767 numilscus
1079 3707 1197 3786 partes
1211 3686 1320 3763 habet
1333 3687 1553 3787 Pythagoras
1572 3693 1633 3762 ille
1649 3688 1803 3777 Sentius,
1827 3694 1890 3789 qui
1907 3693 2079 3764 instinctu

168 3796 332 3888 Longum
360 3807 449 3865 esset
472 3796 621 3867 recitare
644 3798 805 3887 singulos
830 3796 1026 3892 Principes,
1080 3798 1262 3867 labrorum
1277 3796 1495 3882 rudentium,
1521 3797 1670 3866 eandem
1685 3797 1783 3867 sonis
1798 3796 1885 3888 ipsis
1901 3810 1937 3866 et
1950 3818 2080 3886 corpo-

123 3899 437 3972 inatuaaliectos.
483 3894 626 3970 Omitto
642 3904 737 3994 qrsod
754 3902 921 3973 dominus
936 3900 1027 3973 Car·
1080 3901 1180 3971 ribus
1197 3898 1410 3969 sonantibus
1433 3898 1701 3991 proportionem
1719 3900 1956 3982 essedidicit,
1982 3896 2079 3967 uude

123 4004 162 4075 lia
197 4003 310 4074 suncti
340 3999 437 4070 Petri
466 4001 510 4069 ad
537 4002 680 4073 vincula
714 4028 968 4097 saepenumero
993 4020 1027 4076 te
1080 4027 1180 4074 susm
1205 4002 1334 4096 cuique
1359 4002 1612 4071 consonantiae
1636 4000 1904 4093 proportionem
1922 4000 2081 4083 eliciens,

123 4107 232 4177 aucis
254 4106 329 4175 suis
350 4105 585 4173 adnumerare
601 4106 726 4180 voluit.
778 4104 886 4196 Quod
911 4108 1028 4178 domi-
1081 4120 1190 4177 totam
1215 4118 1394 4198 postremo
1418 4118 1531 4175 artem
1555 4102 1593 4171 in
1613 4104 1772 4174 numerls
1795 4126 1966 4174 sonorum
1992 4124 2081 4173 cou-

124 4206 276 4279 loannes
291 4203 521 4276 l‘aradiensis
542 4202 742 4300 Episcopus
765 4210 878 4285 multa
900 4224 935 4282 te
959 4206 1029 4282 hu·
1081 4210 1283 4281 summavit.
1360 4205 1496 4277 Paucos
1528 4207 1723 4278 admodum
1756 4206 1865 4277 luisse
1890 4206 2081 4297 scriptores

123 4314 201 4384 itate
221 4311 403 4403 amplexus
425 4323 487 4382 est.
546 4308 615 4381 Sed
639 4312 888 4383 Bessarionem
919 4317 1029 4384 bene-
1085 4310 1243 4382 lllusicos
1259 4309 1450 4400 comperio.
1485 4306 1661 4380 Musicam
1678 4306 1797 4379 Boiitii
1815 4308 1918 4379 latini
1934 4304 2080 4385 habent,

126 4440 201 4485 rem
234 4436 459 4483 communem
493 4427 656 4483 nostrum
686 4428 793 4509 atque
825 4431 1031 4509 patronum,
1082 4412 1183 4484 cuius
1204 4414 1398 4483 sententias
1419 4412 1605 4507 plerasque
1623 4410 1773 4483 loannes
1797 4413 1843 4481 de
1861 4410 1978 4480 Muris
1999 4430 2080 4477 suc-

123 4520 308 4614 lquaquam
332 4515 526 4605 praeterire
546 4516 647 4601 licet,
678 4519 810 4612 quippe
831 4522 894 4614 qui
915 4520 1029 4591 excel·
1082 4516 1197 4587 cincte
1220 4514 1422 4585 coadiuvits
1446 4540 1554 4608 quam
1576 4515 1683 4607 plane
1703 4514 1899 4604 intelliget,
1918 4508 2080 4603 qrsisquis

124 4645 164 4692 ae
194 4635 275 4691 tuae
308 4617 552 4689 testimonium
582 4620 746 4709 praebuit
774 4622 936 4693 solenne:
972 4622 1030 4691 in·
1082 4616 1260 4689 decimum
1278 4614 1421 4687 lordani
1436 4618 1651 4688 elementum
1668 4618 1753 4687 satis
1767 4626 1895 4687 teneat.
1940 4610 2081 4682 Musica

123 4748 181 4795 arm
197 4718 354 4816 prolecto
370 4721 584 4806 arbitratus,
609 4736 649 4791 ut
667 4724 761 4795 inter
779 4739 1031 4795 conterraneos
1082 4726 1226 4791 demum
1243 4717 1438 4789 Ptolemaei
1455 4733 1496 4790 ut
1512 4720 1620 4790 latina
1635 4720 1745 4802 lieret,
1770 4716 1938 4788 dominus
1951 4711 2082 4785 Cardi-

129 4828 237 4898 vitam
254 4824 441 4893 obscurius
455 4846 585 4911 ageres,
611 4826 698 4917 quin
717 4823 853 4897 ltaliam
867 4828 1029 4898 omnium
1054 4912 1058 4923 ·
1083 4824 1175 4894 nalis
1190 4820 1302 4893 uncti
1317 4820 1412 4891 Petri
1435 4824 1480 4890 ad
1495 4821 1638 4893 vincula
1663 4834 1794 4895 aestate
1818 4816 1995 4911 superiori
2009 4815 2083 4887 sol-

123 4932 376 5019 iorumgenere
390 4926 679 4997 florentissimam
697 4942 885 5019 repeteres⁴
923 4928 1031 4999 Prin·
1054 4930 1059 5027 j
1084 4927 1204 4997 licitus
1235 4937 1324 4995 erat.
1376 4924 1542 4995 Succedit
1575 4926 1680 4995 etiam
1714 4921 1870 5015 speciosa
1896 4918 2080 4989 mdiorum

137 5033 247 5125 igitur
272 5031 333 5099 ille
349 5028 578 5118 dignissimus
598 5030 803 5120 paciscitur,
826 5045 866 5100 ut
887 5056 957 5099 arara
976 5055 1031 5101 se-
1055 5034 1059 5113 Ι
1084 5028 1274 5099 visualium
1300 5026 1506 5117 disciplina,
1539 5052 1647 5121 quam
1672 5024 1793 5096 Latini
1826 5024 2082 5115 perspectivam

127 5139 171 5207 ad
183 5134 319 5205 ltaliam
336 5136 507 5201 concedas
523 5130 627 5228 (nans
646 5147 731 5202 tunc
746 5134 931 5223 legationis
947 5158 1033 5225 pro-
1085 5143 1231 5201 vocant:
1264 5128 1365 5199 cuius
1388 5129 1556 5199 volumen
1574 5142 1654 5199 octo
1675 5140 1908 5209 tractatuum,
1942 5124 2085 5194 arabico

123 5240 151 5310 ia
165 5238 231 5310 sihi
247 5238 376 5308 tradita
392 5235 459 5304 luit
473 5259 537 5325 per
545 5230 817 5331 allemanniam)
831 5236 1031 5307 collibitum
1085 5234 1270 5303 inventore
1286 5224 1473 5316 dlhacem,
1498 5233 1543 5300 ad
1559 5228 1743 5303 Romanos
1757 5223 1992 5322 philosophos
2010 5238 2084 5295 tra-

131 5342 300 5430 vestigio,
323 5361 440 5431 neque
457 5352 598 5428 pactum
614 5332 681 5407 hoc
702 5362 855 5431 perenne
870 5340 1031 5410 lutumm
1084 5340 1231 5406 ductum
1247 5346 1310 5419 eat,
1331 5357 1412 5403 cum
1427 5334 1550 5403 libello
1568 5356 1634 5403 suo
1649 5336 1697 5403 de
1710 5331 1937 5425 crepusculis.
1967 5326 2084 5396 Vitel-

123 5443 242 5524 icaris,
266 5442 336 5511 uisi
354 5442 551 5511 comestihi
570 5441 708 5525 fierem,
734 5442 797 5537 qui
813 5458 897 5513 tarne
914 5455 949 5513 et
968 5466 1034 5513 au·
1085 5440 1135 5511 lio
1159 5452 1277 5507 autem
1308 5450 1428 5507 noster
1455 5434 1640 5527 Turingus
1670 5436 1830 5507 codicem
1854 5436 1975 5503 decem
2001 5451 2085 5521 par-

123 5544 289 5640 alerisque
309 5542 417 5615 annis
438 5558 519 5614 tuus
547 5544 677 5614 scierim
701 5544 910 5638 discipulus.
962 5544 1032 5617 Sed
1058 5582 1063 5632 t
1084 5544 1176 5615 tium
1195 5537 1362 5612 latinitati
1376 5540 1568 5625 contexuit,
1592 5562 1694 5609 more
1709 5536 1986 5610 Geometrarum
1999 5554 2087 5603 sen·
