4672 6016
76 282 154 359 113
321 318 324 323 ·
610 276 771 355 nuel.
822 276 897 354 DE
927 275 1139 358 PRAEF.
1173 279 1232 353 ΙΝ
1265 275 1593 361 HESIODUM.
2043 292 2116 368 11⁴

70 471 180 545 quam
199 447 362 534 intuens,
387 446 426 516 in
440 468 552 542 eaque
569 446 721 532 defixus,
743 447 790 519 ad
815 444 914 517 illius
937 444 1067 514 simili·
1089 446 1094 472 '
1118 460 1153 517 et
1168 448 1213 517 ad
1229 470 1316 517 usus
1333 459 1474 517 nostros
1499 441 1586 521 haec
1611 474 1732 523 rerum
1754 468 1882 529 natura
1910 462 2054 533 condita
2079 475 2114 535 et

72 554 240 624 tudinem
271 563 382 623 artem
419 561 454 620 et
485 574 632 619 manum
662 548 806 638 dirigit,
858 548 908 619 ita
939 561 974 618 et
1000 571 1066 617 nos
1117 550 1286 620 fabricata
1303 550 1367 634 sit,
1393 550 1567 639 flagitium
1590 566 1641 624 est
1663 555 1755 626 velle
1776 559 1888 632 totius
1910 557 2112 655 pulcherri-

71 666 216 749 oportet
239 654 392 723 formam
416 654 594 748 quandam
620 651 762 724 virtutis
783 651 903 721 animo
933 651 1067 721 inscul·
1118 677 1212 723 maru
1236 652 1388 723 aedificii
1410 653 1585 724 rationem
1610 661 1863 751 contemplari,
1902 667 2108 755 praesertim

69 781 158 853 pere
181 780 288 851 quam
310 755 610 847 contemplemur,
634 767 669 825 et
691 755 730 823 in
752 753 940 824 consilium
960 749 1067 822 adbi-
1117 778 1260 826 cumea
1290 753 1447 845 cognitio
1474 756 1669 847 plurimum
1697 765 1868 834 momenti
1896 768 2033 838 adferat
2063 770 2109 839 ad

70 862 242 945 beamus,
276 857 417 951 quoties
451 860 496 928 de
533 857 695 927 moribus
733 858 848 951 deque
877 851 1065 927 hominum
1117 856 1358 929 valetudinem
1376 863 1677 946 conservandam,
1702 875 1736 932 et
1757 867 1802 935 ad
1822 867 2008 964 plerasque
2021 870 2110 943 alias

71 961 203 1035 officiis
217 961 473 1048 iudicabimus,
500 960 535 1030 id
554 957 603 1030 ita
619 959 699 1040 liet,
725 959 755 1029 si
768 958 985 1051 optimorum
1001 983 1066 1028 au·
1116 961 1208 1031 vitae
1223 975 1337 1051 partes
1352 962 1535 1049 regendas.
1572 961 1664 1051 Quis
1679 979 1731 1036 est
1745 978 1816 1036 tam
1832 971 2107 1069 ferreus,quem
2231 1040 2238 1047 .

71 1081 196 1138 tonrm
218 1076 404 1156 praecepta
429 1063 620 1157 diligenter
646 1061 938 1152 cognoverimus,
965 1075 1000 1132 et
1024 1085 1065 1130 ex
1116 1064 1199 1133 siin
1216 1058 1356 1134 theatro
1370 1064 1507 1149 sedeat,
1522 1089 1602 1133 cum
1620 1066 1805 1155 ludifiunt,
1819 1096 1893 1142 non
1910 1066 2106 1169 aliquando

72 1169 149 1239 illis
172 1180 306 1239 certam
335 1168 515 1261 quandam
547 1165 707 1235 omnium
731 1163 930 1235 officiorum
953 1162 1065 1234 ratio·
1117 1167 1266 1236 incessat
1279 1164 1464 1257 spectandi
1481 1166 1636 1259 cupido?
1662 1182 1792 1239 etcum
1814 1175 1954 1246 nullum
1969 1192 2106 1269 specta-

74 1294 158 1343 nem
193 1270 452 1360 collegerimus.
509 1265 560 1338 Et
584 1281 625 1338 ut
648 1269 770 1340 ferunt
799 1264 950 1338 Zeusem
982 1288 1063 1336 cum
1116 1269 1256 1354 culum,
1288 1268 1381 1337 nulli
1404 1267 1503 1354 ludi,
1536 1269 1617 1362 plus
1640 1273 1832 1365 voluptatis
1853 1290 1915 1348 aut
1939 1280 2106 1353 utilitatis

75 1371 252 1447 Helenam
261 1371 480 1443 Crotoniatis
494 1369 640 1462 pingere
655 1369 883 1455 decrevisset,
908 1393 948 1439 ex
965 1369 1065 1439 omni
1116 1373 1255 1441 adferre
1286 1370 1476 1463 spectatori
1510 1387 1677 1463 possunt,
1707 1400 1813 1469 quam
1848 1373 1934 1450 haec
1957 1394 2106 1454 naturae

72 1499 227 1549 numam
249 1474 430 1567 virginum
460 1472 535 1544 eius
563 1472 665 1543 urbis
692 1472 852 1568 quinque
882 1471 1063 1562 delegisse,
1116 1473 1287 1558 varietas,
1312 1469 1403 1542 mihi
1418 1473 1548 1544 rectius
1567 1475 1647 1546 viva
1670 1479 1840 1550 cadavera
1857 1507 1964 1577 quam
1986 1472 2104 1554 homi-

71 1582 118 1653 ad
141 1601 296 1674 quarum
320 1577 520 1669 exemplum
544 1572 718 1645 Helenam
741 1576 923 1669 pingeret,
948 1573 995 1644 ita
1023 1597 1065 1643 ex
1116 1600 1178 1646 nes
1203 1577 1371 1647 videntur
1393 1577 1615 1668 appellandi,
1647 1574 1687 1648 hi
1710 1581 1773 1673 qui
1795 1606 1911 1677 neque
1935 1599 2105 1672 mentem,

71 1680 278 1755 lectissimis
305 1680 490 1750 autoribus
523 1678 693 1748 debemus
724 1692 855 1749 certam
889 1677 1064 1747 rationem
1116 1703 1231 1773 neque
1255 1679 1377 1749 oculos
1396 1679 1440 1748 ad
1454 1693 1603 1750 naturae
1621 1681 1941 1756 considerationem
1955 1711 2134 1759 conver··

70 1783 223 1857 virtutis
236 1806 437 1875 excerpere,
463 1805 553 1875 quae
568 1780 717 1851 consilia
732 1780 852 1850 omnia
870 1793 992 1851 nostra
1007 1803 1064 1848 re·
1117 1795 1209 1856 tunt.
1261 1780 1444 1852 Postremo
1462 1783 1507 1850 ad
1523 1786 1717 1875 parandam
1734 1787 1918 1859 scientiam
1940 1790 2032 1861 bene
2047 1790 2104 1861 di-

71 1901 134 1981 gat
159 1898 198 1959 et
220 1886 405 1977 gubernet.
462 1878 561 1954 Mihi
586 1897 703 1954 autem
729 1882 894 1974 inprimis
915 1884 962 1952 ad
985 1906 1062 1951 eam
1116 1883 1238 1970 cendi,
1259 1908 1335 1953 non
1360 1907 1487 1975 parum
1512 1886 1649 1957 confert
1670 1885 1864 1976 Hesiodus,
1895 1915 1980 1963 uam
2004 1893 2104 1963 lectis

71 2014 152 2065 rem
167 1988 271 2061 utilis
282 1985 462 2058 Hesiodus
478 1986 637 2072 videtur,
662 1985 745 2078 quia
761 1985 857 2055 inter
877 1984 1066 2079 gnomolo·
1116 1987 1235 2057 verbis
1257 1987 1390 2071 utitur,
1416 2009 1506 2080 quae
1529 1991 1735 2080 tempestive
1753 2007 1939 2086 usurpata,
1965 2010 1998 2067 et
2021 2019 2105 2066 ora-

70 2116 139 2186 gos
160 2076 350 2185 scriptores
378 2090 466 2159 citra
490 2086 767 2159 controversiam
788 2086 987 2180 principem
1009 2087 1066 2156 lo·
1117 2090 1209 2160 tioui
1226 2090 1435 2178 dignitatem
1449 2090 1633 2172 adferunt,
1651 2104 1687 2163 et
1702 2094 1869 2167 scientiae
1881 2096 2023 2188 pondus
2039 2099 2104 2167 ad-

73 2221 160 2269 eum
183 2206 291 2267 senat.
349 2191 473 2286 Neque
496 2191 593 2261 enim
616 2191 713 2261 nuda
737 2203 921 2281 praecepta
943 2188 1066 2273 tradit,
1117 2193 1219 2263 dunt.
1270 2189 1454 2279 Quantum
1477 2206 1580 2284 putas
1600 2196 1734 2266 accedit
1749 2198 1905 2269 orationi
1925 2200 2108 2289 gravitatis

72 2296 242 2372 sedalias
257 2297 296 2367 in
313 2295 484 2366 encomiis
499 2292 663 2377 virtutis,
690 2292 777 2362 alias
793 2291 833 2360 in
850 2290 1066 2362 insectandis
1117 2290 1183 2365 hac
1203 2294 1320 2363 auxesi
1333 2317 1424 2385 pene
1439 2294 1591 2384 tragica,
1614 2320 1693 2366 cum
1718 2295 1834 2390 Reges
1856 2295 2015 2398 δωροφᾶ
2088 2327 2107 2383 s

74 2400 177 2476 vitiis
191 2411 443 2484 commoratur,
467 2409 502 2468 et
518 2399 615 2491 quod
632 2393 928 2465 officiosissimum
946 2406 999 2463 est
1020 2393 1066 2463 ad
1118 2395 1298 2488 appellat?
1324 2417 1431 2487 quam
1449 2409 1547 2485 grata
1567 2399 1778 2489 compositio
1803 2416 1854 2473 est
1878 2399 2109 2499 χειροδικαιῖ

75 2501 327 2579 absterrendos
343 2501 482 2571 animos
495 2495 683 2569 hominum
699 2494 971 2588 aturpitudine,
986 2518 1063 2586 gra·
1118 2498 1213 2571 Sunt
1227 2497 1296 2568 hoc
1311 2521 1422 2588 genus
1438 2512 1620 2568 sexcentae
1643 2500 1795 2590 figurae,
1820 2529 1908 2598 quas
1923 2529 1998 2576 non
2020 2506 2109 2576 libet

82 2608 172 2681 vita
193 2617 230 2677 et
253 2603 416 2695 religiose
439 2604 561 2687 docet,
586 2600 760 2673 divinitus
774 2601 889 2670 bonos
911 2598 1066 2689 praemia
1118 2598 1178 2672 hic
1195 2623 1420 2685 enumerare,
1442 2624 1486 2670 ne
1501 2601 1589 2695 quid
1604 2603 1769 2679 amittant
1794 2608 1927 2697 uariae
1949 2632 1990 2678 ex
2016 2609 2111 2678 inte·

86 2708 361 2804 pmlsenefactis
385 2708 495 2788 ferre,
521 2704 704 2797 improbos
726 2702 898 2773 scelerum
921 2724 1067 2772 suorum
1119 2729 1179 2794 gra
1202 2704 1385 2784 oratioue,
1417 2703 1515 2773 velut
1548 2728 1567 2772 a
1604 2730 1753 2798 corpore
1786 2711 1945 2780 membra
1975 2710 2111 2782 avulsa.

80 2834 213 2906 poenas
230 2811 339 2882 luere.
383 2803 649 2879 Animadvertit
663 2804 758 2876 enim
771 2803 1069 2898 prudentissimus
1120 2805 1220 2896 Quid
1243 2807 1287 2875 de
1311 2818 1384 2877 tota
1407 2803 1581 2877 orationis
1605 2819 1801 2897 structura,
1828 2815 1943 2906 deque
1965 2827 2111 2884 senten-

78 2916 154 3003 vir,
172 2927 304 2987 natura
327 2936 394 2982 nos
416 2912 516 2997 duci,
540 2924 582 2981 ut
600 2924 795 2982 statuamus
810 2907 960 2978 numine
977 2930 1068 3000 quo-
1120 2909 1249 2980 tiarum
1272 2908 1394 2999 figuris
1420 2908 1603 2980 dicemus?
1635 2936 1726 3003 quae
1752 2927 1938 3007 tantopere
1953 2917 2111 3008 proban·

79 3021 164 3091 &m
178 3011 266 3089 baec
289 3016 452 3087 mortalia
476 3014 689 3105 gubernari,
715 3034 859 3105 esseque
874 3008 990 3080 Deum
1010 3008 1070 3078 in-
1120 3026 1180 3083 tur
1200 3009 1334 3096 Fabio,
1366 3006 1513 3081 ut'huic
1541 3013 1709 3085 decernat
1729 3013 1769 3084 in
1791 3017 1963 3088 mediocri
1985 3040 2114 3109 genere

10 3172 13 3179 ·
79 3120 195 3195 briae
222 3120 376 3190 ultorem
403 3132 439 3189 et
465 3118 644 3187 bonorum
670 3128 893 3186 assertorem.
944 3111 1069 3205 Itaque
1121 3114 1263 3184 dicendi
1295 3113 1468 3206 palmam,
1512 3128 1546 3183 et
1575 3116 1740 3209 princeps
1767 3119 1961 3191 latinorum
1985 3120 2116 3191 Poiita-

80 3222 196 3295 uulso
229 3222 371 3311 gravius
405 3221 451 3288 de
483 3218 646 3286 moribus
676 3215 849 3307 praecipit
879 3212 1071 3298 Hesiodus,
1121 3242 1201 3286 rum
1217 3214 1409 3306 Virgilius,
1435 3230 1469 3285 et
1484 3210 1641 3287 Ovidius
1659 3219 1869 3292 lectissimos
1882 3223 1980 3293 locos
1995 3223 2032 3291 in
2050 3245 2115 3292 sua

10 3400 17 3425 Ι
83 3348 189 3421 qnam
207 3313 423 3408 Philosophi
436 3317 522 3400 ulli,
544 3318 607 3407 qui
624 3340 688 3385 ceu
703 3316 860 3404 gigantes
884 3315 924 3382 in
939 3314 1072 3384 fabulis
1123 3341 1229 3409 opera
1249 3318 1516 3397 transtulerint,
1542 3319 1806 3413 iudicarintque
1822 3347 1895 3392 non
1914 3325 1991 3393 leve
2008 3347 2116 3392 orna-

84 3427 222 3501 coelum
252 3420 439 3491 excindere
462 3415 602 3503 conati,
634 3414 751 3486 Deum
773 3417 818 3484 ab
843 3413 1072 3485 administra·
1124 3432 1284 3486 mentum
1319 3418 1403 3485 inde
1437 3419 1601 3487 accedere
1633 3421 1707 3488 suis
1732 3425 1915 3512 poematis.
1971 3422 2116 3496 Reddet

10 3570 25 3585 ·
86 3528 181 3601 tone
203 3544 323 3595 rerum
345 3523 578 3603 submovent,
602 3531 635 3589 et
656 3516 830 3607 religione
845 3515 985 3586 animos
1004 3510 1073 3586 ho·
1124 3515 1221 3590 haud
1249 3518 1358 3586 dubie
1381 3530 1414 3587 et
1436 3531 1594 3589 nostram
1624 3522 1820 3593 orationem
1848 3525 2115 3616 locupletiorem

10 3618 31 3642 ²
87 3630 223 3701 minum
256 3625 421 3698 liberant.
480 3620 659 3713 Diogenes
692 3620 831 3689 dicebat
858 3617 1074 3710 Harpalum,
1126 3636 1160 3692 et
1184 3621 1408 3705 uberiorem,
1446 3644 1511 3690 nec
1544 3623 1636 3692 male
1668 3626 1857 3699 collocabit
1887 3651 2053 3720 operam,
2085 3628 2117 3698 si

91 3732 146 3825 qui
160 3729 292 3821 praedo
307 3727 413 3797 foelix
433 3726 506 3795 illis
518 3723 738 3816 temporibus
752 3716 969 3807 habebatur,
987 3745 1074 3794 con·
1125 3723 1206 3819 quis
1234 3724 1278 3792 ad
1305 3745 1469 3811 graecum
1493 3724 1692 3817 exemplar,
1725 3751 1765 3797 ea
1781 3753 1871 3824 quae
1893 3732 2009 3802 nostri
2032 3732 2117 3800 inde

92 3828 242 3905 tralleos
258 3828 502 3900 testimonium
519 3828 657 3913 dicere,
684 3826 781 3920 quod
799 3825 837 3893 in
855 3823 916 3893 illa
930 3823 1073 3895 fortuna
1126 3837 1391 3917 excerpserunt,
1417 3827 1627 3913 contulerit,
1651 3853 1735 3899 nam
1758 3830 1819 3900 illa
1837 3832 2023 3927 utriusque
2045 3833 2119 3904 lin.

10 3934 14 3941 '
95 3946 157 4005 tam
172 3933 399 4006 diuviveret.
452 3928 596 4019 Quanto
618 3918 925 4025 φιλοσοφώτερον
945 3923 1076 3998 Hesio-
1126 3951 1214 4020 guae
1230 3928 1427 4020 proprietas
1451 3929 1580 3999 certius
1597 3926 1903 4024 deprehendetur,
1936 3949 1968 4005 et
1984 3936 2118 4021 figurae

45 4119 52 4225 l

97 4037 154 4109 dus
174 4038 277 4108 docet
301 4057 412 4127 prope
437 4034 558 4102 adesse
579 4030 674 4101 Deos
700 4025 925 4115 homiuibus,
960 4052 1001 4100 ac
1019 4029 1076 4099 vi·
1126 4031 1317 4101 verborum
1343 4043 1378 4101 et
1400 4032 1656 4102 sententiarum
1693 4036 1957 4107 animadversae
1988 4037 2119 4108 clarius

97 4139 169 4210 dere
190 4138 374 4209 malefacta
395 4135 542 4205 nostra?
593 4133 669 4204 Vos
689 4156 819 4227 quaeso
850 4130 976 4200 ametis
1005 4126 1075 4201 boc
1127 4147 1329 4204 cementur.
1389 4131 1570 4205 profuerit
1601 4135 1724 4218 etiam,
1758 4138 1788 4206 si
1822 4140 1940 4210 locum
1962 4139 2118 4236 aliquem

97 4243 232 4331 poiima,
255 4253 290 4310 et
308 4238 485 4309 familiare
506 4235 608 4306 vobis
630 4235 785 4319 faciatis,
810 4234 906 4327 quod
929 4234 1075 4326 quidem
1127 4235 1346 4306 floridiorem
1376 4247 1438 4304 tuo
1455 4233 1571 4306 Marte
1593 4238 1715 4308 latinis
1729 4241 1890 4311 versibus
1907 4230 2120 4335 exposueris,

98 4344 250 4416 divinum
263 4364 354 4429 esse,
378 4340 435 4411 vel
449 4335 518 4411 hoc
532 4350 739 4431 argumento
757 4337 818 4422 sit,
845 4337 940 4432 quod
956 4337 1077 4408 ferunt
1128 4362 1219 4431 quae
1241 4337 1444 4407 exercitatio
1465 4337 1537 4407 dici
1565 4364 1639 4410 non
1664 4356 1796 4435 potest,
1822 4358 1994 4439 quantum
2018 4357 2121 4415 acuat

98 4440 246 4518 Hesiodo
270 4445 403 4536 pastori
432 4444 585 4513 calamos
611 4467 631 4511 a
658 4436 774 4512 Musis
806 4440 958 4508 donatos
985 4462 1077 4524 esse,
1128 4440 1323 4524 iudicium,
1339 4452 1511 4534 quantum
1528 4441 1613 4512 item
1630 4445 1674 4514 ad
1691 4446 1854 4516 alendam
1870 4447 2043 4517 sermonis
2059 4469 2120 4515 eo-

9 4598 14 4627 .
98 4551 219 4643 quibus
238 4548 310 4619 iam
334 4546 473 4617 afflatus
494 4544 623 4616 cecinit
646 4537 732 4612 haec
752 4554 948 4635 praecepta.
1000 4536 1078 4635 Ap-
1129 4543 1223 4636 piam
1258 4555 1292 4611 et
1324 4546 1598 4633 comparandam
1634 4546 1816 4618 scientiam
1840 4549 2039 4640 explicandi
2063 4570 2119 4616 res

99 4665 188 4742 paret
204 4677 247 4723 ex
261 4648 433 4723 Cicerone
448 4648 571 4719 solitos
588 4647 675 4716 olim
688 4645 739 4714 sic
755 4667 887 4737 pueros
910 4644 1076 4725 ediscere,
1130 4646 1298 4715 obscuras
1322 4644 1442 4714 faciat:
1473 4648 1533 4715 sed
1556 4642 1641 4718 haec
1664 4648 1758 4719 inter
1779 4652 2016 4720 enarrandum
2040 4649 2121 4720 obi-

99 4769 131 4829 ut
161 4768 277 4828 certas
308 4751 470 4845 preculas
503 4751 618 4820 nostri
653 4747 756 4838 pueri
788 4748 973 4820 docentur.
1031 4742 1079 4817 Et
1131 4761 1184 4818 ter
1197 4746 1434 4822 monebimus.
1486 4746 1645 4838 Quaerat
1660 4751 1809 4847 aliquis,
1835 4752 1921 4845 quid
1937 4747 2023 4822 haec
2047 4765 2120 4823 tota

9 4908 20 4932 .
100 4852 220 4929 Graeci
236 4855 327 4928 tanti
340 4855 475 4939 fecere,
500 4867 541 4924 ut
556 4853 595 4921 in
607 4850 782 4920 Helicone
797 4849 1019 4922 adservarint
1039 4849 1079 4918 in
1130 4850 1222 4921 ratio
1256 4849 1415 4918 discendi
1448 4850 1493 4919 ad
1532 4852 1698 4943 pietatem
1732 4854 1932 4925 conducat?
1982 4850 2049 4926 Est
2082 4854 2121 4924 in

9 4956 55 5059 al

9 5094 45 5137 51

9 5200 44 5241 Ι

9 5306 54 5375 ῃΙ

17 5406 43 5461 1

8 5504 54 5565 ³l

100 4960 236 5050 plumbo
255 4957 470 5048 descriptum
484 4971 623 5047 poema.
1131 4966 1299 5045 promptu
1315 4951 1399 5045 quid
1418 4955 1670 5043 respondeam,
1685 4959 1728 5027 ad
1746 4957 2002 5028 immutandam
2021 4982 2124 5027 men·

202 5060 387 5134 Hactenus
435 5060 480 5128 de
525 5057 641 5149 prima
682 5053 866 5126 Hesiodici
911 5053 1081 5125 carminis
1132 5068 1220 5138 tem,
1246 5055 1510 5149 imbuendaque
1524 5050 1696 5147 religione
1713 5054 1806 5128 nibil
1827 5062 2012 5146 conducit,
2038 5083 2122 5131 nam

102 5180 199 5254 parte.
250 5160 434 5235 Posterior
454 5184 579 5251 magna
594 5184 636 5229 ex
659 5171 759 5248 parte
777 5152 918 5254 φυσικὴ
940 5171 1009 5239 est,
1036 5160 1081 5227 de
1132 5159 1168 5226 id
1193 5157 1301 5227 eflicit
1321 5156 1481 5228 coelestis
1496 5157 1652 5250 Spiritus
1673 5185 1737 5254 per
1758 5184 1895 5232 sacrum
1912 5185 2124 5247 sermonem,

104 5281 218 5341 ustura
241 5278 357 5338 terrae
381 5288 420 5332 ac
443 5264 604 5353 frugum,
644 5262 688 5330 de
714 5261 999 5351 tempestatibus,
1036 5261 1081 5330 de
1134 5261 1193 5329 sed
1209 5261 1253 5328 ad
1269 5261 1553 5349 cognoscendum
1578 5286 1775 5333 sermonem
1799 5288 1978 5335 sacrarum
2004 5266 2124 5334 litera-

105 5368 249 5442 siderum
274 5367 449 5452 motibus,
481 5389 631 5462 quarum
656 5388 775 5433 rerum
797 5361 1019 5454 perliberalis
1047 5376 1083 5433 et
1132 5387 1233 5447 rum,
1266 5362 1399 5451 graecis
1420 5363 1533 5433 literis
1559 5389 1648 5456 opus
1672 5379 1739 5436 est:
1760 5368 1903 5436 deinde
1923 5381 1963 5438 ut
1987 5370 2029 5435 de
2050 5388 2125 5434 ser-

107 5468 246 5545 iucunda
261 5469 417 5561 cognitio
437 5481 500 5538 est.
547 5466 637 5537 Nam
658 5490 738 5537 curn
754 5461 944 5537 homiuum
966 5489 1082 5546 causa,
1132 5464 1384 5536 monerectius
1409 5466 1625 5549 iudicemus,
1653 5481 1741 5539 etut
1760 5470 1922 5560 dogmata
1943 5469 2127 5561 religionis

48 5574 53 5597 ⁵
147 5574 330 5646 Mensura.
357 5576 462 5641 Oeen.
487 5573 573 5640 Vos.
600 5573 662 5637 xl.
1520 5567 1542 5637 8

47 5640 64 5701 l
