4664 6022
99 224 182 301 010
512 226 673 306 DECL.
723 226 799 305 DE
838 222 1293 307 CONIUNCTIONE
1327 226 1712 314 SCHOLARUM.
2053 250 2130 327 stt

99 409 154 466 tas
171 408 207 466 et
219 394 415 486 disputatas
429 416 502 465 esse
515 409 653 488 oportet
668 395 723 464 illi
731 446 742 478 ,
764 397 993 493 quiveritatis
1010 421 1093 489 pro-
1143 416 1249 480 uum,
1272 393 1312 464 in
1326 397 1494 469 omnibus
1503 398 1571 490 piis
1584 399 1658 473 sive
1671 402 1793 477 norint
1807 405 1944 498 literas,
1964 413 2039 485 sive
2055 440 2131 489 uon

99 499 355 588 pugnatioueen
378 497 538 585 sustipet.
598 495 671 568 Nec
695 498 779 567 satis
804 512 853 569 est
875 523 1090 593 quemquam
1143 495 1284 584 norint,
1314 498 1489 570 illustrior
1512 502 1586 571 lieri
1609 505 1762 592 cognitio
1784 533 1901 582 rerum
1925 514 2129 589 divinarum

99 620 218 668 secum
233 615 368 670 tantum
384 598 634 671 commentari:
660 602 894 671 conserendae
908 619 990 673 suut
1008 624 1089 672 sen-
1141 598 1256 669 debet.
1308 597 1348 668 ld
1364 601 1440 671 sine
1454 603 1603 673 lectione
1617 621 1650 676 et
1664 606 1954 700 interpretatione
1965 617 2041 687 lieri
2053 644 2127 692 nou

99 701 247 782 tentiae,
288 703 465 772 audienda
495 700 689 771 multorum
722 701 870 788 iudicia,
910 721 945 776 et
974 716 1088 774 errata
1140 714 1265 790 potest.
1322 696 1370 774 Et
1392 705 1437 773 ad
1458 704 1781 796 interpretationem
1806 718 1945 806 copiosa
1974 733 2009 791 ct
2030 723 2127 792 varia

99 805 319 873 emendanda
344 817 447 884 sunt,
481 802 511 873 si
533 798 862 900 quaudodevre‘pur
878 801 1086 901 φροντίδες,
1139 802 1318 888 doctrina,
1343 817 1501 896 utsupra
1517 807 1611 892 diri,
1635 827 1802 900 opusest.
1852 813 2016 892 Christus
2027 820 2126 894 iubet

99 920 188 997 qnae
198 919 281 977 sunt
294 905 545 986 accuratiores,
568 928 634 975 nos
649 905 687 975 iu
704 906 795 975 viam
809 911 1002 979 reducunt:
1028 908 1087 976 ui·
1139 904 1281 976 doctum
1311 907 1460 976 scribam
1487 909 1644 999 prolerre
1675 936 1766 982 nova
1788 930 1823 987 et
1852 934 1979 995 vetera.
2036 920 2125 997 Vult

99 998 148 1075 hil
174 1022 227 1077 est
255 1021 370 1079 autem
403 1007 522 1104 peius,
552 1031 667 1101 neque
695 1009 946 1099 perniciosius,
978 1033 1085 1104 quam
1138 1003 1246 1096 igitur
1259 1007 1427 1093 scribam,
1453 1010 1490 1078 id
1506 1024 1574 1090 est,
1599 1007 1787 1084 Doctorem
1802 1042 1876 1087 uun
1899 1042 1973 1092 esse
1988 1025 2125 1112 rudem,

99 1120 220 1177 contra
248 1111 429 1181 veritatem
452 1109 605 1191 rationes
620 1110 747 1180 callide
763 1136 949 1205 quaerere,
975 1126 1014 1181 ut
1032 1113 1085 1180 la·
1137 1118 1197 1178 aut
1214 1106 1495 1181 inexercitatum:
1520 1113 1580 1181 sed
1596 1127 1698 1184 antea
1713 1115 1751 1184 in
1768 1112 1922 1191 Ecclesia
1946 1125 2124 1198 eruditum

99 1208 193 1279 siunt
216 1211 379 1304 quidam,
405 1234 495 1306 quos
516 1211 635 1281 miuus
650 1215 758 1302 pudet
775 1214 813 1283 iu
831 1238 949 1284 errore
966 1236 1086 1306 perse·
1137 1221 1170 1279 et
1183 1209 1379 1295 excultum,
1405 1225 1439 1280 et
1449 1236 1529 1281 vera
1543 1237 1583 1282 ac
1597 1216 1742 1287 salutari
1757 1220 1919 1292 doctrina
1936 1224 2124 1300 imbutum.

99 1332 236 1395 serare,
266 1337 373 1407 quam
393 1315 581 1383 emendare
603 1327 637 1384 et
653 1328 791 1385 mutare
807 1317 999 1388 sententiae
1016 1315 1084 1385 lal-
1137 1306 1414 1382 Deindel‘aulus
1429 1337 1531 1405 saepe
1546 1309 1612 1383 hoc
1623 1332 1844 1409 praeceptum
1856 1325 1997 1415 repetit:
2023 1328 2123 1401 iubet

99 1410 243 1488 ritatem,
301 1413 392 1487 Cum
413 1415 522 1505 igitur
545 1410 612 1485 huc
636 1417 754 1486 studio
775 1418 928 1488 multum
950 1418 1083 1510 diuque
1137 1435 1208 1481 uon
1224 1412 1386 1482 omittere
1396 1415 1600 1497 lectionem,
1626 1419 1723 1489 iubet
1740 1421 1820 1510 eligi
1836 1423 2021 1510 idoneum,
2047 1455 2122 1500 non

99 1536 173 1585 :um
200 1518 404 1602 nobiscum,
437 1530 514 1588 turn
542 1517 843 1609 disputationibus
868 1523 962 1611 apud
994 1521 1083 1590 alios
1135 1513 1249 1583 10111111
1267 1515 1309 1582 td
1328 1518 1546 1598 docendum,
1572 1511 1632 1587 led
1650 1521 1754 1589 etism
1770 1526 1812 1593 ad
1836 1526 2018 1599 doctrinae
2038 1555 2123 1621 pro-

99 1621 278 1689 ceritatem
308 1619 611 1710 vestigaverimus:
653 1619 705 1689 ibi
740 1622 883 1692 demum
916 1623 1021 1713 longa
1048 1633 1082 1691 et
1136 1614 1397 1705 pugnationem.
1439 1616 1624 1711 Utrunque
1638 1620 1768 1692 munus
1782 1649 1886 1718 quam
1902 1630 2122 1702 multacom·

99 1719 191 1809 previ
205 1720 459 1793 deliberatione
476 1721 656 1809 eligendae
670 1735 753 1793 sunt
768 1724 972 1809 sententiae,
996 1745 1082 1817 quas
1133 1716 1322 1807 plectitur?
1363 1717 1453 1788 Nam
1470 1721 1651 1813 perspicue
1668 1725 1812 1811 docere,
1837 1730 2002 1801 evolvere
2018 1733 2122 1806 invo-

99 1820 137 1891 rd
160 1823 356 1914 populum,
388 1836 558 1915 tanquam
589 1825 731 1893 oracula
760 1838 794 1895 er
814 1825 924 1916 leges,
956 1826 1081 1895 efferre
1134 1819 1225 1904 luta,
1256 1820 1416 1889 obscuris
1443 1822 1555 1891 lucem
1579 1825 1729 1911 addere,
1758 1839 1989 1922 attemperare
2012 1836 2123 1908 ratio·

99 1920 269 2000 mlumus.
329 1923 412 1996 ldeo
430 1924 580 1994 maiores
595 1925 785 1996 voluerunt
808 1928 846 1995 iu
864 1922 994 1997 scholis
1010 1929 1081 1996 tre-
1133 1943 1215 1989 nem
1229 1922 1378 1990 ducendi
1394 1925 1437 1991 ad
1455 1922 1698 2015 imperitorum
1714 1942 1746 1999 et
1760 1932 1955 2018 peritorum
1971 1950 2122 2027 captum,
2242 1928 2246 1933 ’

99 2027 272 2115 fluentiam
294 2051 383 2110 esse,
413 2050 453 2096 ac
474 2027 730 2115 disputationes
761 2027 1008 2110 instituerunt,
1041 2042 1081 2099 ut
1133 2025 1297 2112 prodesse
1307 2023 1363 2112 (ut
1372 2022 1503 2095 Paulus
1519 2027 1650 2120 inquit)
1665 2030 1882 2120 sapientibus
1899 2048 1932 2103 et
1949 2035 2123 2128 iusipien-

99 2124 195 2203 timol
218 2130 262 2198 ad
287 2124 379 2197 hauc
400 2127 666 2198 collocationem
690 2129 1080 2221 opinionumassuelie-
1132 2124 1246 2208 tibus,
1284 2138 1452 2218 quantam
1481 2122 1565 2196 haec
1597 2131 1855 2216 eruditionem,
1895 2135 2122 2228 iudustriam,

99 2231 364 2314 maturiori,
397 2244 433 2301 et
459 2226 526 2298 hoc
551 2230 715 2301 exercitio
739 2245 850 2302 artem
873 2232 1080 2318 disserendi,
1132 2226 1377 2317 prudentiam,
1401 2230 1696 2313 moderationem,
1719 2246 1890 2326 quantum
1907 2239 2047 2309 consilii
2064 2266 2121 2312 re·

99 2328 345 2403 Uetultatem
369 2332 567 2423 explicandi
593 2332 661 2401 sibi
682 2350 938 2424 compararent.
996 2332 1078 2422 Quo
1132 2326 1303 2420 quirunt?
1334 2327 1471 2399 Deinde
1486 2329 1600 2401 multo
1615 2332 1795 2404 difficilior
1807 2349 1859 2405 est
1874 2343 2121 2432 propugnatio,

99 2450 190 2503 nore
205 2435 291 2527 quid
308 2435 447 2504 dulcius
465 2432 612 2522 cogitari
635 2435 773 2524 potest?
802 2435 929 2506 utiam
949 2437 1079 2508 deuti-
1130 2427 1169 2497 in
1193 2452 1263 2523 qua
1288 2453 1426 2501 necesse
1454 2445 1505 2502 est
1531 2454 1658 2522 genera
1689 2436 1933 2509 doctrinarum
1955 2444 2120 2532 conferri,

99 2530 189 2603 itate
203 2558 277 2605 nou
291 2537 418 2607 dicam.
471 2532 567 2622 Quid
584 2547 634 2604 est
649 2535 809 2621 suavius,
835 2561 941 2630 quam
957 2538 1079 2608 audire
1131 2531 1291 2600 omnium
1312 2545 1464 2602 aetatum
1489 2535 1680 2604 certamina
1703 2538 1937 2624 considerari,
1962 2546 2119 2635 patelieri

99 2634 137 2705 rb
152 2626 297 2709 homine
319 2641 443 2722 docto,
467 2637 553 2729 quid
575 2639 620 2706 de
635 2637 797 2708 maximis
819 2640 924 2709 rebus
939 2639 1084 2731 sensim,
1130 2633 1296 2717 insidias,
1327 2635 1473 2704 refutari
1493 2631 1727 2726 sophismata,
1752 2635 1891 2709 detrahi
1908 2643 2007 2714 lucos
2022 2647 2119 2717 salsis

99 2756 160 2829 'ua
196 2742 383 2811 verborum
415 2740 510 2828 lege,
549 2762 655 2831 quam
685 2738 940 2828 significanter,
972 2765 1077 2833 quam
1129 2734 1437 2824 persuasionibus,
1462 2761 1561 2806 veras
1580 2741 1770 2809 sententias
1791 2741 1969 2814 illustrare
1990 2759 2118 2818 etmu-

99 2841 250 2931 ¹troprie,
280 2841 433 2935 denique
455 2838 561 2909 etiam
587 2862 693 2932 quam
718 2842 876 2913 modeste
897 2865 953 2911 eas
970 2850 1088 2934 erpo:
1130 2836 1220 2911 nire.
1266 2833 1364 2907 Haec
1387 2838 1464 2907 sine
1484 2860 1609 2928 magna
1638 2842 1963 2916 varietate‘artium
1987 2862 2022 2919 et
2042 2849 2119 2919 siue
2261 2840 2270 2855 ’

99 2940 174 3027 pet?
214 2940 396 3033 Fugieuda
412 2955 462 3012 est
479 2941 573 3008 cuim
596 2941 1079 3035 iusermoneimproprietas,
1129 2937 1242 3009 literis
1261 2952 1436 3029 praestare
1457 2955 1699 3030 uemopotest.
1750 2941 1868 3014 Multo
1886 2947 1991 3017 etiam
2006 2951 2117 3041 magis

99 3038 233 3123 Rhoda
248 3045 443 3116 obscuritas
459 3055 494 3114 et
505 3041 678 3117 conlusio.
728 3041 893 3138 Denique
911 3044 1076 3132 fugienda
1129 3038 1334 3109 mirandum
1351 3055 1422 3124 est,
1449 3043 1543 3133 quod
1554 3039 1687 3113 Paulus
1700 3044 1836 3136 iuquit,
1862 3070 1927 3117 uos
1941 3072 2038 3141 spem
2053 3047 2119 3122 ha·

99 3145 258 3223 *etiam
273 3147 478 3218 scurrilitas.
531 3141 612 3214 Nati
627 3166 748 3213 sumus
765 3147 808 3214 ad
826 3159 986 3215 mutuam
1002 3169 1077 3215 ser·
1129 3141 1212 3209 bere
1226 3163 1267 3210 ex
1284 3142 1525 3211 consolatione
1542 3143 1807 3234 scripturarum.
1859 3144 1918 3217 An
1938 3152 2119 3238 sperniti-

99 3246 203 3319 Ποία
224 3246 594 3319 communicationem.
655 3240 920 3330 Quamobrem?
956 3243 1016 3316 An
1036 3261 1078 3319 ut
1129 3254 1188 3312 tur
1219 3241 1351 3329 literis,
1387 3257 1421 3314 et
1454 3237 1509 3312 his
1540 3243 1678 3333 scriptis
1709 3249 1973 3319 monumentis?
2016 3248 2118 3322 Ana·

99 3348 222 3421 unm
246 3352 393 3422 labellas
416 3346 604 3419 amatorias
625 3344 828 3433 recitemus,
852 3361 913 3419 aut
935 3362 977 3419 ut
990 3371 1077 3419 con·
1128 3343 1302 3435 baptistae
1323 3343 1466 3437 quidem
1492 3345 1777 3415 absurdissimam
1793 3371 1867 3419 csse
1888 3343 1979 3420 hanc
1993 3377 2114 3424 vocem

99 3442 400 3538 n'eiircertemus,
425 3464 486 3522 aut
501 3462 540 3521 ut
556 3447 726 3540 pecuniae
743 3449 978 3520 cumulandae
993 3474 1077 3521 cau·
1127 3444 1296 3520 dicerent.
1347 3445 1416 3517 Sed
1432 3442 1561 3535 inaguo
1574 3447 1721 3516 consilio
1737 3448 1787 3518 sic
1800 3449 2114 3544 loquitorPaulus:

99 3568 126 3621 Ι
144 3552 191 3623 tle
208 3554 465 3638 contractibus,
497 3549 697 3642 emptione,
724 3551 949 3638 venditione,
973 3566 1008 3624 et
1027 3551 1077 3623 si·
1128 3545 1216 3636 Spes
1239 3547 1368 3618 nititur
1390 3549 1465 3638 ipso
1489 3561 1631 3617 aeterno
1654 3544 1742 3618 Deo.
1803 3549 1873 3622 Sed
1904 3552 2027 3644 alligat
2050 3579 2115 3627 nos

99 3648 233 3733 ilibus
247 3653 516 3749 colloquamur?
549 3650 626 3724 lmo
640 3675 724 3722 vero
737 3666 778 3724 ut
792 3650 938 3739 deDeo‚
962 3657 1076 3748 deque
1127 3645 1260 3718 Paulus
1283 3650 1327 3717 ad
1352 3643 1447 3718 branc
1466 3647 1598 3729 Deum,
1631 3650 1692 3742 qui
1716 3673 1753 3720 se
1776 3650 1815 3720 in
1838 3678 1922 3724 voce
1942 3656 2116 3745 patelecit,

99 3742 259 3843 „htntum
274 3758 401 3828 officiis
416 3756 478 3826 alii
494 3755 584 3825 alios
598 3755 759 3829 doceant.
800 3752 856 3829 Sit
871 3778 954 3846 ergo
972 3755 1076 3826 bonis
1128 3774 1233 3843 quam
1254 3750 1378 3821 referri
1398 3751 1436 3820 iu
1452 3750 1571 3821 literas
1586 3775 1650 3841 per
1661 3746 1856 3842 Prophetas
1874 3770 1908 3826 et
1923 3753 2115 3850 Apostolos

99 3856 281 3945 hndbus,
306 3873 346 3932 ot
361 3873 432 3944 est,
457 3855 662 3929 dulcissima
677 3857 720 3927 de
739 3850 795 3926 his
811 3856 955 3949 optimis
970 3860 1076 3928 rebus
1127 3851 1260 3938 voluit,
1291 3865 1332 3924 ut
1358 3851 1557 3922 testimonia
1586 3874 1724 3942 semper
1754 3868 1922 3928 extarent.
1984 3857 2027 3928 ln
2058 3855 2116 3930 his

99 3948 293 4049 bputatio.
350 3960 508 4032 Maxime
531 3982 613 4028 vero
635 3953 695 4028 hic
713 3971 834 4029 noster
848 3972 967 4030 coetus
981 3953 1075 4028 hanc
1126 3952 1290 4044 cognosci
1317 3976 1479 4024 arcanam
1508 3954 1726 4025 voluntatem
1756 3956 1802 4024 de
1829 3960 2116 4032 reconciliatione

99 4054 310 4147 *lationem
330 4075 441 4146 amet,
465 4061 527 4155 qui
545 4061 806 4152 praeparandus
826 4075 878 4132 est
893 4062 937 4131 ad
952 4057 1075 4131 Eccle·
1125 4055 1260 4142 voluit,
1291 4080 1381 4150 quae
1404 4078 1477 4124 non
1498 4049 1715 4144 deprehendi
1741 4058 1856 4145 potuit
1886 4054 2033 4131 humani
2057 4063 2115 4131 iu-

99 4164 473 4253 &animationem
512 4161 625 4233 Nemo
636 4184 773 4231 remum
788 4163 895 4233 tradit
909 4163 1074 4254 cuiquam
1125 4158 1220 4247 genii
1249 4157 1444 4249 sagacitate.
1509 4151 1674 4250 Denique
1706 4157 1838 4228 multae
1866 4185 1989 4232 musae
2021 4178 2115 4249 suut,

99 4274 247 4357 t·pars·a
262 4267 405 4362 cymba,
432 4263 494 4359 qui
510 4263 682 4351 remigare
695 4285 768 4332 non
784 4262 921 4335 didicit.
960 4262 1073 4333 Nemo
1126 4283 1190 4329 cur
1203 4256 1301 4329 Deus
1315 4261 1360 4329 ad
1381 4254 1467 4329 haec
1489 4280 1556 4327 nos
1579 4257 1778 4331 testimonia
1794 4260 1959 4351 attigerit.
2011 4262 2115 4352 Quo·

99 4364 164 4437 fle
182 4382 417 4440 monstratore
439 4389 542 4456 agros
562 4365 680 4435 colore
705 4375 838 4455 potest,
870 4378 1001 4435 utnon
1018 4365 1074 4434 di·
1127 4361 1192 4431 ties
1211 4361 1320 4451 igitur
1344 4359 1581 4452 precationem
1606 4382 1706 4429 meus
1726 4356 1887 4445 inchoat,
1920 4377 1953 4433 et
1974 4365 2113 4458 quaerit

99 4470 162 4539 hs
184 4471 229 4539 de
253 4468 333 4540 aliis
348 4469 596 4541 subtilioribus
619 4465 786 4536 artificiis.
839 4465 986 4555 Quanto
1005 4466 1073 4536 mi·
1127 4461 1260 4543 Deum,
1286 4486 1359 4531 uon
1375 4464 1483 4531 modo
1500 4462 1637 4532 coelum
1661 4473 1695 4531 et
1712 4457 1779 4531 hoc
1793 4464 1972 4552 opificium
1989 4466 2113 4534 mundi

99 4576 154 4641 ΙΙ
168 4571 237 4642 erit
251 4572 425 4664 interpres
446 4569 605 4640 coelestis
625 4567 824 4654 doctrinae,
848 4581 883 4639 et
898 4565 1075 4639 Ecclesiae
1127 4564 1272 4653 cogitet,
1304 4577 1343 4634 ut
1365 4586 1402 4633 se
1424 4565 1469 4632 de
1489 4557 1680 4634 architecto
1699 4566 1904 4650 amnoncat,
1928 4566 1989 4634 sed
2006 4565 2113 4634 simul

99 4668 322 4759 sternatur,
346 4673 505 4767 quinon
526 4670 716 4742 didicerit?
754 4664 833 4741 Etsi
855 4669 950 4739 enim
972 4692 1075 4740 nosse
1127 4666 1233 4736 etiam
1264 4666 1333 4736 sibi
1365 4665 1459 4737 dicta
1482 4658 1671 4753 Evangelii
1704 4681 1894 4754 proponat:
1934 4666 2115 4737 intucatur

99 4760 207 4847 flues
221 4798 352 4867 pueros
366 4789 401 4846 et
416 4795 516 4845 senes
535 4795 705 4842 summam
722 4772 881 4846 coelestis
895 4772 1075 4842 doctrinae
1127 4768 1240 4839 filium
1257 4766 1340 4851 Dei,
1364 4766 1426 4862 qui
1447 4788 1483 4835 se
1499 4766 1603 4836 uobis
1619 4765 1798 4855 patefecit,
1824 4767 1886 4859 qui
1903 4767 2014 4837 edidit
2030 4793 2116 4857 pro·

99 4882 226 4951 Ιιοιε
250 4892 322 4962 est,
349 4889 386 4947 et
409 4875 562 4946 breviter
582 4868 836 4966 comprehendi
857 4896 914 4944 res
944 4886 1075 4964 potest:
1128 4869 1313 4941 missiones
1333 4870 1378 4938 de
1397 4867 1703 4950 reconciliatione,
1727 4889 1766 4937 ac
1781 4866 1890 4939 dicat:
1923 4867 1976 4939 Te
1996 4871 2115 4939 omni·

99 4974 203 5051 ben
216 5001 293 5050 uon
309 4980 355 5049 de
367 4973 483 5050 nihilo
499 4991 567 5060 est,
591 4975 688 5068 quod
709 4974 858 5066 legimus
872 4977 967 5066 apud
986 4972 1077 5045 Dio·
1128 4985 1272 5066 poteus,
1299 4983 1458 5053 aeterne,
1482 4981 1517 5037 et
1533 4968 1612 5040 vive
1625 4965 1740 5053 Deus,
1764 4981 1904 5040 aeterne
1924 4986 2024 5061 pater
2039 4968 2116 5042 Do·

99 5080 246 5165 bium,
283 5080 330 5151 ab
347 5075 521 5172 Apostolo
546 5071 799 5148 Bartholomeo
826 5077 960 5148 dictum
992 5099 1077 5162 esse,
1129 5072 1219 5144 miui
1234 5072 1346 5143 nostri
1361 5064 1599 5154 lesuChristi,
1627 5070 1773 5155 invoco,
1798 5071 1858 5163 qui
1876 5085 1909 5141 te
1925 5073 2116 5162 patefecisti

99 5181 322 5273 *eugelium
347 5204 421 5251 esse
442 5181 588 5269 longum
614 5192 649 5249 et
664 5180 782 5249 breve.
833 5177 979 5251 Summa
995 5180 1077 5249 bre·
1129 5176 1300 5245 immensa
1323 5174 1503 5257 bonitate,
1533 5183 1567 5241 et
1588 5172 1742 5241 clamasti
1760 5172 1804 5240 de
1819 5171 1892 5242 tilio
1912 5187 1973 5245 tuo
1989 5171 2117 5243 Domi-

99 5282 280 5359 !eetradi
295 5294 427 5373 potest,
451 5282 513 5352 sed
526 5280 698 5374 paulatim
712 5280 943 5352 meditatione
955 5293 990 5350 et
1002 5281 1077 5351 col·
1129 5302 1178 5350 no
1201 5288 1325 5347 nostro
1350 5272 1428 5345 lesu
1445 5267 1606 5344 Christo:
1638 5269 1746 5341 Hunc
1756 5273 1885 5344 audite.
1942 5270 2118 5346 Conditor

99 5386 220 5461 tione
250 5378 538 5477 propheticarum
567 5395 603 5452 et
636 5383 909 5475 apostolicarum
932 5384 1076 5453 concio·
1130 5379 1290 5451 omnium
1318 5400 1455 5456 rerum,
1489 5389 1524 5446 et
1557 5385 1802 5459 mnservator,
1841 5399 1922 5447 cum
1955 5375 2030 5446 filio
2055 5389 2118 5448 tuo

1422 5470 1502 5548 89*
