4664 6022
136 290 226 371 sss-
822 290 985 373 oact.
1017 291 1095 369 ou
1128 284 1508 395 auraqosuo.
2116 294 2193 373 sss

132 462 348 558 Agricolae,
372 486 441 548 sua
454 464 608 562 quisque
623 489 690 560 pro
704 466 876 559 opinione
899 467 955 560 (ut
972 483 1024 541 est
1039 467 1142 560 inge-
1191 462 1287 535 libus
1301 464 1404 551 duos,
1423 466 1574 538 totidem
1587 467 1633 537 de
1645 465 1749 561 aequi
1766 467 2057 560 ponderantibus.
2093 468 2192 542 Scri·

132 568 244 643 mum
257 562 447 640 bominum
463 571 509 640 ad
531 593 607 640 rem
622 570 704 662 plus
718 571 802 642 satis
817 567 1015 668 attentum)
1038 594 1141 662 agros
1190 567 1261 660 psit
1277 567 1362 638 item
1376 569 1420 637 de
1436 569 1542 639 lineis
1564 570 1774 664 spiralibus,
1800 570 1863 642 ubi
1885 572 2192 646 circumferentiae

132 694 225 747 suos
241 670 391 744 delinire
408 672 591 764 cupiebat,
614 672 749 768 quique
768 674 843 744 sive
858 698 1041 759 sermone,
1064 675 1140 745 sive
1189 669 1315 740 circuli
1338 671 1520 764 aequalem
1542 686 1676 745 rectam
1696 673 1882 767 designare
1906 689 2074 763 conatur,
2100 701 2190 771 qua·

132 773 280 861 viribus
303 773 384 866 plus
406 775 554 849 caeteris
574 776 706 857 valuit,
738 778 878 848 tametsi
901 791 1005 849 antea
1026 800 1141 867 angu-
1188 784 1292 845 tenus
1310 773 1483 844 circulum
1499 775 1675 870 quadrare
1687 775 1809 861 liceat,
1835 778 1930 872 quod
1949 779 2095 873 quidem
2112 781 2188 871 ple-

132 890 235 951 stnm
251 870 398 949 baberet
414 900 558 968 agrum,
584 903 649 970 pro
665 878 769 949 libito
786 880 957 951 terminos
973 879 1139 955 instituit.
1188 874 1307 969 risque
1321 877 1571 948 vetustissimis
1588 872 1818 971 Philosophia
1833 881 2030 974 quaesitum
2046 894 2117 967 est,
2142 884 2187 952 ad

134 976 243 1073 Quae
266 1002 323 1051 res
346 1003 427 1051 cum
452 994 590 1071 praeter
604 1006 759 1077 aequum
773 996 811 1054 et
831 984 968 1054 bonum
984 997 1139 1056 vertere-
1188 990 1349 1070 tempora
1368 1003 1481 1073 usque
1505 978 1710 1054 Aristotelis
1735 995 1853 1055 autem
1878 1007 1898 1052 a
1922 984 2065 1054 nemine
2088 1008 2185 1054 com·

134 1096 218 1165 tur,
243 1083 288 1153 ad
303 1077 510 1175 Principem
534 1084 611 1157 eins
630 1085 764 1178 patriae
782 1085 949 1158 devoluta
971 1100 1039 1159 est:
1073 1085 1137 1181 qui
1188 1094 1345 1174 pertum:
1372 1083 1473 1153 cuius
1488 1083 1540 1153 rei
1557 1083 1707 1175 gloriam
1724 1084 1892 1155 nonnulli
1909 1100 2029 1158 nostra
2050 1101 2186 1180 tempe-

132 1185 231 1259 iussa
253 1185 409 1279 quadam
432 1186 590 1273 ratione,
626 1188 873 1283 mensurisque
894 1189 1017 1276 certis,
1054 1213 1137 1259 suos
1188 1197 1275 1255 state
1293 1183 1361 1253 viri
1375 1184 1562 1255 clarissimi
1579 1187 1850 1279 praestolantur.
1892 1183 1951 1260 Ab
1968 1184 2186 1262 Archimede

134 1288 269 1387 eoique
281 1287 462 1378 reparavit
478 1289 620 1365 limites.
664 1288 723 1362 Sic
741 1291 900 1383 generali
914 1306 948 1363 et
965 1292 1137 1363 inusitato
1188 1286 1335 1379 insuper
1347 1289 1649 1360 mensurationem
1663 1289 1787 1361 circuli
1802 1291 2013 1385 accepimus,
2030 1295 2185 1387 quadra-

133 1392 295 1487 quodam
325 1390 483 1484 impulsu
509 1392 717 1464 mortalium
743 1394 856 1464 animi
880 1395 926 1463 ad
952 1417 1138 1468 mensuras
1187 1402 1304 1459 turam
1321 1390 1534 1481 parabolae,
1560 1406 1595 1463 et
1610 1416 1739 1465 arenae
1758 1417 1960 1472 numerum.
2010 1393 2105 1468 Sunt
2120 1393 2185 1491 qui

133 1494 341 1585 vacandas
362 1495 544 1583 conversi,
569 1519 716 1589 coepere
732 1496 942 1569 alteralteri
957 1497 1137 1592 quaestio-

132 1618 200 1681 nes
219 1620 438 1690 proponere:
463 1611 498 1669 et
519 1598 689 1694 quicquid
711 1599 751 1669 in
772 1593 1020 1671 huiuscemodi
1037 1624 1135 1671 exer-

132 1698 230 1789 citiis
258 1699 351 1770 bene
371 1699 558 1773 inventum
580 1703 777 1795 putabant,
807 1703 971 1797 quamvis
997 1703 1138 1794 indige-

134 1816 253 1893 stum,
279 1815 321 1874 ut
335 1801 386 1875 ita
400 1803 549 1898 loquar,
572 1801 691 1876 adhuc
705 1806 815 1890 foret,
839 1805 952 1877 literis
967 1809 1137 1877 mandare

133 1906 365 1989 studuerunt.
414 1904 593 1979 Paulatim
614 1933 758 2003 quoque
774 1908 814 1979 in
828 1908 957 1979 vicinis
978 1908 1136 2002 regioni·

132 2007 350 2087 bns-itidem
366 2021 485 2079 actum
501 2023 564 2084 est.

137 2170 152 2203 ,
239 2108 346 2181 Talia
367 2111 497 2204 scripta
521 2113 675 2205 plurima
698 2115 743 2185 ad
757 2138 886 2186 manus
902 2115 1046 2185 tandem
1058 2109 1137 2187 Eu-

134 2210 244 2289 ciidis
263 2210 483 2304 Megarensis
506 2240 717 2308 pervenere,
750 2217 881 2311 quibus
904 2218 1037 2310 etipse
1060 2241 1135 2289 nou

136 2338 252 2413 pauca
267 2340 334 2409 pro
349 2318 513 2388 acumine
527 2319 663 2410 ingenii
677 2319 732 2390 sui
749 2319 901 2393 addidit.
947 2317 1002 2393 Ne
1017 2334 1135 2392 autem

135 2432 255 2503 unu,
278 2432 421 2512 tamque
435 2420 607 2494 diuturna
621 2423 819 2515 priscorum
837 2418 1027 2495 hominum
1044 2423 1135 2514 vigi-

134 2520 249 2617 lantia
267 2524 493 2613 perderetur,
518 2525 635 2617 coepit
652 2525 692 2594 in
709 2525 879 2597 tredecim
898 2526 1021 2612 libris,
1046 2548 1136 2620 quos

132 2624 228 2701 iuste
252 2624 391 2695 vocavit
405 2621 611 2713 Elementa,
634 2629 731 2722 quod
754 2652 795 2699 ex
818 2628 868 2698 eis
886 2652 1010 2700 omnes
1027 2628 1135 2699 disci-

131 2728 260 2825 pliuae
278 2729 476 2821 pendeant,
506 2731 751 2803 conclusiones
772 2731 901 2822 passim
919 2732 1027 2802 lectas
1049 2756 1135 2802 con·

131 2828 312 2919 tribcre,
332 2830 586 2927 scientiamque
608 2833 719 2905 totius
742 2834 875 2904 codicis
891 2831 1134 2907 Geometriam

131 2912 329 3029 fippellare,
353 2936 451 3028 quod
468 2935 559 3006 circa
575 2951 688 3009 terrae
704 2937 962 3007 dimensionem
980 2938 1134 3030 primor-

129 3036 196 3131 giis
226 3058 294 3109 sua
321 3030 521 3125 habuisset,
553 3041 611 3109 cui
640 3039 807 3131 deinceps
831 3037 1018 3133 Hypsicles
1044 3042 1135 3111 duos

128 3138 252 3231 libros
266 3136 415 3222 adiecit,
442 3165 531 3233 quos
548 3143 742 3234 appellavit
763 3141 947 3227 relativos,
971 3144 1067 3238 quod
1089 3143 1135 3211 ad

128 3240 308 3329 tredecim
325 3236 488 3313 Euclidis
505 3244 619 3315 libros
639 3245 818 3315 referendi
839 3258 973 3329 essent,
999 3246 1037 3314 in
1054 3244 1135 3339 qui·

125 3346 206 3439 isus
239 3344 471 3437 proportione
498 3347 657 3442 quinque
690 3372 881 3439 corporum
908 3347 1136 3437 regularium,

132 3444 458 3541 inscriptionesque
487 3465 628 3521 mutuas
657 3466 764 3544 atque
792 3450 1135 3544 circumscriptiones

128 3545 300 3635 tradidit.
350 3551 502 3621 Bo'o‘tius
524 3567 642 3624 autem
667 3567 788 3623 noster
812 3554 849 3622 in
863 3551 1032 3624 Latinum
1056 3577 1136 3622 ver-

128 3666 218 3729 tens
241 3646 405 3723 Euclidis
427 3655 613 3741 tredecim,
646 3670 681 3727 et
696 3654 878 3751 Hypsiclis
899 3659 990 3726 duos
1012 3656 1136 3740 libros,

126 3754 308 3849 yolumen
326 3780 439 3826 unum
457 3757 626 3832 latinitati
639 3759 837 3840 contexuit,
862 3758 1024 3852 quamvis
1039 3782 1135 3830 eom-

1188 1491 1367 1583 scripsisse
1389 1517 1470 1564 eum
1493 1508 1651 1566 asserant
1665 1490 1932 1585 Mechanicam,
1957 1497 2022 1569 ubi
2045 1498 2184 1570 electis-

1188 1594 1275 1665 sima
1298 1596 1344 1664 ad
1360 1594 1479 1665 varios
1501 1621 1587 1669 usus
1608 1598 1750 1689 collegit
1766 1600 1927 1692 ingenia,
1951 1602 1997 1671 de
2011 1601 2183 1693 ponderi-

1188 1699 1273 1782 bus,
1297 1697 1342 1767 de
1365 1723 1477 1791 aquae
1499 1700 1685 1787 ductibus,
1710 1714 1745 1771 et
1767 1703 1931 1785 caeteris,
1957 1727 2048 1799 quae
2070 1727 2182 1799 usque

1187 1795 1254 1869 hac
1279 1799 1400 1870 videre
1421 1826 1496 1872 non
1526 1802 1640 1876 licuit.
1693 1802 1844 1896 Speculo
1868 1819 1988 1877 tamen
2010 1807 2087 1878 eius
2109 1831 2182 1902 quo

1186 1915 1289 1995 pacto
1305 1902 1409 1985 hant,
1434 1904 1540 1997 plene
1559 1906 1761 1980 didicimus.
1813 1905 1854 1979 Si
1870 1904 1933 2003 qui
1951 1902 2106 1981 vestrhm
2127 1933 2183 1979 se-
2236 1924 2246 1941 ³

1187 2017 1362 2077 cretarum
1378 2030 1497 2077 rerum
1510 2010 1663 2081 cultores
1676 2010 1842 2097 existunt,
1862 2011 1983 2083 omnia
2000 2012 2071 2083 iam
2085 2038 2183 2084 nunc

1186 2123 1460 2180 commemorata
1477 2114 1685 2204 propediem
1699 2112 1821 2184 videre
1836 2127 2017 2208 poterunt.
2067 2110 2184 2209 Apol-

1187 2211 1306 2281 lonius
1325 2236 1487 2305 quoque,
1510 2215 1573 2285 ubi
1595 2216 1633 2284 in
1654 2213 1824 2287 Latinum
1845 2241 1887 2288 ex
1904 2215 2044 2289 Graeco
2060 2240 2183 2289 versus

1186 2314 1312 2400 fuerit,
1349 2315 1487 2385 nemini
1510 2308 1667 2388 vestnim
1696 2343 1770 2388 non
1798 2320 2030 2392 admirandus
2051 2319 2182 2392 veniet.

1186 2414 1257 2488 Sed
1272 2440 1414 2501 vereor,
1440 2443 1485 2489 ue
1501 2419 1542 2489 in
1559 2420 1651 2490 mari
1668 2435 1739 2491 tam
1759 2423 1916 2513 spacioso
1934 2424 2087 2494 nimium
2103 2424 2181 2495 vela

1186 2519 1430 2596 distenderim.
1468 2519 1654 2595 Resumite
1669 2547 1799 2618 quaeso
1815 2539 1973 2619 coeptam
1992 2526 2030 2597 in
2046 2550 2103 2596 me
2117 2528 2182 2597 be-

1186 2621 1448 2705 nevolentiam,
1477 2648 1541 2715 ego
1564 2624 1699 2697 interea
1720 2629 1765 2698 ad
1790 2627 1892 2700 littus
1915 2652 2036 2700 secure
2052 2653 2181 2699 conce·

1186 2726 1279 2795 dam.
1314 2723 1405 2796 Nam
1423 2741 1505 2818 post
1520 2726 1713 2801 Eutocium
1729 2727 1970 2801 Ascalonitam
1986 2729 2181 2802 Commen-
2300 2783 2305 2797 .

1186 2826 1317 2899 tarium
1341 2822 1585 2913 Archimedis,
1625 2845 1706 2924 post
1725 2825 1921 2905 Theodosii
1948 2835 1993 2906 de
2021 2829 2180 2926 sphaeris

1186 2944 1258 3002 tres
1277 2930 1408 3018 libros,
1439 2946 1519 3025 post
1544 2932 1751 3005 Menelaum
1776 2937 1820 3006 de
1842 2931 2034 3029 sphaericis
2060 2936 2181 3027 liguris

1185 3032 1359 3125 plurimos
1380 3034 1557 3109 adducere
1577 3060 1713 3129 possem
1738 3037 1777 3106 in
1790 3038 1941 3111 diversis
1959 3038 2092 3130 linguis
2107 3039 2181 3110 cla-

1186 3136 1343 3205 rissimos
1361 3132 1588 3209 Geometriae
1611 3141 1820 3233 scriptores,
1845 3142 1916 3211 nisi
1935 3143 2102 3236 temporis
2115 3167 2181 3212 an·

1186 3238 1299 3329 gustia
1318 3250 1462 3313 vetaret.
1507 3239 1750 3330 Quamobrem
1765 3248 1810 3313 ad
1827 3247 2021 3315 secundum
2038 3239 2180 3314 Mathe-

1187 3340 1334 3410 maticae
1354 3364 1466 3431 genus
1487 3343 1705 3415 veniendum
1729 3368 1873 3427 censeo,
1906 3349 2002 3440 quod
2027 3345 2136 3417 veluti
2159 3371 2180 3416 a

1186 3466 1336 3513 numero
1352 3444 1442 3516 solet
1457 3446 1702 3532 denominari,
1728 3447 1776 3518 ita
1790 3448 1829 3517 in
1846 3472 2076 3519 numerorum
2093 3473 2181 3518 con-

1187 3545 1417 3639 templatione
1453 3563 1622 3641 perpetuo
1654 3564 1828 3622 versatur.
1887 3546 2052 3647 ἀριθμὸς
2084 3550 2181 3620 enim

1187 3646 1340 3736 Graece,
1366 3674 1537 3721 numerus
1556 3650 1684 3726 Latine
1705 3653 1852 3725 dicitur:
1879 3656 1977 3724 unde
1998 3648 2182 3750 oipsdpte‘w,

1186 3752 1224 3823 id
1240 3765 1293 3823 est
1306 3776 1474 3824 numero:
1501 3768 1536 3827 et
1554 3756 1639 3826 inde
1661 3750 1907 3851 ἀριθμητικὴ,
1934 3757 2036 3851 quasi
2055 3782 2181 3827 nume-

125 3872 302 3950 mmtum
335 3884 430 3945 non,
470 3861 576 3931 utin
603 3860 740 3933 Graeco
768 3861 876 3947 iacet,
915 3861 1137 3956 expresserit.
1187 3856 1298 3927 rativa
1315 3872 1553 3949 nuncupatur.
1605 3857 1677 3931 Ubi
1693 3874 1810 3931 autem
1827 3861 1985 3951 gentium
2004 3858 2182 3953 principio

125 3958 238 4053 Eine
259 3956 505 4046 Adelhardus,
532 3977 566 4032 et
587 3962 776 4049 Aifredus,
802 3990 843 4035 ac
867 3968 1010 4035 tandem
1030 3962 1137 4036 Cam·
1187 3958 1257 4029 coli
1279 3959 1434 4052 coeperit
1463 3955 1549 4031 haec
1572 3961 1757 4033 rationalis
1780 3963 1990 4055 disciplina,
2020 3976 2055 4033 et
2077 3985 2181 4057 quem

126 4087 257 4159 panus
278 4087 338 4134 eos
354 4065 559 4157 quindecim
582 4064 694 4137 libros
712 4081 881 4161 tanquam
895 4068 973 4138 solo
984 4062 1136 4137 Euclide
1189 4060 1344 4153 primum
1378 4060 1453 4131 eius
1486 4066 1664 4155 egregium
1701 4064 1920 4156 proferamus
1955 4066 2183 4157 scriptorem,

126 4168 256 4259 ¹editos
279 4181 468 4239 retractare
488 4168 566 4240 ausi
589 4184 686 4241 suut:
713 4170 768 4240 illi
790 4171 932 4264 quidem
960 4173 1138 4261 eleganter
1188 4157 1283 4236 haud
1298 4164 1383 4236 satis
1400 4169 1591 4257 comperio.
1630 4164 1720 4235 Nam
1738 4166 1804 4237 etsi
1821 4162 2042 4263 Pythagorae
2057 4191 2185 4237 nssme-

128 4294 177 4345 ac
190 4269 420 4351 brevissime,
448 4271 513 4341 iste
530 4272 857 4345 verolucidissime.
899 4272 997 4343 Haec
1012 4276 1057 4343 de
1075 4296 1137 4364 pa·
1189 4293 1310 4338 rorum
1336 4266 1461 4359 peritia
1484 4271 1578 4360 apud
1598 4282 1757 4361 posteros
1781 4271 2081 4343 immortalitatem
2098 4270 2184 4339 reli·

129 4388 192 4451 tre
207 4372 374 4443 omnium
394 4371 667 4444 Geometrarum
684 4371 845 4458 Euclide,
871 4376 929 4445 cui
946 4378 1139 4447 succedunt
1189 4370 1326 4464 querit,
1350 4383 1426 4439 tum
1443 4372 1539 4465 quod
1553 4370 1750 4464 peregrinis
1764 4374 2050 4466 praeceptoribus
2067 4368 2184 4465 Aegy·

125 4470 379 4563 Archimedes
395 4474 639 4570 Syracusanus
654 4478 753 4562 civis,
776 4473 1037 4571 etApollonius
1050 4476 1138 4546 Per-
1190 4472 1274 4566 ptiis
1287 4485 1392 4565 atque
1408 4469 1609 4559 Arabibus,
1643 4476 1703 4568 qui
1728 4476 1922 4567 plurimum
1945 4476 1983 4543 in
2008 4498 2049 4543 eo
2065 4473 2184 4542 studio

128 4600 267 4673 gneus,
292 4578 340 4648 ob
357 4578 492 4669 ingenii
508 4581 734 4651 altitudinem
752 4581 897 4651 divinus
912 4580 1031 4653 vocari
1052 4578 1139 4649 soli·
1192 4577 1399 4660 valuerunt,
1424 4597 1461 4644 se
1484 4578 1705 4658 submiserit,
1732 4592 1808 4648 tum
1831 4579 1926 4673 quod
1954 4592 2196 4644 numerorum·

123 4698 214 4755 ,tusc
241 4704 396 4772 quorum
417 4695 499 4751 uter
513 4684 616 4754 alteri
633 4684 884 4774 praeferendus
900 4684 962 4769 sit,
989 4707 1064 4752 uon
1085 4683 1140 4751 ia·
1191 4692 1284 4749 certa
1316 4678 1524 4770 compagine
1549 4680 1669 4751 omnia
1696 4695 1844 4751 naturae
1879 4691 2009 4749 secreta
2036 4675 2186 4747 scrutari

130 4786 209 4859 ciie
225 4783 365 4853 dixero.
396 4780 486 4853 Nam
503 4785 566 4855 etsi
581 4782 800 4876 Apollonius
814 4780 1001 4857 Elementa
1017 4784 1138 4856 conica
1192 4780 1393 4865 tentaverit,
1412 4782 1516 4873 longe
1531 4796 1649 4852 tamen
1664 4782 1827 4873 digniora
1837 4778 2006 4851 Euclides
2022 4780 2103 4850 iecit
2117 4804 2185 4849 nu·

130 4888 180 4959 in
202 4898 285 4957 octo
309 4885 428 4967 libris,
452 4912 540 4981 quos
557 4889 720 4958 nondum
737 4888 827 4959 vidit
848 4888 1029 4973 latinitas,
1054 4888 1141 4957 sub-
1192 4907 1372 4953 merorum
1398 4884 1628 4954 fundamenta
1652 4886 1689 4952 in
1707 4886 1822 4954 tribus
1843 4884 1944 4952 libris
1960 4884 2053 4964 suis,
2078 4882 2187 4975 septi·

129 4989 303 5067 tilissimi
318 4988 584 5080 conscripserit,
609 4984 863 5061 Archimedem
882 5005 1001 5063 tamen
1019 4988 1140 5060 Siculo
1191 5011 1273 5066 mo,
1298 5000 1423 5056 octavo
1442 5001 1477 5059 et
1489 5011 1605 5058 nono:
1631 4988 1727 5055 sande
1745 5001 1779 5058 et
1794 4984 1967 5058 Iordanus
1983 4987 2102 5055 decem
2118 5009 2189 5055 nu-

131 5093 297 5167 varietas
329 5115 449 5161 rerum
479 5093 654 5164 editarum
685 5093 922 5184 principatum
950 5090 1141 5163 contulisse
1193 5111 1372 5157 merorum
1390 5088 1562 5159 elementa
1577 5088 1760 5180 decerpsit.
1813 5088 1909 5158 Hinc
1925 5103 1996 5160 tres
2017 5090 2131 5159 libros
2144 5088 2188 5156 de

123 5197 307 5279 ‚videtum
334 5218 442 5287 quem
460 5196 527 5264 suh
541 5194 691 5267 Nicolao
713 5196 839 5289 quinto
860 5219 999 5265 summo
1015 5192 1142 5265 Ponti·
1194 5190 1286 5259 datis
1308 5214 1539 5263 numerorum
1563 5186 1820 5282 pulcherrimos
1837 5192 1967 5277 edidit,
1991 5186 2189 5283 Diophanti

123 5302 206 5375 fica
243 5294 393 5368 lacobus
427 5298 573 5390 quidam
599 5297 851 5370 Cremonensis
876 5296 1067 5383 Latinum,
1102 5320 1143 5365 ex
1194 5308 1311 5364 autem
1337 5294 1503 5363 tredecim
1525 5294 1635 5364 libros
1659 5294 1925 5375 subtilissimos,
1950 5320 2055 5364 nemo
2079 5314 2191 5385 usque

123 5398 287 5475 Gracco
318 5400 492 5471 reddidit:
532 5402 623 5471 duos
658 5402 702 5470 de
735 5396 885 5492 sphaera
911 5414 946 5471 et
979 5400 1143 5497 cylindro
1197 5392 1261 5466 hac
1286 5420 1326 5465 ex
1350 5393 1498 5466 Graecis
1517 5394 1666 5467 Latinos
1688 5396 1789 5483 fecit,
1824 5398 2006 5490 inquibus
2030 5398 2096 5466 ssos
2118 5398 2191 5489 ipse

136 5504 261 5579 libros
285 5502 503 5595 composuit:
529 5505 574 5573 de
591 5500 852 5575 Conoidalibus
875 5518 909 5575 et
926 5498 1145 5596 Spheroida-
1197 5500 1306 5573 totius
1323 5495 1580 5672 Arithmetche
1603 5500 1706 5587 latet,
1730 5524 1788 5569 ars
1802 5500 1966 5571 videlicet
1985 5500 2035 5571 rei
2058 5514 2092 5572 et
2109 5522 2194 5572 ceu-

315 5728 331 5763 θ
