4664 6022
75 120 152 197 ssr
545 70 811 195 naeuos
847 104 1070 183 mansu
1103 104 1255 184 nucu
1288 105 1413 183 sax.
1442 103 1649 182 auser.
1787 116 1794 129 ·
2043 108 2122 185 sss

73 319 167 380 esse,
188 316 262 367 non
283 287 561 384 pleooecticum,
586 310 658 356 non
683 287 859 366 sucatum,
884 306 960 352 uon
979 281 1069 351 iusi·
1119 305 1204 353 vero
1218 281 1288 350 sibi
1307 280 1375 373 ipsi
1389 280 1577 351 exitiosum
1594 304 1678 351 esse.
1727 279 1814 353 Non
1830 282 2034 355 dubitemus
2049 283 2120 375 igi-

71 397 235 481 diosum,
260 417 334 466 non
350 391 523 474 lividum,
549 412 623 459 non
647 386 826 479 suspicax,
850 382 1008 456 alienum
1023 387 1070 456 ab
1118 400 1197 476 tur,
1222 384 1331 453 luisse
1352 384 1448 453 viros
1469 385 1585 455 bonos
1609 378 1675 454 bos
1696 382 1793 475 ipsos
1816 381 2020 476 Principes,
2047 382 2119 457 Er·

71 497 331 579 aemulatione,
355 520 375 564 a
396 491 622 577 crudelitate,
650 493 696 560 ab
719 487 890 572 avaritia,
919 486 1069 557 curiosi·
1117 502 1258 557 nestum
1292 498 1325 556 et
1360 484 1568 567 Albertnm,
1607 501 1641 556 et
1673 487 1803 555 deinde.
1829 484 2050 558 Fridericum
2080 503 2117 559 et

72 616 162 684 tate,
195 586 605 694 anoivnpuypsootis‘q,
638 593 788 663 candide
812 614 914 659 suum
941 590 1069 683 cuique
1120 590 1306 678 loannem,
1333 589 1415 683 quia
1433 589 1532 658 nulla
1556 589 1649 657 inter
1673 612 1731 658 eos
1754 589 1929 659 discordia
1957 615 2116 684 unquam

72 707 191 775 locum
210 703 389 783 tribuens,
414 699 568 788 fugitans
589 695 763 775 rixarum,
790 715 913 760 amans
934 692 1068 782 princi·
1118 693 1246 763 extitit:
1274 706 1309 762 et
1331 693 1461 761 talibus
1484 691 1653 782 exemplis
1677 715 1742 761 nos
1765 693 1956 761 invitemus
1975 697 2018 763 ad
2042 695 2115 762 fra-

71 831 157 901 pum
201 801 500 874 consociationem
538 813 573 868 et
608 799 785 888 publicam
830 795 1067 867 concordiam.
1117 812 1253 866 ternam
1274 793 1500 863 concordiam
1519 796 1698 864 tuendam.
1733 791 1934 864 Adiiterem
1951 789 2115 889 hisquae

70 907 148 980 llas
167 909 314 976 virtutes
336 905 479 994 regebat
501 925 575 970 non
597 900 785 971 ostentatio
801 897 995 989 sapientiae
1010 921 1068 966 so·
1117 898 1353 968 communiter
1368 895 1521 986 egerint,
1546 898 1605 966 sed
1627 898 1795 985 temporis
1813 898 1974 986 angustia
2000 897 2116 991 impe·

69 1007 244 1104 phistica,
278 1009 336 1077 sed
370 1030 450 1075 vera
483 1004 693 1095 prudentia,
727 1003 869 1070 intuens
893 999 1066 1070 virtutum
1118 1003 1206 1070 dior.
1251 998 1407 1069 Tantum
1429 994 1513 1068 baec
1529 998 1627 1089 signa
1646 1024 1764 1067 rerum
1782 999 1997 1084 futurarum,
2024 1024 2115 1093 quae

69 1116 205 1196 fontes,
240 1122 422 1204 praecepta
443 1107 526 1191 Dei,
558 1119 593 1176 et
615 1105 841 1195 disciplinam
866 1126 886 1173 a
909 1102 1069 1172 moribus
1118 1104 1260 1197 utrique
1279 1102 1387 1170 simul
1413 1120 1552 1170 ostensa
1576 1116 1678 1181 sunt,
1706 1103 1874 1174 recitabo.
1927 1098 1981 1171 Eo
2006 1126 2115 1183 anno,

70 1217 251 1288 traditam.
309 1209 382 1283 Nec
406 1210 525 1280 deerat
548 1209 581 1277 ei
616 1209 780 1279 facundia
810 1209 854 1276 ad
887 1228 1068 1296 exponen·
1117 1231 1187 1298 quo
1218 1203 1373 1294 primum
1396 1227 1517 1272 meuse
1545 1203 1738 1275 Novembri
1766 1206 1880 1276 editae
1905 1219 1989 1276 sunt
2011 1228 2114 1275 reve-

71 1323 154 1389 dam
171 1315 283 1384 animi
298 1313 520 1385 sententiam.
1119 1309 1220 1378 rendi
1244 1307 1310 1375 viri
1328 1305 1372 1377 D.
1396 1302 1545 1377 Lutberi
1571 1307 1832 1405 propositiones
1856 1310 1902 1377 dc
1923 1307 2115 1397 indulgen-

172 1416 263 1489 Cum
283 1428 401 1487 autem
424 1429 459 1486 et
474 1416 583 1484 frater
597 1438 639 1483 ex
662 1412 758 1482 bello
779 1410 917 1481 Veneto
942 1410 980 1478 in
1003 1432 1068 1500 pa·
1117 1411 1194 1495 tiis,
1229 1433 1309 1479 cum
1329 1434 1370 1479 ex
1396 1411 1530 1499 templo
1554 1408 1760 1480 Wimariae
1782 1411 1819 1479 in
1846 1410 1957 1480 natali
1979 1405 2115 1480 Christi

71 1522 177 1594 triam
194 1518 365 1601 rediisset,
391 1517 438 1587 ita
455 1516 619 1588 viserunt
634 1538 704 1585 una
721 1513 875 1606 primum
891 1513 930 1581 iu
946 1515 1066 1582 eadem
1117 1516 1188 1584 duo
1211 1513 1353 1596 fratres,
1385 1525 1418 1581 et
1436 1512 1529 1581 filius
1544 1508 1624 1582 Dux
1642 1511 1792 1583 loannes
1806 1512 2013 1584 Fridericus
2030 1536 2115 1598 una,

71 1629 200 1707 domo,
225 1634 345 1715 postca
361 1619 510 1689 diversis
532 1619 638 1688 locis:
663 1640 738 1686 non
759 1617 876 1685 solum
898 1626 940 1685 ut
959 1613 1068 1685 fuerit
1117 1630 1196 1709 post
1221 1615 1372 1683 mediam
1398 1627 1555 1698 noctem,
1596 1628 1635 1684 ut
1659 1639 1783 1705 magna
1808 1618 1844 1685 in
1867 1630 2018 1710 utroque
2041 1627 2116 1686 erat

72 1741 239 1821 perpetua
263 1726 422 1816 ipsorum
453 1722 665 1806 concordia,
705 1719 896 1789 sedetiam
923 1731 1067 1787 mutuus
1118 1718 1315 1788 reverentia
1332 1740 1412 1806 erga
1427 1740 1483 1786 res
1502 1716 1661 1801 divinas,
1691 1720 1923 1807 egrediuntur
1946 1742 2026 1788 cum
2042 1718 2116 1788 sre-
2173 1732 2177 1745 '

74 1854 189 1913 amor,
215 1826 329 1921 quiin
348 1850 471 1895 eorum
487 1838 645 1905 senecta,
670 1823 709 1891 in
726 1822 911 1913 utriusque
927 1820 1068 1913 pericu·
1118 1821 1240 1916 quenti
1258 1820 1446 1903 comitatu,
1475 1820 1597 1889 vident
1613 1842 1720 1912 supra
1738 1845 1874 1904 arcem,
1901 1818 1999 1891 ¹coelo
2021 1843 2116 1890 sere-

72 1933 115 2002 lis
147 1947 182 2002 et
212 1929 429 2020 gravissimis
461 1925 782 1997 deliberationibus
812 1929 916 1994 etiam
947 1920 1068 1993 crevit.
1117 1949 1182 2009 no,
1207 1923 1399 2012 fulgentem
1419 1946 1557 1991 crucem
1578 1946 1811 2014 purpuream,
1836 1924 1920 1994 satis
1937 1946 2115 2013 magnam,

71 2035 125 2106 De
141 2032 278 2104 arcanis
294 2033 401 2102 rebus
417 2029 585 2099 omnibus
607 2031 702 2099 inter
723 2049 796 2096 sese
810 2027 1068 2109 deliberabant,
1117 2041 1151 2097 et
1167 2027 1348 2117 perspicue
1370 2048 1530 2114 expressa
1549 2025 1672 2114 ligura.
1727 2024 1781 2094 lbi
1799 2050 1878 2095 cum
1896 2025 1959 2096 diu
1981 2037 2115 2096 starent

70 2137 192 2208 omnia
216 2136 255 2203 iu
270 2131 467 2225 Republica
485 2129 755 2202 communicatis
777 2126 963 2199 sententiis
982 2151 1067 2196 con·
1117 2128 1259 2200 attoniti
1280 2140 1511 2219 spectatores,
1547 2128 1673 2197 fratres
1695 2128 1852 2221 colloqui
1870 2130 1914 2196 de
1942 2128 2116 2218 religione

70 2240 277 2310 stituebant.
339 2230 430 2304 Erat
462 2233 636 2301 excellens
671 2231 842 2323 sapientia
877 2228 1067 2299 Friderici:
1117 2246 1326 2323 coeperunt:
1359 2244 1392 2298 et
1417 2254 1457 2298 eo
1479 2230 1581 2319 signo
1603 2231 1768 2321 portendi
1785 2232 1903 2301 futura
1921 2230 2115 2301 certamina

70 2363 183 2433 eoque
200 2338 320 2406 minus
338 2335 407 2403 sibi
430 2334 627 2414 tribuebat,
661 2347 696 2403 et
719 2333 850 2419 sciebat
869 2332 971 2403 fratri
994 2356 1065 2401 non
1117 2337 1160 2405 de
1183 2333 1364 2416 doctrina,
1389 2346 1423 2403 et
1447 2334 1575 2402 domus
1602 2330 1796 2402 Saxonieae
1819 2333 1996 2425 pericula,
2023 2329 2115 2403 vati·

71 2446 190 2513 deesse
212 2436 423 2520 consilium,
448 2449 482 2506 et
499 2436 691 2526 gubernari
710 2438 887 2505 bonorum
907 2436 1066 2504 virorum
1116 2437 1225 2506 cinati
1241 2450 1335 2505 sunt.
1389 2430 1529 2505 Accidit
1547 2434 1652 2506 etiam
1678 2437 1749 2505 illis
1764 2437 1885 2520 annis,
1910 2450 1952 2506 ut
1974 2459 2054 2505 cum
2072 2457 2115 2505 ex

71 2553 206 2611 mentes
221 2565 240 2608 a
256 2538 333 2610 Deo
347 2540 540 2621 statuebat,
564 2539 705 2632 qualem
721 2562 794 2608 esse
807 2540 952 2608 fratrem
970 2537 1065 2605 iudi-
1117 2538 1260 2629 Argelia
1283 2539 1321 2607 in
1347 2534 1432 2608 Albi
1461 2539 1670 2627 navigarent
1695 2537 1945 2628 Witebcrgam
1975 2537 2013 2605 in
2038 2537 2115 2628 ipss

70 2645 180 2713 cabat.
232 2638 371 2709 Deinde
389 2642 434 2707 ad
450 2639 734 2710 benevolentiam
753 2644 941 2722 tuendam,
969 2654 1003 2708 et
1020 2639 1063 2707 ad
1118 2643 1261 2720 bruma,
1289 2640 1390 2709 navis
1413 2641 1552 2711 duriter
1570 2654 1731 2734 quassata
1753 2642 1798 2711 sit
1822 2641 1950 2731 glaeie,
1976 2653 2017 2710 ut
2040 2662 2114 2708 non

68 2742 335 2832 significandam
358 2742 626 2834 aequalitatem,
650 2743 828 2832 pertinere
854 2737 945 2811 banc
967 2765 1065 2810 com·
1117 2767 1242 2834 parvas
1258 2743 1369 2812 moles
1383 2743 1564 2812 interdum
1580 2737 1678 2814 vehit
1689 2742 1804 2816 Albis.
1837 2741 1978 2813 Nolunt
1993 2754 2114 2812 tamen

68 2841 347 2914 municationcm
364 2844 616 2922 consiliorum,
639 2857 753 2912 norat·
804 2840 852 2913 Et
867 2842 952 2936 quia
968 2866 1065 2911 eom·
1116 2845 1300 2935 Principes
1318 2845 1438 2913 navim
1457 2846 1501 2913 ad
1527 2846 1642 2938 ripam
1664 2847 1764 2937 prius
1782 2846 1981 2937 adplicare,
2007 2868 2114 2938 quam

67 2947 192 3017 munia
219 2959 320 3015 erant
348 2944 523 3036 pericula,
552 2959 585 3015 et
610 2942 815 3014 ‘eommunis
844 2944 1066 3033 gubernatio,
1117 2943 1185 3016 buc
1210 2949 1254 3013 ad
1284 2970 1399 3016 arcem
1422 2960 1567 3015 ventum
1597 2961 1702 3017 esset:
1739 2972 1944 3041 quanquam
1973 2948 2115 3018 tabulae

67 3050 202 3119 iustum
217 3058 292 3117 erat
310 3070 517 3117 communes
542 3069 616 3116 csse
630 3047 923 3131 deliberationes,
948 3060 987 3117 ut
1005 3045 1065 3114 ille
1115 3049 1216 3117 navis
1233 3049 1302 3117 iam
1319 3042 1500 3116 dehiscere
1516 3047 1747 3136 incipiebant.
1800 3048 1892 3119 Cum
1908 3064 2024 3119 autem
2043 3043 2114 3117 huc
2222 3058 2227 3069 '

67 3153 208 3243 sapiens
230 3145 402 3219 Aeacides
431 3145 558 3218 Peleus
592 3149 686 3218 inter
708 3149 933 3239 Argonautas
965 3147 1065 3217 dicit:
1117 3162 1261 3220 ventum
1287 3162 1395 3232 esset,
1431 3164 1465 3219 ct
1496 3150 1565 3218 iarn
1593 3148 1777 3242 Principes
1805 3176 1845 3219 ex
1872 3152 1955 3221 navi
1983 3148 2114 3240 egressi

67 3250 280 3324 Communis
308 3251 494 3321 necessitas
518 3266 587 3336 est,
621 3252 694 3322 sint
724 3251 833 3339 igitur
860 3271 1065 3321 communes
1116 3265 1251 3339 essent,
1283 3253 1490 3345 prinsquam
1525 3251 1662 3346 reliqua
1696 3254 1889 3324 multitudo
1923 3256 1960 3321 iu
1996 3253 2112 3342 ripam

66 3355 353 3437 deliberationes.
405 3351 486 3422 Non
503 3377 565 3423 sua
579 3354 726 3445 gaudia,
752 3369 909 3425 autsuos
924 3353 1065 3421 dolores
1117 3355 1291 3439 ascendit,
1317 3355 1561 3425 dissolvuntur
1577 3355 1739 3438 tabulae,
1766 3370 1799 3427 et
1822 3358 1949 3447 passim
1972 3355 2009 3423 in
2025 3351 2111 3423 Albi

67 3458 239 3528 alteruter
262 3456 428 3548 cuiquam
457 3456 556 3547 prius
579 3479 685 3550 quam
711 3454 814 3526 fratri
844 3454 1064 3544 significavit.
1116 3461 1250 3528 nactur.
1302 3455 1406 3528 Stant
1421 3457 1527 3527 simul
1543 3458 1668 3527 fratres
1683 3459 1720 3526 in
1738 3457 1828 3550 ripa,
1854 3473 1889 3528 et
1904 3460 2061 3526 latentur
2075 3479 2112 3525 se

66 3557 154 3629 Post
171 3558 378 3629 electionem
394 3554 515 3628 Caroli
542 3558 768 3650 imperatoris
794 3556 997 3627 Fridericus
1019 3558 1061 3625 ad
1115 3560 1289 3632 divinitus
1312 3573 1467 3630 servatos
1489 3584 1574 3631 esse.
1636 3558 1840 3630 Fridericus
1862 3561 1967 3631 etiam
1995 3558 2112 3630 addit:

51 3661 212 3730 -fratrcm
237 3660 276 3729 in
300 3660 427 3730 itinere
451 3683 532 3729 mox
555 3661 718 3740 deflexit,
752 3661 854 3753 eique
877 3655 1063 3730 historiam
1116 3661 1262 3735 Utinam
1285 3658 1370 3731 haec
1393 3661 1494 3732 navis
1515 3687 1588 3734 non
1611 3663 1782 3752 significet
1804 3662 2029 3752 naufragium
2045 3665 2112 3731 do·

64 3763 262 3853 integram,
287 3763 415 3832 ordine
435 3761 671 3833 assidentibus
687 3762 886 3856 praecipuis
905 3763 990 3830 viris
1007 3785 1062 3831 re-
1115 3788 1194 3834 mus
1210 3763 1415 3837 Sasonicae.

66 3866 203 3936 citavit.
1216 3865 1301 3938 Fuit
1327 3881 1445 3937 autem
1478 3881 1652 3959 postrema
1685 3865 1832 3961 epistola
1860 3865 2033 3941 Friderici
2065 3866 2113 3937 acl

169 3964 222 4036 Ac
259 3966 354 4037 inter
385 3965 544 4058 exempla
575 3967 752 4037 sraternae
787 3967 997 4038 concordiae
1025 3962 1062 4034 bi
1116 3973 1277 4055 fratrem,
1297 3970 1427 4062 scripta
1444 3970 1564 4040 triduo
1582 3985 1663 4040 ante
1678 3985 1849 4055 mortem,
1875 3972 1912 4040 in
1936 3970 2014 4060 ipso
2040 3968 2113 4038 ini-

64 4072 140 4142 duo
171 4071 296 4139 fratres
326 4069 453 4140 merito
484 4069 726 4140 celebrantur:
762 4074 823 4141 scd
857 4081 1063 4161 acceperant
1115 4073 1166 4144 tio
1188 4072 1358 4142 rusticani
1381 4073 1571 4154 tumultus,
1605 4074 1668 4167 qui
1691 4098 1764 4142 non
1788 4074 1911 4164 procul
1934 4075 1979 4141 ab
2005 4070 2112 4144 Ulma

64 4173 135 4266 ipsi
158 4174 300 4266 quoque
323 4196 344 4240 a
366 4186 465 4262 patre
489 4165 660 4255 Ernesto,
692 4187 727 4243 et
749 4187 876 4265 patruo
903 4168 1064 4254 Alberto,
1114 4189 1214 4247 ortus
1242 4188 1388 4266 propter
1418 4176 1643 4269 tyrannidem
1667 4171 1817 4246 Abbatis
1845 4176 2028 4246 cuiusdam
2053 4174 2112 4242 in·

65 4275 182 4346 simile
213 4273 425 4366 exemplum.
492 4272 591 4343 lnter
613 4297 720 4368 quos,
753 4299 956 4370 quanquam
979 4295 1064 4364 opes
1113 4278 1269 4367 signem,
1295 4290 1334 4347 ut
1357 4291 1453 4347 certo
1475 4301 1622 4347 narrare
1644 4301 1801 4370 possem,
1828 4292 2036 4368 pervagatus
2060 4289 2112 4346 est

65 4402 192 4448 eorum
210 4376 362 4446 maiores
374 4389 476 4447 eraut
501 4390 535 4445 et
562 4376 677 4445 maior
692 4376 1065 4460 vitaedissimilitudo,
1114 4381 1225 4450 multa
1245 4377 1460 4450 Germaniae
1474 4380 1562 4453 loca.
1602 4377 1646 4449 ln
1664 4375 1889 4471 hacepistola
1907 4378 2112 4449 consolatur

64 4495 188 4552 tamen
214 4478 313 4547 nulla
334 4479 511 4549 discordia
533 4491 610 4548 orta
633 4493 697 4553 est.
744 4477 887 4551 Recitat
912 4494 1064 4550 vetustas
1115 4484 1277 4566 fratrem,
1303 4495 1424 4552 narrat
1439 4481 1561 4551 divina
1578 4483 1765 4553 clementia
1784 4483 1821 4551 in
1837 4481 1959 4553 multis
1973 4479 2111 4571 magnis

64 4581 247 4654 Castorem
265 4594 300 4650 et
317 4577 517 4667 Pollucem,
542 4581 669 4650 fratres
689 4579 890 4673 Scipiones,
911 4581 1064 4675 impera·
1115 4584 1282 4676 periculis
1304 4607 1341 4652 se
1362 4596 1397 4653 et
1417 4585 1562 4654 fratrem
1587 4600 1743 4655 servatos
1764 4609 1860 4668 esse,
1891 4584 1968 4654 sore
1993 4580 2110 4653 Deum

64 4700 160 4755 tores
173 4682 400 4768 Antoninos,
425 4684 575 4772 collegas
593 4679 756 4753 Marcum
779 4699 813 4754 et
828 4683 974 4754 Verum.
1016 4679 1064 4753 Et
1115 4688 1296 4757 custodem
1314 4682 1422 4755 buius
1443 4686 1597 4777 regionis
1618 4689 1724 4758 etiam
1742 4688 1921 4778 deinceps,
1948 4710 2012 4755 nec
2030 4688 2112 4754 lon·

65 4782 156 4857 baec
171 4799 265 4854 aetas
284 4784 416 4855 intueri
431 4788 536 4856 debet
550 4782 718 4856 Carolum
732 4798 767 4856 et
782 4785 1065 4859 Perdinandum.
1114 4812 1197 4878 gum
1210 4789 1286 4857 fore
1301 4782 1396 4858 bunc
1411 4812 1566 4858 errorem
1581 4790 1711 4879 plebis:
1737 4790 1797 4858 sed
1813 4790 2011 4859 curandum
2027 4811 2113 4872 esse,

171 4884 236 4958 Est
265 4900 382 4957 autem
411 4911 475 4978 per
504 4909 578 4958 sese
609 4888 722 4959 virtus
752 4888 909 4979 egregia,
941 4903 1062 4961 mutua
1115 4904 1153 4962 ut
1170 4916 1234 4983 per
1252 4888 1415 4960 Pastores
1430 4893 1474 4960 de
1488 4892 1605 4961 officio
1622 4915 1686 4960 suo
1703 4886 1867 4961 homines
1880 4905 1975 4962 recte
1990 4889 2113 4961 erudi-

65 4985 209 5088 στοργὴ
231 4990 269 5058 in
286 4989 473 5071 fratribus,
494 5004 529 5061 ct
543 5013 616 5061 non
638 4991 715 5059 siue
733 4991 856 5063 multis
873 4992 1065 5064 virtutibus
1114 5006 1249 5066 rentur.
1308 4989 1356 5063 Et
1382 5007 1422 5063 ut
1449 4993 1523 5085 ipse
1551 4988 1680 5064 habeat
1703 4994 1898 5086 praesidia,
1935 5008 1968 5063 et
1992 4991 2114 5083 paucis

63 5093 216 5165 retineri
238 5088 322 5161 haec
348 5091 592 5163 benevolentia
615 5106 741 5184 potest.
795 5092 869 5163 lmo
889 5119 935 5164 ne
951 5109 1066 5186 potest
1115 5094 1291 5184 castigatis
1306 5108 1462 5185 parceret
1477 5096 1711 5166 multitudini.
1746 5096 1883 5167 Deinde
1897 5097 1968 5185 agit
1982 5093 2114 5185 gratias

61 5195 210 5291 quidem
235 5192 426 5263 nisiinter
454 5195 568 5265 bonos
591 5194 754 5264 retineri:
788 5210 828 5267 ut
850 5192 1064 5291 ,philosophi
1116 5222 1180 5290 pro
1196 5212 1364 5289 perpetua
1381 5197 1641 5278 benevolentia,
1668 5214 1702 5268 et
1718 5198 1891 5289 significat
1907 5197 1978 5266 iam
1994 5195 2115 5266 morbi

59 5299 207 5384 dicunt,
244 5293 388 5366 Bonum
420 5320 538 5368 amare
569 5299 895 5389 congregationem,
930 5299 1065 5371 malum
1115 5300 1266 5371 saevicia
1282 5313 1431 5372 naturae
1449 5301 1542 5369 vires
1558 5315 1739 5392 superatas
1754 5325 1839 5375 esse.
1891 5297 1963 5369 Sed
1979 5298 2017 5366 in
2033 5320 2115 5369 coe-
