4664 6022
76 271 145 353 ns
523 271 688 352 nucu
727 272 788 348 ιιι
812 272 1076 370 ,ιιιιιιιιιι
1115 272 1319 351 novun
1360 272 1647 354 schonau
1883 382 1886 388 ι
2032 282 2106 357 1oo

70 470 195 526 causae
207 446 280 519 sint
296 460 519 536 argumenta,
546 473 636 542 quae
653 461 860 518 ornamenta
877 447 992 518 obiter
1006 471 1065 518 ac·
1115 460 1253 541 tempto
1281 449 1439 519 civilium
1469 442 1609 522 moru'm
1640 451 1823 524 collocare.
1889 449 1987 540 Quid
2011 454 2107 546 quod

69 557 216 634 cedant,
241 550 423 644 quomodo
446 549 484 617 in
504 549 601 619 locos
625 573 827 621 communes
850 574 987 621 acausa
1005 574 1064 619 ex·
1115 551 1192 620 sine
1220 551 1365 629 scientia
1397 554 1618 643 linguarum,
1656 567 1761 645 atque
1792 540 1933 622 dicendi
1962 555 2105 636 artium,

68 655 271 752 patientur,
303 674 375 745 quo
398 673 525 741 genere
548 653 737 722 affectuum
762 678 802 723 ac
827 654 999 722 sermonis
1025 652 1063 720 in
1114 677 1188 722 non
1206 666 1355 745 possunt
1375 657 1560 724 commode
1576 655 1758 744 religionis
1774 656 1937 743 dogmata
1954 657 2105 732 tractari.

67 755 220 848 singulis
250 776 375 823 causae
399 753 558 843 partibus
589 768 746 828 utantur.
813 752 916 842 Quae
940 754 1063 824 omnia
1115 753 1259 843 Quanto
1278 757 1407 825 rectius
1423 773 1496 829 erat
1515 758 1695 827 beneficiis
1709 757 1921 828 coelestibus
1941 757 2105 848 religiose

67 861 126 956 qui
147 855 346 945 diligenter
369 856 552 946 spectarit,
586 880 653 925 nae
671 858 732 926 ille
755 857 918 926 omnium
933 851 1060 927 huma·
1114 857 1186 937 uti,
1215 870 1320 949 atque
1335 859 1524 948 diligenter
1540 861 1709 930 excolere.

65 984 196 1034 norum
231 981 381 1048 operum
406 951 501 1026 nihil
525 958 772 1028 admirabilius
794 958 955 1026 oratioue
988 981 1061 1027 esse
1207 958 1337 1051 Neque
1361 960 1455 1028 euim
1478 960 1627 1030 dubium
1648 975 1717 1046 est,
1744 960 1832 1054 quin
1849 960 2021 1030 divinitus
2034 955 2104 1030 hoc

65 1075 206 1137 statuet.
269 1057 389 1148 Quare
415 1081 477 1127 vos
502 1053 674 1129 adhortor
702 1060 829 1150 optimi
856 1055 1061 1144 Auditores,
1113 1074 1271 1150 tempore
1295 1063 1475 1132 restitutae
1497 1064 1569 1132 sint
1591 1064 1731 1143 literae,
1764 1076 1803 1131 ut
1821 1063 1859 1131 in
1881 1062 2104 1155 repurganda

67 1181 103 1239 ut
126 1163 326 1251 diligenter
363 1155 426 1228 has
456 1161 635 1230 orationes
672 1161 910 1251 cognoscatis,
955 1175 1061 1255 atque
1113 1163 1339 1231 ecclesiastica
1364 1167 1526 1235 doctrina
1550 1182 1641 1235 recte
1658 1165 1735 1256 pios
1755 1164 1975 1235 adiuvarent.
2030 1160 2103 1233 lta-

70 1263 300 1343 intueamini,
340 1260 444 1332 faciet
469 1285 508 1330 ea
534 1283 590 1332 res
619 1267 719 1333 etad
743 1263 854 1332 animi
887 1263 1059 1334 iudicium
1112 1288 1179 1355 que
1197 1259 1291 1333 haud
1308 1266 1399 1350 scio,
1425 1291 1470 1336 an
1487 1266 1553 1337 ulli
1570 1268 1776 1358 religionem
1795 1266 1937 1356 gravius
1952 1265 2105 1350 laedant,

66 1369 315 1449 formandum,
346 1377 381 1432 et
406 1364 451 1431 ad
473 1364 757 1454 locupletandam
778 1365 979 1434 facultatem
1003 1367 1059 1434 di·
1112 1389 1217 1457 quam
1242 1368 1303 1459 qui
1330 1369 1364 1434 in
1390 1369 1510 1439 literas
1532 1372 1659 1460 passim
1686 1369 1779 1439 inter
1801 1369 2002 1459 imperitos,
2027 1390 2103 1436 non
2134 1386 2149 1408 -’

64 1470 180 1544 cendi.
1111 1468 1216 1536 aliam
1234 1469 1282 1537 ob
1297 1470 1461 1562 culpam,¹
1483 1496 1588 1566 quam
1608 1473 1779 1564 quianon
1797 1471 2017 1549 didicerunt,
2039 1471 2102 1537 de-

164 1566 385 1641 Toto·coelo
410 1579 550 1646 errant,
584 1564 646 1659 qui
668 1561 735 1636 hos
749 1561 940 1653 Oratores,
966 1563 1059 1636 nihil
1111 1565 1337 1641 bacchantur.
1400 1572 1509 1666 ldque
1533 1567 1601 1643 hoc
1617 1574 1799 1642 molestius
1819 1586 1871 1641 est
1884 1571 1988 1639 bonis
2004 1570 2103 1655 viris,

60 1675 132 1750 uisi
158 1694 313 1761 nugaces
333 1669 477 1739 rabulas
499 1668 607 1737 fuisse
630 1670 804 1738 sentiunt:
835 1670 982 1737 summis
1001 1670 1059 1737 in·
1110 1672 1192 1763 quia
1209 1672 1466 1743 sanctissimum
1485 1699 1615 1744 nomen
1631 1671 1763 1745 Christi
1789 1699 1853 1744 suo
1871 1673 1985 1742 furori
2001 1695 2103 1764 prae·

61 1776 177 1871 geniis
200 1772 371 1865 praediti,
403 1773 556 1839 maximo
579 1794 696 1839 rerum
718 1796 803 1856 usu,
832 1772 870 1840 in
893 1772 1059 1861 gravissi·
1109 1786 1244 1846 texunt.
1312 1773 1462 1846 Valeant
1491 1777 1569 1860 isti,
1611 1777 1754 1869 quando
1780 1776 1990 1845 morosiores
2007 1785 2103 1858 sunt,

58 1880 129 1951 mis
151 1874 271 1947 tausis
292 1872 421 1942 versati
446 1873 724 1963 perdidicerant,
757 1887 902 1942 naturas
926 1874 1058 1942 mealta·
1110 1899 1215 1966 quam
1233 1888 1273 1946 ut
1289 1876 1468 1967 patiantur
1480 1902 1518 1948 se
1532 1875 1755 1969 reprehendi.
1808 1877 1883 1946 Vos
1898 1877 2029 1944 interea
2047 1875 2103 1943 ol-

58 2000 305 2058 rnmrerum,
336 1988 371 2044 et
386 1974 500 2042 varias
523 1975 695 2062 gerendae
711 1970 815 2064 Reip.
834 1975 988 2044 rationes
1007 1990 1058 2044 te·
1109 1976 1227 2045 ficium
1252 1993 1407 2048 vestrum
1429 1981 1548 2066 facite,
1582 1996 1615 2050 et
1634 1982 1766 2071 pergite
1783 1983 1895 2050 bonas
1913 1978 2030 2046 literas
2047 1998 2102 2044 se-

59 2084 209 2155 nebant.
267 2075 346 2147 Hoc
366 2075 421 2144 illi
443 2075 738 2158 instrumentum,
764 2072 856 2144 hanc
873 2077 1055 2145 scientiam
1110 2079 1196 2147 dulo
1219 2080 1372 2162 discere,
1399 2106 1489 2174 quae
1505 2107 1583 2152 oum
1600 2085 1642 2151 ad
1665 2083 1872 2172 religionem
1888 2101 2120 2148 conservan··

59 2185 303 2280 plurimarum
335 2201 454 2247 rerum
484 2177 690 2246 adferebant
721 2179 764 2244 ad
792 2177 1057 2268 perpoliendam
1110 2182 1209 2263 dam,
1235 2179 1402 2251 nonnihil
1424 2186 1594 2253 momenti
1616 2179 1788 2264 habeant,
1813 2181 1958 2255 Christo
1974 2178 2102 2270 gratis-

61 2286 279 2358 orationem.
335 2277 426 2348 Nam
458 2303 548 2371 quae
575 2280 618 2347 de
638 2279 781 2348 fortuna
807 2275 1058 2349 Demosthenis
1108 2280 1238 2352 simum
1252 2284 1408 2353 officium
1424 2286 1574 2372 iacietis,
1599 2286 1628 2354 si
1644 2302 1811 2357 strennue
1827 2309 1883 2354 eas
1898 2305 2101 2375 propugna-

61 2388 149 2460 dicit
170 2379 385 2462 Aeschines,
417 2405 491 2449 non
513 2394 597 2449 sunt
615 2403 634 2448 a
652 2381 791 2470 plebeio
808 2381 950 2468 iugenio
973 2405 1056 2471 pro-
1109 2384 1242 2455 veritis.
1295 2385 1388 2461 Dixi.

60 2495 162 2562 lecta.
215 2483 407 2576 Postquam
423 2483 519 2551 enim
534 2505 675 2550 omnem
691 2484 833 2551 virtutis
844 2485 985 2551 laudem
1002 2483 1054 2551 illi

64 2588 238 2673 detraxit,
271 2608 436 2669 verene,
460 2579 553 2652 nihil
577 2585 619 2651 ad
637 2607 721 2664 nos,
748 2585 861 2674 pergit
877 2586 1055 2654 fortunam

61 2690 251 2768 insectari,
284 2701 319 2756 et
342 2699 434 2757 vetat
457 2683 635 2776 Rempub.
663 2685 978 2771 illicommittere,
1011 2711 1056 2755 ue

61 2797 201 2893 privata
228 2791 307 2860 eius
329 2789 472 2857 fortuna
503 2788 609 2856 exitio
637 2787 681 2857 sit
699 2788 804 2857 urbi:
838 2788 929 2858 vidit
960 2789 1054 2858 enim
1109 2814 1176 2889 No·
1200 2816 1259 2890 12·
1355 2835 1358 2839 -
1908 2845 1945 2883 ,n
1979 2818 2062 2882 1525

63 2898 221 2993 prolecto
243 2893 354 2970 vidit,
393 2914 468 2958 non
496 2912 569 2958 esse
600 2913 843 2974 communem,
882 2903 922 2959 ut
949 2891 1055 2980 vulgo
1110 2914 1247 2939 Μ
1880 2865 2092 2945 4⁵⁰⁴

65 3014 210 3094 putant,
252 2995 452 3071 fortunam,
493 3015 558 3058 nec
590 2991 729 3059 ratione
763 3005 824 3060 aut
856 2994 1056 3082 prudentia,
1274 3019 1335 3105 In
1358 3018 1545 3107 laudem
1571 3048 1713 3106 novae
1742 3021 1919 3104 molae

63 3097 365 3197 quernadmodum
394 3089 603 3183 Philosophi
635 3095 805 3173 docuere,
839 3093 912 3182 regi
943 3118 1054 3185 posse,
1921 3076 1933 3100 ⁰

61 3204 182 3294 Quam
198 3197 391 3268 crudeliter
407 3208 523 3264 autem
539 3195 649 3263 saevit
667 3195 704 3261 iu
715 3196 957 3264 adversarium
974 3221 1054 3265 cum
1177 3179 1209 3234 ¹¹¹
1227 3181 1447 3302 pethpecbmn.
1467 3183 1499 3238 Τ·
1519 3182 1540 3237 ¹·
1557 3202 1585 3254 P·
1600 3184 1676 3252 ⁴⁵²⁹
1699 3185 1725 3264 ³¹!
1738 3184 1789 3266 βά·
1808 3181 1889 3235 serv.
1906 3179 1940 3233 Τ·
1957 3179 1977 3233 ¹·
1998 3195 2024 3260 Ρ·
2036 3174 2098 3230 ⁸⁹⁷·

1210 3269 1224 3303 e
1246 3289 1253 3304 .
1299 3250 1399 3304 tohard.
1419 3251 1451 3306 T.
1469 3258 1490 3306 l.
1510 3272 1535 3322 p.
1552 3253 1608 3304 too.
1653 3255 1695 3305 lle
1715 3264 1813 3304 struere
1835 3247 2019 3303 Melantlumn
2038 3245 2099 3297 No-

59 3302 260 3377 industriae
277 3300 380 3368 laude
400 3296 547 3387 spondi,
571 3297 752 3365 fortunam
769 3296 874 3365 ellam
894 3296 932 3363 ln
950 3322 1056 3365 0111ssss
1210 3320 1365 3387 rinbergam
1385 3320 1457 3372 lacto
1476 3321 1509 3373 ad
1534 3337 1635 3373 novem
1665 3321 1701 3372 ibi
1721 3321 1859 3372 conditam
1878 3319 1998 3370 scholam
2016 3312 2098 3366 inau-

61 3407 190 3490 oertit,
213 3416 256 3473 ut
270 3402 316 3471 ab
330 3424 371 3469 eo
387 3412 554 3492 tanquam
571 3421 589 3466 a
605 3410 768 3487 portento
787 3398 908 3490 aliquo
925 3399 1056 3466 volun·
1210 3390 1375 3458 ⁸⁰¹²¹¹d²¹¹¹·
1400 3388 1456 3443 via.
1476 3390 1545 3460 ΕΡΡ·
1563 3391 1597 3443 ⁸⁶
1615 3408 1659 3443 ⁸¹¹·
1677 3389 1753 3444 ¹⁵²⁶·
1771 3389 1945 3460 pertinentes.

63 3524 151 3582 tates
166 3503 357 3576 hominum
373 3501 514 3573 alienet.
565 3497 664 3587 Quid
675 3494 947 3583 Demosthenes,
974 3524 1053 3569 eum
1108 3550 1237 3619 Oratio
1268 3545 1371 3617 ΡΜ

60 3609 193 3706 Cyrsili
215 3604 412 3695 exemplum
435 3600 711 3670 commemorat?
745 3624 820 3668 non
841 3601 1053 3692 vidissepu-
1366 3597 1380 3616 '⁶

62 3714 164 3795 tatis,
196 3719 329 3800 quanta
362 3705 415 3772 vis
447 3717 534 3772 esset
567 3698 778 3781 honestatis,
812 3718 1056 3796 quantumque

1406 3548 1507 3618 Mel.
1535 3544 1755 3618 intendem
1786 3566 1905 3617 noune
1930 3539 2099 3627 scholae,
2146 3572 2152 3581 ·

1107 3648 1238 3722 habita
1260 3646 1493 3745 Norilaerpoe
1515 3655 1556 3722 in
1578 3671 1714 3721 corona
1737 3649 1886 3720 doctiss.
1916 3653 2098 3729 uirorum,

1173 3762 1211 3824 et
1238 3757 1354 3824 totius
1377 3748 1506 3844 ferme
1531 3757 1717 3863 Senatus!
1761 3756 1813 3824 M.
1829 3751 2034 3822 D.XXV1.

63 3810 294 3908 pulcherrimi
327 3807 408 3875 facti
443 3806 597 3887 mentio,
631 3803 871 3874 multitudinis
904 3806 1055 3888 animos,
1618 3870 1622 3877 ,

62 3920 166 3987 etiam
192 3914 230 3980 in
247 3915 389 3978 adversa
407 3908 548 3977 fortuna
572 3907 783 3975 delectaret?
836 3904 958 3999 ltaque
974 3932 1053 3976 cum
1108 3890 1220 3992 Quod
1244 3904 1344 3972 vobis
1371 3919 1404 3972 et
1427 3902 1547 3970 liberis
1572 3902 1716 3985 vestris,
1750 3914 1784 3969 et
1801 3899 1986 3968 universae
2005 3892 2098 3964 Rei·-

62 4018 231 4090 altissime
263 4010 556 4100 introspexeriut,
593 4023 624 4076 et
658 4022 820 4076 naturam
846 4033 984 4087 rerum,
1020 4023 1055 4078 et
1108 4008 1192 4096 pub.
1225 4007 1378 4074 faustum
1416 4005 1594 4096 foelixque
1625 4004 1690 4071 sit!
1749 3999 1972 4090 Amplissimi
2011 3995 2099 4079 viri,

62 4123 131 4191 vim
146 4115 308 4199 virtutis,
334 4126 368 4182 et
382 4112 620 4204 praeviderint
637 4114 756 4177 omnia
774 4111 902 4178 dicturi
915 4112 1054 4199 sapien·
1106 4110 1405 4202 quemadmodum
1427 4106 1619 4195 optabatis,
1654 4106 1778 4172 ludum
1796 4100 1992 4171 literarium
2014 4123 2099 4190 ape·

63 4223 214 4305 tissime,
246 4214 401 4286 dubitari
423 4237 495 4282 nun
520 4215 640 4290 debet,
675 4213 761 4302 quin
777 4213 819 4277 ad
841 4213 1054 4280 crudiendos
1106 4212 1203 4278 rium
1226 4205 1282 4289 hi,
1315 4232 1403 4302 quos
1427 4203 1496 4276 huc
1519 4207 1664 4298 publico
1689 4205 1836 4274 consilio
1855 4207 1898 4272 ad
1921 4203 2098 4271 docendas

63 4327 217 4401 animos,
242 4342 366 4388 eorum
379 4316 539 4385 tractatio
557 4316 748 4404 plurimum
763 4317 946 4383 conducat.
984 4314 1054 4381 l'e-
1106 4306 1271 4380 honestas
1287 4310 1510 4399 disciplinas,
1536 4308 1745 4392 accersistis,
1772 4308 1879 4399 idque
1903 4305 2004 4372 vobis
2020 4323 2096 4371 mea

63 4452 140 4499 rum
163 4438 265 4504 sunt,
298 4419 427 4512 quibus
451 4441 575 4507 parum
603 4417 763 4503 religiose
788 4415 910 4483 videor
930 4417 1054 4499 lacere,
1106 4411 1799 4502 vocepublicedenunciarevoluerunt.
1851 4407 1940 4477 Nam
1958 4427 2037 4473 cum
2057 4403 2095 4468 in

65 4530 155 4623 quod
180 4538 319 4596 tantum
346 4521 464 4590 tribuo
496 4513 663 4596 ethnicis,
706 4520 763 4583 sed
795 4542 873 4583 cum
904 4513 958 4585 his
981 4542 1052 4585 non
1105 4538 1208 4583 scena
1235 4509 1302 4582 hoc
1324 4528 1502 4595 servetur,
1530 4525 1571 4582 ut
1593 4528 1673 4582 ante
1699 4514 1871 4580 actionem
1898 4510 1942 4576 de
1967 4504 2097 4572 Poetae

65 4632 146 4700 libet
160 4625 229 4698 hoc
246 4640 404 4715 tempore
420 4621 548 4703 rixari,
575 4619 731 4687 Tantum
756 4632 857 4707 opto,
884 4633 923 4688 ut
942 4620 1053 4709 pieta·
1106 4616 1305 4694 voluntate,
1339 4640 1398 4683 seu
1416 4618 1459 4683 de
1485 4614 1844 4699 fabulaeargumento
1864 4611 1958 4678 dicat
1974 4603 2096 4694 prolo-

65 4745 148 4817 tem,
181 4729 283 4800 euius
307 4749 343 4794 se
367 4737 546 4815 praetextu
572 4722 774 4803 venditant,
800 4722 892 4789 etad
911 4721 1052 4808 religio·
1077 4750 1080 4825 p
1105 4741 1189 4806 gus,
1222 4717 1490 4809 postulaverunt
1513 4739 1531 4782 a
1553 4740 1610 4784 me
1631 4715 1710 4798 isti,
1734 4739 1800 4805 pro
1816 4713 1893 4781 iure
1909 4707 2097 4785 amicitiae,

64 4838 114 4904 nis
135 4855 270 4904 nomen
287 4827 515 4913 confugiunt,
544 4838 711 4915 tauquam
731 4823 767 4890 in
781 4823 912 4913 templa
928 4823 1053 4912 capitis
1076 4830 1080 4915 ξ
1105 4843 1195 4912 quae
1215 4814 1303 4887 mihi
1323 4844 1403 4887 cum
1424 4817 1510 4909 ipsis
1525 4832 1690 4907 pervetus
1708 4828 1776 4897 est,
1802 4827 1840 4882 ut
1855 4836 1918 4902 ego
1933 4809 2029 4878 velut
2045 4809 2095 4876 la-

66 4937 130 5024 rei,
165 4961 205 5007 re
228 4943 403 5023 praestare
423 4927 614 5018 aliquando
637 4925 819 5014 incipiant.
873 4921 949 5011 Ego
967 4925 1051 4991 reli·
1104 4922 1208 4990 bulae
1233 4922 1277 4988 ab
1301 4921 1386 5009 ipsis
1408 4919 1582 5007 agendae,
1607 4919 1774 5011 prologus
1788 4916 1918 4987 fierem.
1970 4910 2093 5004 Neque

68 5039 158 5128 gioni
179 5060 255 5107 non
283 5033 388 5100 modo
418 5054 491 5097 non
517 5028 653 5095 officere,
684 5023 745 5094 has
766 5041 857 5092 artes
880 5026 1051 5108 existimo,
1103 5018 1191 5090 mihi
1209 5023 1276 5091 fuit
1294 5023 1470 5111 integrum
1494 5044 1617 5089 eorum
1636 5019 1811 5087 voluntati
1835 5019 1972 5095 deesse,
2002 5014 2119 5084 tam?

68 5144 119 5210 ted
136 5142 242 5211 etiam
261 5145 466 5205 ornamenta
485 5153 567 5199 esse
621 5127 708 5196 Nam
727 5128 851 5214 religio
861 5123 1050 5219 πολιτικὴν
1074 5122 1078 5167 ¹
1102 5125 1163 5194 etsi
1179 5124 1397 5214 impudentia
1415 5134 1487 5190 erat
1504 5124 1741 5203 committere,
1769 5133 1809 5188 ut
1830 5121 1961 5210 primas
1983 5116 2019 5184 in
2038 5116 2094 5183 di-

68 5242 306 5335 disciplinam,
339 5249 373 5304 et
395 5232 510 5301 civilia
535 5231 668 5309 officia,
701 5252 791 5323 quae
808 5230 954 5299 seientia
979 5223 1049 5298 hu·
1101 5226 1212 5295 condo
1237 5243 1353 5314 partes
1374 5223 1634 5294 facundissimis
1657 5223 1912 5313 propemodum
1935 5215 2093 5286 homini-

67 5366 243 5415 nanarum
277 5341 459 5409 literarum
489 5333 736 5415 continentur,
778 5333 972 5420 adprobat,
1014 5343 1048 5400 et
1100 5331 1165 5396 bus
1187 5327 1385 5417 praeripere
1403 5328 1556 5397 viderer.
1615 5324 1686 5394 Sed
1704 5325 1757 5391 vel
1779 5347 1858 5392 cum
1878 5321 1997 5411 aliquo
2013 5342 2093 5387 nteo
2141 5385 2146 5400 ,

10 5428 13 5457 '
70 5447 221 5540 religiose
254 5441 324 5513 coli
356 5439 465 5512 iubet.
533 5433 699 5527 lmpictas
728 5445 778 5503 est
801 5435 839 5501 io
861 5433 937 5501 solo
960 5456 1048 5501 con-
1099 5428 1257 5522 periculo
1279 5426 1576 5499 coniunctissimis
1603 5420 1809 5496 hominibus
1830 5424 2093 5494 fuitobsecun·
