4664 6022
131 320 208 393 919

138 512 257 561 rerum
285 487 385 557 Deus
407 480 541 552 semina
568 477 607 545 in
629 487 765 545 mentes
780 469 955 542 humanas
979 467 1138 539 transfu-

140 595 211 676 dit,
236 615 317 660 curn
333 611 400 657 nos
415 587 461 655 ad
475 582 665 671 imaginem
682 601 782 648 suam
798 576 977 645 conderet.
1029 569 1079 641 Et
1094 570 1137 639 ad

138 718 301 765 normam
320 715 402 761 suae
422 686 549 756 ruentis
574 704 769 771 congruere
783 681 860 748 vult
878 673 1067 746 bominum
1086 671 1142 740 vi-

139 816 211 870 tam
229 811 262 867 et
278 816 404 865 mores.
439 789 536 858 Voce
553 787 659 856 etiam
674 809 736 854 sua
761 777 853 851 banc
867 781 980 871 ipsam
1000 777 1141 868 sapien-

140 906 228 972 tiam
247 915 282 970 et
298 899 471 966 virtutum
489 890 688 961 doctrinam
703 884 879 979 patefecit.

242 1065 319 1137 Hae
334 1062 482 1134 notitiae
501 1055 676 1128 divinitus
694 1052 842 1122 traditae
859 1074 941 1121 cum
958 1049 1036 1117 luce
1051 1067 1141 1140 quae

143 1173 330 1245 nobiscum
354 1164 530 1247 nascitur,
563 1171 638 1230 turn
665 1181 749 1225 vero
772 1155 877 1223 etiam
900 1175 986 1222 voce
1008 1149 1142 1229 divina,

145 1289 231 1347 sunt
253 1271 356 1342 initia
378 1269 496 1358 legum
519 1277 554 1333 et
571 1260 710 1331 ordinis
734 1256 886 1349 politici,
913 1255 969 1325 cui
987 1253 1064 1324 vult
1078 1273 1144 1321 nos

129 1377 260 1462 -Deus,
291 1398 366 1444 non
389 1370 507 1441 solum
532 1362 747 1435 necessitatis
766 1374 906 1430 nostrae
929 1379 1033 1436 causa
1051 1355 1144 1424 obe-

145 1484 234 1566 dire,
260 1479 323 1548 sed
337 1474 450 1545 multo
465 1471 588 1560 magis,
613 1480 653 1537 ut
668 1487 898 1555 agnoscamus
912 1459 1145 1542 conditorem,

145 1584 234 1655 etin
252 1579 319 1651 hoe
336 1581 413 1670 ipso
430 1573 557 1645 ordine
574 1570 771 1653 discamus,
797 1591 872 1634 non
891 1587 972 1634 casu
989 1560 1144 1631 extitisse

146 1683 239 1756 banc
251 1697 416 1754 naturam
433 1699 564 1758 rerum,
590 1674 652 1743 sed
669 1670 831 1766 opificem
850 1691 923 1736 esse
939 1665 1146 1756 sapientem,

106 1854 110 1861 .
146 1792 299 1872 iustum,
325 1781 537 1863 beneficum,
565 1799 742 1858 veracem,
776 1785 929 1854 castum,
954 1783 989 1839 et
1012 1766 1146 1837 similes

146 1893 294 1964 virtutes
311 1889 350 1957 in
367 1885 471 1956 nobis
488 1879 723 1970 flagitantem,
750 1889 784 1946 et
797 1873 975 1943 vindicem
992 1870 1145 1964 punien-

146 2009 217 2065 tem
232 1989 340 2063 buius
354 1987 493 2058 ordinis
509 1982 754 2053 violationem.

248 2159 298 2234 Ut
322 2158 432 2249 igitur
457 2156 558 2224 vides
586 2147 680 2220 hanc
712 2143 989 2241 pulcherrimam
1019 2138 1147 2212 mundi

146 2272 313 2360 figuram,
343 2259 432 2331 coeli
457 2272 490 2327 et
515 2257 771 2327 elementorum
798 2250 973 2343 positum,
1007 2245 1093 2315 solis
1113 2257 1147 2314 et

71 2350 82 2369 .
148 2371 332 2444 stellarum
350 2375 485 2446 motus,
509 2373 710 2450 temporum
726 2356 837 2438 vices,
864 2351 994 2422 deinde
1015 2347 1146 2439 inipso

148 2469 296 2544 homine
312 2480 490 2549 mentem,
516 2483 685 2531 numeros
713 2471 747 2528 et
770 2458 857 2526 alias
883 2453 1026 2524 notitias
1037 2451 1148 2521 mira-

148 2575 215 2648 bili
232 2587 306 2643 arte
323 2567 496 2640 divinitus
517 2565 702 2635 ordinatos
714 2584 807 2644 esse,
833 2572 867 2628 et
883 2557 1004 2626 divina
1021 2567 1148 2646 poten-

148 2681 197 2752 tia
227 2670 447 2746 conservari:
483 2669 532 2738 sic
557 2679 692 2736 certum
718 2676 770 2734 est
795 2687 814 2730 a
837 2659 914 2732 Deo
945 2658 1147 2727 societatem

148 2778 338 2852 hominum
373 2787 408 2843 et
439 2769 583 2840 vincula
617 2766 811 2849 societatis,
845 2761 1011 2853 imperia,
1044 2759 1148 2848 leges,

150 2883 350 2954 doctrinam
367 2877 554 2954 virtutum,
581 2868 747 2951 iustitiae,
773 2862 1034 2943 beneficentiae,
1054 2859 1148 2927 veri-

150 2986 253 3067 tatis,
279 2976 471 3059 castitatis,
497 2984 717 3051 contractus,
744 2966 894 3050 iudicia,
920 2986 1050 3056 poenas
1071 2962 1146 3030 sin-

149 3086 264 3179 gulari
283 3104 389 3175 opere
410 3076 591 3147 ordinatas
605 3095 696 3158 csse,
721 3084 755 3142 et
779 3069 946 3139 excitatos
961 3066 1007 3137 ab
1023 3089 1063 3134 eo
1080 3087 1147 3154 gu·

548 309 711 384 DECL.
761 303 838 379 DE
871 301 1082 378 LEGUM
1117 293 1416 374 FONTlBUS
1448 291 1526 368 ΕΤ
1560 292 1778 370 CAUSlS.

2110 290 2181 365 920

1189 459 1392 533 testimonia
1407 459 1583 530 affirmant
1598 458 1704 531 aDeo
1721 459 1884 532 instituta
1897 481 1983 542 esse,
2006 469 2041 527 et
2053 457 2180 528 sancita

1189 581 1225 637 et
1239 563 1372 635 servari
1387 563 1557 655 imperia,
1582 578 1622 634 ut
1636 565 1807 652 scriptum
1825 579 1891 632 est:
1918 560 2098 631 ludicium
2113 560 2181 631 Do·

1190 669 1281 738 mini
1296 666 1475 736 exercetis.
1526 662 1572 735 llt
1595 671 1689 757 apud
1704 664 1908 736 Danielem:
1935 661 2035 734 Deus
2056 665 2181 733 consti·

1190 778 1258 844 tuit
1276 785 1311 840 et
1327 769 1494 839 transfert
1510 792 1628 858 regna.
1678 767 1726 838 Et
1749 770 1787 836 in
1804 768 2014 839 Salomone:
2043 764 2182 836 Pondus

1191 888 1226 944 et
1247 886 1374 944 statera
1399 870 1530 941 iudicia
1554 869 1702 940 Domini
1725 887 1818 944 sunt.
1870 870 1928 942 Sit
1950 870 2061 958 igitur
2085 869 2181 938 infixa

1191 975 1396 1069 pectoribus
1413 969 1499 1042 baec
1514 974 1707 1053 sententia,
1735 989 1767 1043 ct
1782 976 1883 1044 firma
1908 999 1948 1042 ac
1970 974 2121 1042 immota
2135 996 2182 1041 as-

1192 1080 1356 1149 sensione
1371 1078 1583 1159 retineatur,
1605 1078 1699 1166 leges
1715 1091 1749 1146 et
1761 1091 1874 1146 totum
1886 1075 2078 1173 politicum
2094 1076 2182 1146 ordi-

1193 1208 1274 1251 nem
1296 1181 1507 1272 sapientiam
1528 1177 1596 1248 Dei
1620 1202 1711 1264 csse,
1746 1181 1849 1249 nobis
1875 1191 2133 1263 monstratam,
2155 1192 2182 1248 et

1192 1309 1247 1355 res
1268 1284 1381 1354 bonas
1397 1306 1489 1368 esse,
1519 1307 1559 1352 ac
1579 1283 1768 1367 beneficia,
1795 1282 1980 1375 inquibus
1998 1277 2099 1351 Deus
2116 1282 2181 1351 vult

1191 1388 1356 1478 agnosci,
1388 1409 1425 1455 se
1455 1410 1599 1479 quoque
1627 1388 1760 1456 iustum
1786 1400 1822 1455 et
1847 1407 2007 1455 veracem
2031 1407 2124 1468 esse,
2153 1398 2182 1454 et

1192 1513 1310 1560 amare
1334 1488 1525 1573 iustitiam,
1559 1501 1593 1557 et
1618 1486 1838 1559 horribiliter
1857 1488 1957 1558 irasci
1981 1488 2179 1559 iniustitiae.

1193 1594 1246 1663 Ae
1269 1606 1342 1663 toto
1366 1605 1507 1693 pectore
1529 1593 1715 1660 execrandi
1745 1605 1828 1661 suut
1856 1592 1997 1661 furores
2024 1592 2176 1661 diabolici

1194 1693 1381 1766 bominum
1405 1696 1661 1780 fanaticorum,
1685 1695 1747 1788 qui
1768 1695 1860 1784 leges
1875 1709 1910 1765 et
1929 1717 2064 1765 nervos
2078 1694 2174 1764 civilis

1195 1800 1307 1881 vitae,
1343 1810 1473 1886 negant
1495 1820 1568 1864 esse
1589 1795 1656 1868 Dei
1679 1822 1785 1890 opera
1810 1813 1846 1868 et
1869 1797 2042 1868 beneficia
2060 1797 2178 1868 divina.

1195 1903 1268 1971 Nec
1284 1901 1430 1970 instituo
1445 1901 1514 1969 iam
1532 1900 1780 1971 refutationem
1798 1900 2078 1982 calumniarum,
2102 1924 2179 1994 quae

1194 2005 1300 2073 nobis
1331 2019 1584 2094 opponuntur,
1615 2017 1650 2073 et
1672 2006 1754 2096 quia
1786 2004 1926 2094 longior
1953 2005 2076 2075 futura
2104 2015 2180 2072 esset

1195 2107 1328 2191 oratio,
1355 2130 1460 2199 quam
1478 2119 1518 2176 ut
1532 2099 1616 2175 huic
1632 2107 1784 2196 tempori
1800 2109 2025 2189 conveniret,
2051 2120 2086 2176 et
2101 2106 2180 2178 inter

1195 2234 1257 2278 vos
1279 2210 1340 2302 qui
1364 2222 1458 2277 recte
1480 2209 1634 2278 instituti
1659 2211 1744 2278 estis
1762 2212 1800 2279 in
1823 2212 1987 2279 doctrina
2001 2207 2179 2291 Ecclesiae,

1196 2338 1267 2382 non
1291 2335 1381 2403 opus
1404 2326 1457 2381 est
1478 2310 1581 2400 longa
1603 2313 1852 2403 disputatione.
1906 2310 2055 2384 Gratias
2077 2313 2177 2405 potius

1193 2439 1338 2506 agamus
1360 2412 1457 2499 Deo,
1493 2416 1588 2508 quod
1612 2416 1793 2485 veritatem
1818 2417 1924 2485 nobis
1950 2417 2130 2509 patefecit,
2150 2428 2174 2482 et

1195 2518 1434 2589 assensionem
1452 2520 1490 2584 in
1505 2519 1683 2589 mentibus
1698 2519 1828 2589 nostris
1843 2520 2044 2593 confirmat.
2115 2552 2129 2609 ,1

1294 2719 1435 2794 Accedo
1465 2725 1576 2815 igitur
1599 2751 1696 2797 nunc
1727 2732 1770 2798 ad
1803 2731 1907 2798 aliam
1934 2733 2169 2824 quaestionem,

1195 2827 1397 2918 propiorem
1413 2832 1759 2900 nostraedoctrinae:
1780 2832 1838 2901 An
1856 2828 2165 2904 lrocRomanoiure

1195 2944 1228 2999 ct
1265 2943 1469 2997 nostrorum
1499 2931 1732 3022 interpretum
1760 2937 1904 3028 ¹scriptis
1930 2941 2096 3007 utendum
2118 2939 2160 3009 sit.

1194 3031 1247 3102 De
1271 3056 1339 3124 qua
1364 3033 1570 3124 quaestione
1591 3060 1634 3103 eo
1657 3037 1850 3108 dicendum
1874 3053 1946 3126 est,
1981 3042 2168 3136 quinetiam

1193 3157 1314 3204 reeens
1340 3135 1485 3228 quidam
1514 3139 1701 3208 vociferari
1731 3153 1946 3233 coeperunt,
1981 3162 2068 3215 non‘
2089 3145 2174 3213 licere

149 3193 369 3269 bernatores,
395 3182 513 3271 legum
529 3190 663 3249 tutores
678 3199 718 3244 ac
734 3175 959 3263 interpretes,
981 3169 1045 3263 qui
1061 3167 1147 3238 sub·

148 3295 235 3363 inde
250 3286 316 3360 hos
337 3307 467 3357 nervos
489 3278 667 3351 societatis
694 3289 728 3348 et
756 3275 956 3346 doctrinam
972 3273 1147 3342 virtutum

148 3395 385 3467 restituerent.

1194 3236 1300 3306 nobis
1333 3238 1386 3306 uti
1421 3234 1564 3308 ethnico
1590 3242 1687 3327 iure,
1726 3242 1900 3315 lustitiam
1928 3271 2007 3315 rem
2036 3249 2175 3317 divinam

1194 3364 1285 3422 esse,
1311 3364 1420 3432 quare
1447 3355 1585 3413 tautum
1609 3368 1650 3413 ex
1678 3346 1780 3415 libris
1804 3348 1937 3417 divinis
1959 3353 2112 3442 petenda
2133 3350 2177 3430 sit,

1195 3443 1358 3512 videlicet
1386 3467 1427 3512 ex
1447 3445 1563 3514 Moise
1584 3461 1618 3517 et
1630 3444 1839 3539 Evangelio.
1891 3449 1969 3522 llac
1985 3456 2031 3522 de
2047 3479 2084 3523 re
2098 3455 2177 3522 scitis

244 3559 290 3632 Et
307 3578 512 3654 quanquam
530 3548 626 3622 hunc
640 3548 803 3618 ordinem
823 3550 959 3616 furores
977 3542 1147 3613 diabolici
1194 3570 1289 3615 anno
1323 3547 1505 3638 superiore
1538 3550 1671 3621 alicubi
1701 3552 1871 3623 clamores
1904 3556 2077 3628 excitatos
2108 3581 2178 3629 esse.

150 3683 184 3738 et
206 3664 356 3736 humani
381 3656 626 3747 multipliciter
647 3653 812 3733 turbant,
838 3664 954 3720 tamen
972 3660 1145 3740 quantum
1194 3647 1311 3720 Semel
1329 3665 1446 3719 autem
1462 3652 1629 3723 omnibus
1644 3654 1727 3739 illis,
1750 3658 1812 3750 qui
1828 3658 2090 3749 sapientissimo
2106 3686 2179 3730 con-

135 3784 270 3839 ¹manet
293 3763 450 3846 ordinis,
477 3761 511 3827 id
529 3755 738 3825 verealleo
754 3765 1003 3834 conservatur,
1029 3774 1075 3819 ne
1092 3762 1149 3819 to-
1193 3750 1273 3821 silio
1299 3765 1492 3843 receptam,
1532 3768 1566 3825 et
1598 3757 1796 3847 sapientum
1828 3785 1893 3830 usu
1922 3768 2179 3855 comprobatam

150 3889 226 3944 turn
251 3891 361 3960 genus
382 3861 580 3934 humanum
603 3860 762 3926 intereat.
814 3854 917 3923 Hanc
945 3853 1146 3924 doctrinam
1194 3855 1375 3925 doctrinae
1400 3857 1550 3925 formam
1582 3860 1805 3950 improbant,
1840 3878 1874 3934 et
1895 3888 2026 3933 novam
2049 3870 2181 3958 gignere

151 3997 310 4064 expresse
330 3969 437 4039 tradit
454 3960 708 4053 voxApostoli‚
734 3983 814 4029 cum
834 3957 963 4050 inquit,
994 3953 1147 4047 imperia
1194 3971 1383 4033 conantur.
1423 3957 1656 4049 Respondeo,
1687 3962 1862 4035 Similiter
1885 3966 1966 4035 illos
1987 3968 2119 4055 facere,
2149 3985 2181 4038 ut

151 4094 182 4147 ct
201 4080 293 4166 leges
311 4069 574 4149 ordinationem
591 4062 657 4134 Dei
676 4085 762 4132 esse.
815 4060 898 4149 Quo
918 4060 1146 4128 inlocover·
1195 4060 1233 4128 in
1265 4062 1385 4131 fabula
1412 4059 1648 4154 Hermogenis
1680 4069 1725 4134 de
1756 4069 1871 4138 simiis
1895 4070 2049 4157 dicitur,
2084 4096 2181 4167 quam

150 4183 235 4250 bum
255 4175 392 4244 ordinis
409 4171 599 4258 diligenter
616 4165 913 4235 considerandum
930 4178 991 4233 est.
1044 4160 1146 4250 Quae
1195 4164 1350 4233 breviter
1372 4166 1545 4256 recitabo,
1573 4183 1612 4237 ut
1633 4169 1824 4257 imaginem
1843 4171 2014 4243 stultitiae
2031 4176 2182 4259 illorum,

150 4284 313 4353 ordinata
337 4289 419 4344 sunt
439 4287 533 4342 certo
553 4270 721 4352 consilio,
748 4268 921 4357 descripta
944 4280 978 4334 et
995 4265 1145 4334 circum·
1194 4268 1256 4360 qui
1274 4292 1408 4337 novum
1425 4268 1480 4337 ius
1497 4273 1649 4340 condere
1667 4273 1811 4354 volunt,
1838 4275 2081 4354 consideretis.
2116 4277 2180 4349 Diu

150 4387 278 4476 scripta
306 4392 408 4461 sunt,
436 4389 530 4444 certa
554 4372 656 4442 initia
680 4385 715 4440 et
738 4384 849 4440 certas
873 4382 983 4438 metas
1004 4363 1146 4441 habent.
1194 4373 1287 4461 apud
1312 4366 1475 4441 homines
1491 4375 1625 4442 vixerat
1648 4375 1750 4445 simia
1775 4378 1844 4446 iam
1864 4378 2001 4464 vetula,
2028 4383 2089 4452 sed
2110 4396 2180 4451 tan·

31 4548 36 4559 .
147 4487 238 4559 Cum
256 4485 366 4575 igitur
379 4475 637 4550 sanxeritDeus
652 4474 828 4557 ordinem,
852 4473 1079 4541 manifestum
1094 4482 1147 4540 est
1194 4476 1274 4542 dem
1291 4475 1525 4565 negligentius
1542 4478 1715 4546 custodita
1735 4480 1863 4565 evasit,
1889 4494 1922 4550 et
1940 4483 1977 4551 in
1998 4498 2181 4578 camposet

149 4592 336 4682 displicere
361 4584 395 4652 ei
418 4579 633 4676 cyclopiram
651 4577 780 4661 vitam,
806 4600 896 4670 quae
919 4578 995 4644 sinc
1018 4573 1146 4643 ordine
1193 4576 1310 4671 sylvas
1339 4579 1385 4647 ad
1411 4591 1565 4648 caeteras
1594 4581 1714 4649 simias
1738 4583 1855 4658 rediit.
1887 4583 1938 4653 ibi
1963 4603 2088 4658 narrat
2108 4587 2181 4680 pul·

150 4710 184 4765 et
206 4696 282 4762 siue
306 4689 442 4777 legibus
462 4683 595 4772 agitur,
620 4696 653 4750 et
671 4704 742 4772 quo
761 4703 881 4748 caecae
904 4693 939 4748 et
956 4677 1146 4747 dissimiles
1193 4675 1316 4749 cbram
1343 4695 1377 4750 et
1399 4683 1539 4751 beatam
1561 4706 1634 4752 esse
1656 4678 1842 4755 bominum
1868 4688 1999 4775 vitam,
2030 4689 2181 4783 quaesit

149 4798 358 4887 cupiditates
388 4787 596 4881 impellunt,
630 4783 714 4852 ruit.
768 4780 841 4851 Nec
868 4784 1017 4851 obscure
1049 4779 1145 4850 Deus
1193 4783 1331 4855 munita
1348 4784 1449 4855 tectis
1468 4799 1590 4855 contra
1610 4787 1766 4877 pluvias,
1790 4789 1922 4879 frigora
1944 4806 1977 4863 et
1995 4808 2129 4879 aestus,
2151 4803 2180 4860 et

148 4901 366 4967 voluntatem
384 4916 482 4962 suam
500 4890 538 4957 in
555 4886 679 4978 poenis
694 4887 857 4957 declarat.
899 4881 1030 4954 Omnis
1048 4884 1143 4951 enirn
1193 4888 1381 4957 moenibus
1398 4901 1520 4957 contra
1536 4890 1628 4958 feras
1644 4903 1678 4960 et
1695 4886 1828 4978 hostes,
1855 4906 1889 4963 et
1902 4917 2080 4984 magnaru-
2091 4920 2180 4966 rom·

149 5016 248 5071 atrox
273 4997 419 5066 violatio
439 4992 573 5085 publici
597 4988 736 5060 ordinis
762 4990 941 5059 atrocibus
963 4987 1086 5079 poenis
1104 4986 1143 5055 in
1191 4992 1399 5061 moditatem
1420 5015 1511 5072 esse,
1546 4987 1676 5062 babere
1698 4995 1868 5086 repositas
1888 4997 2007 5086 fruges
2029 5000 2069 5069 in
2090 4997 2180 5069 aedi·

149 5102 215 5173 lrac
229 5102 300 5171 vita
319 5099 475 5190 punitur.
511 5094 591 5183 Qua
608 5118 648 5161 ex
664 5116 702 5162 re
718 5092 868 5182 intelligi
887 5105 1010 5183 potest,
1026 5087 1142 5159 Deum
1191 5093 1279 5186 bus,
1305 5117 1469 5185 magnam
1490 5094 1709 5185 voluptatem
1732 5120 1804 5166 esse
1826 5123 2033 5188 congressus
2052 5115 2087 5172 et
2107 5123 2180 5193 spe-

148 5230 230 5274 vere
246 5203 425 5271 custmfem
446 5223 520 5268 esse
545 5192 652 5266 liuius
669 5195 808 5265 ordinis
824 5210 858 5266 et
875 5197 1003 5286 legum.
1058 5190 1142 5264 ldeo
1191 5198 1337 5268 ctacula.
1389 5195 1567 5268 Hortatur
1580 5211 1733 5269 caeteras
1752 5215 1794 5271 ut
1807 5196 1898 5272 hanc
1915 5196 2105 5276 bominum
2128 5227 2180 5273 sa·

148 5309 241 5376 filius
262 5303 333 5375 Dei
356 5302 489 5394 inquit:
525 5300 599 5390 Qui
620 5299 777 5390 gladium
800 5300 992 5391 acceperit,
1023 5299 1142 5389 gladio
1190 5301 1361 5393 pientiam
1387 5301 1593 5387 imitentur,
1627 5314 1661 5372 et
1682 5305 1807 5373 domos
1839 5318 2021 5392 extruant,
2056 5323 2092 5379 et
2115 5307 2180 5377 cir-

45 5408 59 5437 ⁰
147 5409 285 5502 peribit.
338 5403 478 5496 Accipit
510 5416 645 5485 autem,
679 5405 839 5497 quisquis
867 5428 942 5472 non
972 5402 1141 5472 dantibus
1189 5405 1359 5475 cumdent
1371 5429 1535 5488 murum,
1559 5418 1599 5474 ut
1615 5428 1733 5474 arcere
1753 5421 1905 5478 caeteras
1925 5408 2017 5479 feras
2038 5410 2178 5503 possint.

148 5534 245 5583 anno
266 5509 419 5599 legibus,
444 5508 518 5577 vim
536 5505 617 5575 aliis
631 5506 749 5580 insert.
803 5506 864 5579 Sic
881 5521 915 5579 et
930 5504 1000 5578 alia
1015 5504 1139 5576 diviua
1188 5503 1420 5580 Conveniunt
1435 5530 1563 5601 magna
1580 5508 1722 5598 agmine
1742 5509 1948 5598 simiamm,
1973 5525 2015 5585 ut
2038 5514 2179 5586 audiant
