4664 6022
130 298 208 381 167
641 300 807 380 DllCL.
839 301 917 381 Dll
946 302 1228 387 ENCOMIO
1263 301 1685 383 roltttttcaltutt
2111 308 2207 403 158Ι

129 490 164 551 st
191 498 262 569 ego
285 476 330 548 ad
352 487 387 547 ts
408 475 631 549 adolescens:
672 479 760 549 novi
783 492 901 550 antem
926 493 1003 551 tum
1027 501 1135 570 gene·-
1157 483 1163 588 l
1186 479 1389 551 lescentiam
1412 477 1452 551 in
1474 482 1554 551 ocio
1576 483 1816 574 perdiderint,
1839 499 2057 558 senectutem
2075 485 2186 558 miss·

127 602 232 655 rasos
259 590 425 672 parentes
445 590 546 666 tuos,
576 594 612 652 et
632 581 792 652 indolem
817 584 1134 678 educationemque
1186 607 1262 655 ram
1285 596 1320 654 et
1340 583 1580 655 calamitosam
1603 574 1725 677 agunt.
1777 585 1884 659 Tunc
1905 601 1939 659 et
1959 591 2070 682 pudet
2084 603 2185 662 ante-

128 697 243 758 tnam.
309 680 407 752 Haeo
430 676 519 751 mibi
542 706 639 776 spem
661 684 818 770 faciunt,
842 685 938 772 fore,
961 700 1002 757 nt
1025 685 1057 755 si
1078 709 1134 755 me
1186 698 1282 757 actae
1304 685 1417 771 vitae,
1447 701 1481 757 et
1502 688 1596 780 piget
1616 690 1773 780 primum
1796 713 1966 784 quaerere
1988 692 2184 762 necessaria

128 799 277 860 sanstus
296 783 429 868 fueris,
458 796 661 877 magnas'et
685 783 851 859 honestas
871 811 928 859 res
950 811 1067 878 geras,
1100 803 1134 860 et
1185 789 1292 860 aetati
1310 789 1482 862 subsidia.
1535 790 1666 862 Suavia
1689 793 1728 862 in
1748 793 1984 866 adolescentia
1998 808 2081 865 ante
2095 806 2185 864 tem-

125 912 185 962 nre
207 887 331 960 multo
351 886 540 957 clariorem
562 891 657 981 apud
680 884 843 961 homines
864 891 1008 968 efficias.
1058 890 1134 962 Nec
1185 915 1252 984 pus
1274 905 1582 983 praecerpserunt,
1608 894 1767 965 laborem
1790 909 1825 966 et
1845 919 2032 969 aerumnas
2050 897 2089 966 in
2105 920 2183 967 eam
2268 889 2271 897 ’

126 993 237 1084 longa
255 1004 293 1062 te
307 988 546 1083 praefatione,
568 1015 659 1085 qnae
677 992 722 1063 ad
738 993 957 1087 voluptatem
973 995 1059 1085 fingi
1074 1017 1134 1064 so-
1184 1007 1333 1065 aetatem
1357 995 1585 1067 distulerunt.
1635 994 1713 1089 Ego
1729 1022 1818 1082 ¹vero
1837 1002 1932 1092 apnd
1948 996 2044 1071 Deos
2061 1021 2185 1070 versor

127 1094 188 1183 let,
216 1094 400 1178 morabor,
421 1094 481 1163 sed
499 1093 708 1186 simpliciter
722 1096 760 1166 id
773 1099 869 1191 quod
881 1120 937 1167 res
946 1109 1009 1181 est,
1030 1120 1133 1170 rere·
1184 1112 1220 1168 ct
1234 1099 1329 1188 apud
1345 1092 1513 1168 honestos
1529 1092 1703 1172 homines.
1756 1099 1906 1173 Nullum
1922 1097 2111 1174 honestum
2126 1102 2182 1173 fa·

128 1196 382 1295 venustabo,
408 1197 505 1290 quod
519 1193 580 1266 Dii
597 1198 872 1271 constituerunt.
925 1198 1032 1270 Nulla
1049 1224 1131 1271 vera
1184 1200 1288 1269 cinus
1310 1223 1427 1294 neque
1449 1199 1509 1270 Dii
1533 1226 1648 1296 neque
1672 1198 1835 1274 homines
1859 1206 1935 1274 sine
1956 1204 2184 1285 melacium,

132 1301 238 1387 bona,
266 1300 346 1371 sine
357 1298 480 1369 labore
489 1322 644 1393 curaque
654 1298 1131 1374 mortalibusDiidederunt.
1185 1302 1337 1395 ideoque
1366 1327 1423 1372 me
1455 1318 1490 1374 et
1512 1300 1576 1374 Dii
1600 1319 1636 1376 et
1657 1300 1820 1377 homines
1841 1301 1981 1377 bonore
2002 1307 2184 1378 adficiunt.

128 1400 198 1479 fied
214 1402 293 1475 sive
301 1399 397 1474 Deos
410 1400 476 1474 tibi
494 1402 548 1471 vis
562 1403 836 1495 essepropicins,
859 1405 1021 1498 placandi
1032 1417 1131 1476 sunt:
1186 1403 1297 1475 Grata
1315 1429 1392 1473 sum
1411 1406 1620 1497 opitulatrix
1637 1409 1832 1488 artificum,
1858 1409 1929 1479 lida
1945 1421 2061 1480 custos
2077 1390 2184 1477 fami·

124 1505 201 1579 sive
223 1507 274 1577 ab
287 1504 369 1576 aliis
384 1502 486 1593 diligi
503 1504 574 1590 vis,
601 1506 780 1578 beneficiis
795 1507 1014 1598 adiungendi
1030 1521 1131 1578 sunt:
1184 1508 1253 1577 liae
1268 1507 1514 1590 dominorum,
1540 1510 1712 1580 benevola
1727 1510 1880 1581 adiutrix
1896 1534 2100 1596 servorum,
2123 1510 2184 1581 iu-

124 1608 200 1681 sive
223 1603 366 1679 bonore
385 1606 489 1677 adfici
509 1630 529 1677 a
548 1607 688 1679 civibus
704 1610 822 1702 cupis,
846 1609 1082 1681 benemereti
1097 1622 1132 1680 te
1184 1611 1302 1681 cunda
1324 1633 1442 1680 comes
1459 1611 1624 1682 laborum
1642 1613 1680 1681 in
1697 1637 1801 1704 pace,
1824 1613 1925 1682 firma
1939 1612 2182 1705 periculorum

123 1712 168 1787 ds
195 1710 319 1806 patria
346 1723 505 1802 oportet:
538 1710 613 1780 sive
641 1711 696 1781 vis
724 1712 763 1781 in
790 1713 1031 1785 admiratione
1054 1736 1132 1783 esse
1184 1713 1222 1782 in
1245 1712 1339 1782 bello
1362 1713 1580 1801 auxiliatrix,
1613 1716 1749 1808 optima
1773 1715 1947 1786 amicitiae
1969 1715 2075 1787 socia.
2133 1710 2183 1787 Et

124 1816 224 1911 apud
253 1835 381 1885 omnes
403 1809 578 1898 Graecos,
610 1814 805 1885 benefactis
832 1817 871 1886 id
898 1830 932 1888 te
962 1815 1130 1909 consequi
1184 1816 1253 1884 mei
1284 1813 1389 1884 amici
1421 1838 1545 1886 suaves
1576 1818 1777 1909 voluptates
1800 1817 1877 1888 sine
1901 1818 2044 1888 fastidio
2066 1817 2183 1909 perci·

125 1930 289 2014 upurtet:
316 1914 393 1986 sive
408 1914 461 1986 ris
474 1928 513 1985 ut
529 1928 623 1986 terra
640 1916 754 2008 pariat
767 1917 834 1988 tibi
849 1918 986 2009 fruges,
1008 1918 1131 1989 colen·
1183 1918 1290 2009 piunt
1316 1941 1358 1986 ex
1386 1917 1467 1988 cibo
1498 1932 1533 2003 et
1560 1933 1667 2011 potu,
1703 1934 1888 2012 expectant
1917 1922 2013 1989 enim
2036 1919 2183 1989 illorum

124 2022 172 2095 tls
193 2033 268 2092 est:
295 2018 637 2110 siveexpecndibus
653 2020 822 2090 ditescere
836 2021 910 2105 vis,
935 2022 1131 2114 pascendae
1183 2020 1344 2091 naturale
1373 2021 1602 2094 desiderium.
1654 2020 1810 2094 Somnus
1837 2022 1944 2094 etiam
1970 2022 2113 2095 suavior
2133 2020 2184 2090 eis

124 2138 228 2199 sunt:
256 2119 344 2194 Sive
363 2120 460 2193 bello
480 2144 565 2213 opes
580 2134 660 2192 tuas
675 2145 803 2211 augere
817 2123 936 2210 voles,
961 2136 1001 2193 ut
1017 2122 1131 2192 socios
1183 2135 1234 2193 est
1257 2145 1365 2216 quam
1385 2124 1533 2209 ociosis,
1559 2149 1665 2218 quem
1688 2126 1795 2196 etiam
1812 2150 1893 2195 cum
1908 2149 1998 2217 opus
2012 2138 2083 2210 est,
2107 2123 2183 2194 sine

126 2228 166 2300 in
189 2226 396 2298 libertatem
419 2223 579 2307 adseres,
613 2238 648 2295 et
673 2224 839 2295 inimicos
860 2225 900 2294 in
924 2225 1129 2296 servitutem
1183 2225 1344 2296 molestia
1366 2226 1605 2317 abrumpunt,
1631 2250 1696 2298 nec
1713 2241 1858 2319 propter
1874 2223 1971 2298 hunc
1986 2225 2183 2298 necessaria

125 2330 290 2422 redigas,
313 2325 402 2398 belli
423 2338 515 2396 artes
537 2326 726 2397 discendae
746 2341 831 2399 sunt
851 2329 896 2399 ab
918 2322 976 2398 his
992 2327 1055 2422 qui
1073 2348 1130 2397 eas
1183 2327 1436 2399 intermittunt.
1477 2324 1524 2399 Et
1537 2329 1683 2399 iuvenes
1695 2353 1819 2400 senum
1835 2329 2002 2400 laudibus
2016 2330 2184 2420 gaudent,

127 2444 285 2516 norunt,
310 2443 347 2502 et
365 2428 600 2510 exercendae,
626 2442 667 2501 ut
686 2431 869 2522 quomodo
892 2431 942 2501 eis
956 2432 1141 2501 utendum·
1182 2443 1217 2500 et
1232 2451 1333 2500 senes
1347 2429 1569 2500 delectantur
1583 2431 1753 2502 iuvenum
1767 2427 1987 2517 honoribus,
2014 2445 2048 2502 et
2065 2431 2183 2501 incre-

128 2536 193 2624 sit,
218 2533 329 2605 scias:
357 2529 398 2603 si
414 2531 526 2601 robur
542 2532 701 2623 corporis
715 2532 770 2601 vis
787 2533 1017 2617 confirmare,
1043 2556 1130 2602 con·
1182 2532 1287 2603 dibili
1305 2531 1494 2624 voluptate
1510 2557 1630 2603 rerum
1647 2557 1667 2603 a
1684 2558 1721 2604 se
1736 2548 1912 2624 gestarum
1929 2532 2182 2604 meminerunt.

128 2635 398 2713 nefaeiendnm
418 2646 488 2720 est,
518 2646 558 2704 ut
579 2635 713 2705 rationi
733 2636 893 2716 obediat,
918 2650 952 2708 et
964 2659 1130 2705 exercen-
1181 2631 1229 2706 Et
1260 2635 1336 2703 sine
1358 2634 1566 2706 difficultate
1591 2650 1790 2727 praesentes
1811 2637 1952 2707 labores
1976 2635 2183 2721 conficiunt,

127 2743 212 2815 dum
231 2760 366 2828 magno
381 2737 504 2806 labore
516 2761 556 2807 ac
570 2739 712 2811 sudore.
766 2735 875 2828 Quod
889 2763 969 2808 cum
986 2738 1131 2808 dixisset
1183 2762 1245 2830 per
1274 2761 1330 2807 me
1353 2734 1434 2827 Diis
1464 2733 1585 2824 chari,
1617 2739 1762 2820 amicis,
1796 2733 1895 2809 chari
1920 2738 2067 2831 patriae.
2130 2733 2181 2809 Et

127 2842 273 2924 Virtus,
298 2839 506 2932 interpellat
524 2862 601 2909 eam
616 2837 781 2930 Ignavia,
809 2841 993 2935 inquiens:
1018 2842 1130 2911 Vides
1182 2865 1262 2911 cum
1280 2863 1321 2909 ex
1336 2834 1403 2910 hac
1418 2839 1490 2911 vita
1506 2841 1760 2911 discedendum
1778 2856 1846 2928 est,
1871 2865 1946 2912 non
1961 2839 2104 2912 obscuri
2119 2850 2181 2910 ant

128 2942 322 3025 fluentes,
342 2965 451 3037 qnam
471 2964 630 3035 asperam
646 2955 681 3013 et
694 2943 838 3033 longam
854 2944 947 3014 viam
965 2944 1010 3014 ad
1024 2943 1129 3014 foeli-
1181 2942 1294 3032 ignoti
1313 2942 1449 3024 iacent,
1477 2945 1537 3014 sed
1558 2944 1681 3014 laudes
1698 2969 1821 3015 eorum
1840 2956 2011 3037 perpetuo
2025 2967 2046 3012 a
2061 2955 2182 3035 poste-

132 3048 268 3123 sluesn
303 3039 393 3116 haec
421 3043 487 3117 tibi
514 3044 652 3116 mulier
665 3048 849 3132 ostendat,
881 3072 954 3140 qno
977 3068 1042 3137 ego
1060 3046 1129 3116 tibi
1181 3046 1230 3115 ris
1244 3044 1505 3137 praedicantur.
1556 3043 1735 3118 llaectibi
1750 3074 1772 3118 o
1789 3046 1840 3116 fili
1858 3049 2036 3118 bonorum
2050 3067 2182 3139 paren·

128 3146 432 3246 mpendiariam
448 3161 484 3218 et
498 3146 643 3240 planam
659 3148 754 3218 viam
771 3149 979 3223 monstravi.
1032 3147 1127 3220 Tum
1181 3163 1257 3219 tum
1284 3145 1456 3218 Hercules
1486 3149 1713 3240 contingent,
1744 3164 1778 3222 et
1810 3174 1929 3219 veram
1953 3148 2182 3219 foelicitatem

128 3252 269 3327 Virtus:
302 3246 340 3324 0
365 3248 513 3334 misera,
539 3250 597 3319 die
620 3249 785 3345 nunquid
809 3246 941 3322 habeas
963 3251 1068 3337 boni,
1095 3263 1129 3322 et
1181 3250 1415 3343 stabilemque
1438 3250 1488 3320 ita
1513 3251 1759 3346 consequeris,
1785 3251 1816 3320 si
1839 3252 1998 3322 laborem
2021 3274 2097 3320 non
2118 3252 2181 3319 de·

126 3354 298 3451 numid
317 3375 427 3424 suave
448 3374 609 3446 unquam
625 3353 852 3443 cognoveris,
879 3377 970 3446 quae
984 3353 1127 3423 nullum
1179 3352 1304 3442 fugies.
1356 3351 1417 3423 Sic
1440 3352 1555 3421 virtus
1579 3355 1673 3445 apud
1690 3348 1967 3444 Xenophontem
1989 3352 2180 3421 conciona-

126 3460 292 3532 tabam
311 3454 365 3527 sis
385 3454 534 3525 illorum
546 3455 880 3549 consequendorum
894 3477 997 3525 eausa
1016 3454 1128 3525 susci·
1181 3469 1256 3538 tur,
1283 3466 1318 3523 et
1336 3455 1381 3523 ad
1398 3454 1538 3524 labores
1554 3453 1814 3546 suscipiendos,
1835 3477 1909 3523 non
1927 3465 2067 3525 tantum
2084 3449 2180 3522 Her·

126 3584 222 3659 pue.
272 3552 383 3631 Esne
394 3557 541 3653 quidem
557 3571 717 3651 expectas
731 3559 895 3630 neutrale
910 3558 1127 3629 desiderium
1180 3556 1314 3641 culam,
1341 3558 1403 3625 sed
1420 3580 1543 3627 omnes
1560 3557 1817 3642 adolescentes,
1843 3554 2026 3627 verissima
2042 3552 2180 3647 gravis·

123 3663 292 3740 suavium
304 3682 448 3745 rerum,
474 3661 535 3730 sed
552 3673 742 3755 antequam
760 3673 887 3731 natura
904 3673 1045 3753 expetat
1059 3682 1128 3745 eas,
1180 3658 1340 3754 almaque
1362 3683 1448 3729 voce
1471 3652 1648 3733 hortatur.
1706 3658 1788 3748 Qua
1810 3658 1970 3751 oportuit
1994 3681 2098 3729 aures
2117 3679 2182 3727 ve·

127 3766 258 3863 imples
284 3776 394 3858 atque
422 3761 547 3833 obruis
574 3775 627 3849 te,
663 3763 739 3834 edis
767 3763 975 3857 priusquam
1005 3763 1129 3847 esuris,
1180 3775 1269 3833 stras
1286 3761 1447 3855 undique
1462 3762 1737 3847 circumsonare,
1760 3777 1795 3834 et
1808 3762 1938 3832 inertes
1947 3758 2088 3831 animos
2098 3773 2179 3831 tan-

127 3868 224 3945 bibis
252 3880 444 3961 antequam
470 3864 569 3951 sitis,
600 3866 830 3937 condimenta
852 3866 951 3936 varia
975 3866 1020 3936 ad
1045 3865 1126 3935 irri-
1180 3887 1286 3959 quam
1309 3863 1453 3934 classico
1477 3865 1676 3939 exuscitart.
1729 3859 1848 3959 Atque
1866 3858 1959 3933 hanc
1974 3862 2087 3954 ipsam
2104 3859 2180 3930 vir-

129 3974 277 4049 tntlasn
299 3968 430 4040 famem
452 3967 644 4059 excogitas,
670 3969 754 4039 vina
771 3968 949 4061 preciosa,
973 3980 1014 4040 ut
1027 3967 1127 4037 invi-
1179 3967 1265 4038 tutis
1287 3966 1486 4036 orationem
1512 3967 1686 4037 divinitus
1706 3967 1746 4037 in
1758 3965 1916 4036 formicis
1932 3964 2098 4055 scriptam
2110 3986 2180 4056 pu-

130 4090 180 4150 tes
203 4072 325 4157 sitim,
358 4093 561 4162 comparas,
593 4071 634 4140 in
663 4084 794 4143 aestate
823 4071 943 4141 nivem
977 4071 1128 4164 quaeris.
1179 4080 1263 4153 tate,
1278 4092 1364 4162 quas
1378 4069 1517 4163 quoties
1530 4069 1708 4153 videbitis,
1729 4068 1850 4138 veniat
1864 4067 1904 4137 in
1916 4080 2072 4138 mentem
2087 4061 2181 4135 hanc

131 4172 176 4254 h
190 4191 236 4251 nt
254 4172 415 4246 suaviter
432 4172 608 4258 dormias,
632 4196 707 4243 non
729 4173 838 4243 modo
860 4174 985 4243 mollia
1007 4186 1128 4258 strata,
1179 4170 1282 4243 robis
1304 4171 1517 4262 imaginem,
1542 4194 1634 4264 quae
1655 4196 1719 4242 vos
1741 4173 1785 4242 ad
1809 4170 1968 4240 laborem
1991 4168 2116 4239 incitet
2138 4167 2177 4237 in

134 4278 310 4357 sedetiam
325 4275 434 4348 lectos
446 4275 552 4360 facis,
577 4298 743 4346 somnum
756 4275 853 4346 enim
866 4276 1030 4360 accersis,
1052 4300 1127 4344 non
1179 4272 1410 4346 terrisaDeo
1426 4275 1645 4366 propositam
1660 4294 1745 4345 csse.
1798 4268 1847 4344 Et
1861 4272 1952 4343 sieut
1961 4268 2177 4343 Comoedias

135 4396 251 4479 fiper
271 4378 407 4452 laboris
428 4377 617 4450 intervalla
640 4378 813 4473 quiescas,
839 4379 900 4449 sed
921 4377 1043 4471 inopia
1061 4401 1127 4447 ne-
1179 4373 1411 4461 exhibentur,
1443 4387 1484 4445 nt
1516 4377 1554 4445 in
1578 4375 1652 4445 illis
1671 4377 1843 4468 exemplis
1863 4376 2058 4457 discamus,
2089 4370 2177 4465 quid

140 4485 221 4579 parii
247 4482 326 4555 sine
355 4481 494 4574 pudore
521 4505 562 4552 ae
587 4481 704 4572 legum
728 4494 826 4553 metu
844 4481 959 4551 amori
981 4503 1125 4574 operam
1179 4478 1218 4548 in
1235 4478 1308 4549 vita
1325 4480 1464 4556 deceat,
1489 4478 1539 4550 ita
1553 4475 1651 4548 Deus
1665 4477 1705 4547 in
1721 4476 1786 4548 hac
1800 4501 1919 4548 rerum
1936 4488 2062 4545 natura
2079 4469 2178 4543 varia

141 4589 204 4673 h,
227 4598 335 4658 noete
349 4583 518 4668 abuteris,
544 4583 762 4677 etoptimam
773 4582 843 4653 diei
855 4597 992 4676 partem
1001 4606 1126 4653 somno
1178 4580 1376 4675 spectacula
1393 4578 1497 4663 fecit,
1522 4605 1614 4674 quae
1631 4602 1697 4650 nos
1713 4581 1822 4650 oflicii
1840 4578 1953 4649 nostri
1970 4596 2178 4646 commone·

142 4692 261 4785 pardis,
311 4681 463 4759 Etcum
478 4682 592 4757 Deam
613 4699 649 4757 te
672 4708 746 4756 esse
767 4685 949 4776 glorieris,
974 4710 1015 4756 es
1028 4682 1128 4755 Deo-
1177 4685 1345 4757 facerent.
1394 4681 1552 4753 Proinde
1568 4707 1649 4755 cum
1663 4682 1832 4752 formicae
1845 4673 2083 4751 convehentes
2095 4699 2178 4767 gra·

144 4814 210 4866 tan
230 4814 384 4863 numero
404 4789 512 4860 eiecta
535 4810 594 4874 es,
619 4801 855 4882 aspernantur
877 4801 913 4860 te
934 4802 971 4860 et
985 4785 1126 4860 bonesti
1179 4811 1243 4867 na,
1266 4786 1531 4879 condensasque
1548 4785 1587 4856 in
1605 4808 1795 4854 commune
1812 4780 2031 4875 spectabitis,
2056 4779 2178 4851 existi-

144 4886 307 4970 banines.
363 4889 487 4987 Neque
516 4915 677 4987 unquam
699 4890 947 4962 suavissimum
966 4913 1125 4973 carmen,
1177 4902 1272 4959 mate
1297 4881 1391 4957 bane
1414 4900 1583 4981 tanquam
1604 4885 1672 4957 Dei
1696 4907 1930 4969 vocemesse,
1962 4883 2176 4978 quaelubet

143 5006 207 5073 ltss
227 4998 355 5071 landes
374 4994 554 5068 audivisti.
611 4990 662 5065 Et
685 4988 967 5086 pulcherrimum
989 5005 1126 5084 specta·
1176 4991 1316 5076 ocium,
1340 4991 1628 5061 nocentissimam
1641 5001 1774 5082 pestem
1789 4990 1928 5079 fugere,
1950 4998 1985 5056 et
2000 4986 2176 5078 suscipere

144 5101 248 5177 mlum
275 5121 463 5194 nunquam
491 5096 632 5168 vidisti:
666 5097 808 5167 nullum
838 5095 933 5165 enim
963 5118 1123 5189 unquam
1177 5089 1346 5164 honestos
1360 5092 1517 5174 labores,
1542 5093 1672 5188 quibus
1688 5105 1720 5162 et
1737 5092 1843 5161 nobis
1858 5114 1898 5160 ea
1914 5113 2006 5183 qnae
2021 5091 2058 5157 in
2074 5085 2174 5157 omni

144 5220 221 5279 nete
246 5204 382 5275 factum
404 5214 507 5274 tunm
530 5199 703 5292 spectasti.
756 5196 850 5288 Quis
870 5198 939 5270 tibi
961 5197 1123 5289 improba
1176 5197 1249 5268 vita
1269 5195 1463 5266 necessaria
1488 5207 1587 5276 sunt,
1619 5214 1884 5287 comparemus,
1913 5206 1950 5263 et
1973 5192 2173 5262 societatem

143 5307 273 5382 ttsdetl
302 5303 384 5399 quis
413 5301 530 5393 egenti
557 5301 658 5374 dabit
684 5299 847 5395 aliquid?
897 5299 990 5391 Quis
1019 5323 1125 5370 sanae
1175 5320 1400 5369 communem
1422 5291 1610 5368 bominum
1632 5297 1807 5367 iuvemus.
1859 5292 1967 5384 Quod
1984 5293 2014 5361 si
2026 5290 2175 5371 facietis,

143 5411 256 5484 nentis
277 5407 317 5478 in
337 5419 400 5479 tno
422 5400 534 5475 choro
554 5428 630 5475 esse
650 5401 762 5475 veliti
800 5401 865 5474 ubi
886 5402 1033 5475 iuvenes
1055 5403 1124 5472 im·
1174 5399 1308 5471 favebit
1322 5400 1447 5470 vestris
1460 5399 1533 5469 illis
1548 5395 1847 5486 laboribusDeus,
1872 5411 1907 5468 et
1921 5418 2063 5467 omnem
2079 5392 2173 5462 vitae

143 5504 247 5587 baetti
274 5531 426 5604 corpore
447 5518 551 5593 sunt,
583 5531 686 5580 senes
704 5505 816 5594 fatui,
846 5504 910 5601 qui
930 5530 1012 5579 cum
1035 5506 1124 5578 ado-
1174 5523 1319 5578 rursum
1336 5501 1547 5576 fortunabit.
1611 5498 1748 5573 Contra
1769 5522 1831 5571 eos
1852 5498 1919 5592 qui
1936 5496 2029 5588 capti
2053 5518 2155 5566 aanor
