4664 6022
75 304 125 382 as
816 286 976 384 nuos.
1007 276 1084 380 nir
1109 296 1386 379 suerrus.
1759 430 1763 435 .
2068 260 2121 400 ’νο

70 475 171 550 haud
198 478 308 549 dubie
323 478 367 548 de
391 500 518 568 genere
534 475 626 549 vitae
654 478 868 563 consulturi,
896 494 1072 571 rogarent,
1123 476 1199 547 eius
1222 474 1260 547 se
1282 479 1448 548 mandato
1472 478 1669 573 comparat,
1694 481 1752 553 ctri
1778 488 1840 581 qui
1867 496 2060 586 auscultat,
2085 500 2115 573 is

72 582 160 676 quid
182 607 201 649 a
221 605 257 650 se
277 580 353 650 lieri
369 581 491 665 vellet,
518 575 610 650 nihil
628 575 685 650 hic
699 582 828 671 exegit,
858 581 927 652 nisi
944 597 982 654 ut
998 585 1071 655 suis
1121 602 1197 648 non
1223 582 1329 649 modo
1349 576 1439 649 nihil
1464 598 1601 672 peccat,
1627 589 1709 672 sed,
1736 596 2035 683 quemadmodum
2057 627 2112 673 sa·

69 683 233 755 contenti
248 682 443 774 stipendiis,
471 684 649 752 neminem
665 683 984 769 calumniarentur,
1009 701 1070 757 aut
1121 705 1200 750 crae
1218 681 1339 752 literae
1355 684 1500 768 (Ῑθΰθῦἲ,
1527 701 1687 758 melum
1711 688 1816 761 ‘llam
1841 697 1995 770 ⁰ffi⁶l¹¹m
2018 704 2113 780 facil·

68 799 315 858 concuterent.
356 782 469 854 Porro
483 810 562 855 cum
581 785 767 876 stipendiis
783 785 880 856 iubet
897 810 970 855 esse
983 812 1069 856 con·
1119 780 1296 875 Praecipit
1310 799 1427 856 autem
1441 783 1538 856 Deus
1560 804 1673 861 morte
1690 792 1852 866 mulctari
1870 823 1949 868 eum
1967 806 2029 897 qui
2046 800 2112 878 ho·

66 903 207 972 teucos,
239 887 424 978 publicum
448 911 599 973 maanus,
633 890 730 979 quod
764 888 834 957 illis
861 892 1066 959 mandatum
1117 886 1250 955 minem
1269 887 1456 969 occiderit,
1484 913 1574 982 quae
1589 892 1644 961 lex
1659 894 1745 963 citra
1763 906 2037 976 controversiam
2056 922 2110 981 to-

67 1005 159 1074 nat,
187 989 296 1080 plane
321 990 504 1081 adprobat,
556 987 648 1077 Quis
672 990 782 1060 nescit
805 1005 921 1060 autem
948 991 1065 1081 Magi·
1118 999 1189 1055 tam
1207 983 1394 1060 πολιτείαν
1416 992 1672 1082 complectitur.
1724 992 1869 1069 Etenim
1889 1017 1929 1074 ut
1947 1009 2110 1097 publicae

68 1104 247 1165 stratuum
271 1115 386 1175 arma,
410 1091 502 1183 leges
525 1105 560 1160 et
584 1091 713 1161 iudicia
738 1113 828 1172 esse,
856 1117 945 1185 quae
967 1095 1064 1162 domi
1117 1090 1386 1183 tranquillitatis
1409 1115 1511 1162 causa
1531 1096 1583 1163 ias
1606 1111 1657 1166 est
1672 1100 1716 1167 de
1736 1102 1850 1192 capite
1873 1099 2030 1181 hominis
2051 1112 2109 1183 iu-

70 1196 138 1263 uim
155 1216 198 1261 ac
216 1192 386 1261 iniuriam
412 1193 585 1262 acivibus
608 1188 823 1285 prohibent?
851 1194 971 1283 Quare
989 1220 1063 1263 non
1114 1190 1249 1293 dicare,
1278 1192 1326 1262 ita
1352 1208 1387 1264 et
1413 1196 1598 1265 adrerum
1632 1200 1864 1286 divisionem,
1902 1210 1945 1275 ad
1975 1212 2107 1287 leviora

74 1296 222 1366 dubium
237 1308 299 1379 est,
320 1294 408 1388 quin
423 1296 511 1364 tanti
526 1296 618 1385 leges
634 1295 813 1365 faciendae
828 1296 910 1377 siut,
937 1299 1062 1391 quanti
1113 1293 1251 1383 negotia
1277 1294 1521 1386 transigenda,
1551 1304 1695 1391 quando
1719 1302 1823 1375 aliter
1844 1309 2007 1397 publicae
2027 1318 2105 1406 paci

67 1396 321 1488 Magistratum
336 1394 491 1488 Baptista
509 1398 604 1468 lacit.
638 1394 1060 1489 PaulusMagistratuum
1112 1396 1252 1465 consuli
1267 1421 1339 1465 uou
1357 1411 1481 1487 potest,
1508 1404 1724 1473 constituere
1740 1405 1870 1477 iudicia
1884 1410 1995 1488 licuit.
2031 1414 2105 1489 Ex-

63 1498 294 1570 autoritatem
311 1499 502 1589 praedicat,
522 1523 602 1569 cum
618 1499 725 1589 gladii
744 1524 845 1569 usum
861 1501 1058 1571 ordinatio·
1111 1508 1161 1566 tat
1176 1497 1232 1567 lex
1246 1498 1282 1566 in
1299 1496 1431 1568 Genesi
1446 1502 1490 1570 ad
1505 1499 1540 1572 N
1541 1505 1585 1572 οδ
1592 1557 1604 1589 ,
1628 1506 1796 1578 universo
1818 1514 2023 1585 mortalium
2044 1543 2106 1610 gc-

61 1626 144 1671 nem
168 1599 243 1675 Dei
269 1613 390 1681 vocat,
423 1614 457 1670 et
480 1598 727 1691 Magistratum
749 1600 817 1670 Dei
846 1602 1059 1677 ministrum.
1111 1600 1187 1668 neri
1205 1600 1292 1685 lata,
1317 1615 1438 1695 estque
1451 1605 1658 1677 confirmata
1674 1610 1837 1682 mosaicis
1852 1615 1993 1704 edictis,
2015 1646 2104 1714 quae

62 1700 93 1775 Α
109 1726 186 1797 quo
201 1701 349 1771 oraculo
369 1726 409 1771 ex
424 1702 598 1773 diametro
616 1702 787 1774 dissident
802 1698 860 1789 hi,
886 1705 947 1799 qui
965 1704 1059 1795 leges
1110 1702 1248 1772 tametsi
1272 1700 1357 1772 solis
1382 1701 1554 1775 Hebraeis
1575 1712 1757 1801 proposita
1780 1728 1882 1801 sunt,
1908 1730 2027 1789 tamen
2046 1747 2103 1793 ar-

62 1802 261 1898 impietatis
290 1817 471 1874 accusant:
512 1800 576 1874 Est
606 1805 699 1873 enim
728 1804 841 1875 hostis
865 1805 949 1887 Dei,
984 1831 1058 1876 uon
1109 1820 1220 1892 guussl
1239 1800 1354 1874 Deum
1378 1807 1702 1899 Pf⁰b³¹⁸¹¹¹0f⁹¹¹¹s
1728 1840 1807 1884 cum
1830 1814 2013 1891 llldlfflssdi
2033 1834 2101 1913 Μ’»

61 1907 248 1990 minister,
272 1905 433 1999 quisquis
452 1930 491 1975 ea
507 1906 674 1996 suscipit,
700 1931 791 1999 quae
807 1908 949 1977 divinae
964 1908 1056 1999 leges
1109 1917 1185 1973 tum
1201 1906 1468 1997 plectendorum
1482 1910 1650 1987 sontium.
1693 1914 1785 1987 Nota
1802 1917 1897 1989 enim
1913 1919 2017 1993 Pauli
2033 1920 2101 1999 vo‘x

60 2021 195 2082 vetant.
250 2005 325 2096 Qui
348 2007 493 2077 alterius
514 2009 617 2078 uxori
633 2008 758 2078 vitium
776 2008 897 2094 offert,
922 2011 982 2104 qui
1001 2034 1056 2079 res
1108 2019 1174 2076 est:
1209 2008 1337 2098 Legem
1359 2008 1501 2079 iniustis
1523 2011 1629 2083 latam
1652 2039 1745 2104 esse,
1778 2045 1868 2116 quae
1890 2040 2029 2113 monet,
2061 2044 2102 2102 ut

60 2110 218 2182 aliorum
234 2108 360 2179 fraude
373 2108 585 2194 intervertit,
610 2109 671 2204 qui
690 2109 846 2202 periurio
865 2110 969 2197 fallit,
994 2112 1056 2205 qui
1108 2108 1169 2200 qui
1193 2110 1322 2199 spiritu
1344 2105 1478 2181 Christi
1501 2137 1574 2184 non
1596 2115 1799 2209 frenantur,
1832 2149 1911 2195 cum
1934 2126 2102 2217 Hebraei,

59 2212 196 2284 genum
215 2233 295 2280 cum
311 2211 446 2303 superis
461 2211 569 2301 gerit,
595 2236 669 2280 non
687 2212 848 2283 minister
865 2226 927 2293 est,
953 2215 1056 2283 deni·
1106 2221 1183 2278 tum
1215 2211 1342 2304 reliqui
1370 2215 1556 2301 mortales,
1596 2219 1733 2310 legibus
1760 2220 2033 2316 coherceantur,
2065 2248 2100 2305 et

62 2338 128 2411 que
142 2310 261 2384 hostis
281 2326 350 2394 est,
378 2314 616 2407 cuiuscunque
635 2314 771 2384 iunctio
786 2314 929 2406 proprie
946 2315 1054 2406 impia
1106 2323 1275 2405 tanquam
1291 2337 1428 2383 carcere
1445 2318 1534 2409 septi
1552 2333 1750 2406 teneantur,
1767 2350 1932 2419 nequem
1948 2330 2099 2422 laedant,

61 2432 122 2490 aas,
178 2414 305 2505 Quare
325 2438 405 2484 cum
422 2412 836 2506 PaulusMagistratum,
864 2414 929 2484 Dei
947 2417 1055 2484 mini·
1106 2436 1152 2481 ne
1185 2414 1286 2484 cuius
1319 2415 1426 2486 r8b11⁸
1452 2418 1622 2490 damnum
1646 2425 1741 2498 deni·
1800 2426 1937 2499 E⁰d0m
1965 2433 2096 2525 ἰΠΨῙΘ8

62 2533 174 2591 strum
198 2529 322 2600 vocat,
346 2540 419 2586 non
439 2512 592 2600 hostem,
617 2529 723 2607 negat
743 2518 817 2587 eius
835 2519 1053 2605 provinciam
1104 2538 1228 2585 omues
1255 2539 1405 2586 numero
1430 2543 1511 2589 cum
1535 2518 1667 2594 Gentes
1700 2540 1776 2597 tum
1802 2527 1953 2603 ludaeos
1980 2531 2098 2627 habet,

61 2619 517 2708 mmreligionepugnare.
571 2616 722 2705 Coum,
747 2618 1053 2713 qqiMagisruuus
1104 2616 1295 2710 gladioque
1309 2641 1370 2688 seu
1385 2619 1452 2709 legi
1466 2623 1511 2691 ad
1527 2648 1638 2694 unum
1660 2652 1782 2700 omnes
1804 2634 1933 2706 subdit.
1984 2636 2098 2710 Suum

60 2726 255 2804 damnant,
289 2721 397 2789 semel
421 2745 495 2790 uno
523 2722 668 2790 nomine
697 2745 819 2791 omnes
844 2723 999 2791 latrones
1020 2735 1053 2792 et
1104 2733 1222 2789 autem
1238 2720 1417 2813 quoddam
1430 2717 1563 2794 Christi
1586 2749 1734 2816 regnum
1750 2747 1818 2818 est,
1846 2738 2003 2828 quicum
2023 2766 2098 2813 non

59 2822 125 2897 Det
156 2821 280 2894 hostes
315 2844 388 2891 esse
422 2822 679 2914 pronunciant:
716 2826 810 2917 quod
839 2850 943 2919 quam
978 2849 1052 2893 non
1105 2820 1143 2887 in
1159 2816 1228 2890 hoc
1244 2844 1280 2891 se
1296 2822 1400 2891 nobis
1415 2827 1622 2909 ostenderit,
1648 2846 1686 2900 ut
1703 2826 1895 2907 humanam
1910 2839 2099 2917 πολιτείαν

61 2928 210 3022 quadret
228 2926 273 2994 ad
291 2922 476 2993 Paulinam
493 2925 723 3011 sententiam,
749 2928 971 3019 perspicuum
990 2939 1052 2998 est.
1107 2925 1292 3013 conderet,
1318 2926 1447 2994 mundi
1463 2950 1610 3017 reguum
1629 2956 1702 3001 non
1725 2936 1906 3026 labefacit,
1932 2944 2043 3015 immo
2058 2946 2097 3017 in

64 3028 157 3117 Quid
173 3027 272 3097 enim
290 3040 361 3094 tarn
377 3026 548 3095 dissimile
561 3027 673 3097 voluit
687 3026 748 3096 ille
765 3052 838 3096 esse
854 3028 1052 3109 latrocinio,
1104 3024 1141 3093 id
1166 3026 1321 3097 extrudit
1345 3050 1423 3107 ²⁰⁸2
1450 3053 1539 3121 (1⁰0⁵
1561 3057 1579 3099 ὃ
1605 3036 2098 3125 [Uspiludfn0ss00deh0rl11-

60 3156 164 3225 qnam
182 3126 461 3215 Magistratum?
513 3126 619 3196 Hunc
641 3130 910 3223 tranquillitatis
933 3130 1053 3219 publi·
1104 3138 1163 3195 tur
1183 3127 1314 3217 pietas,
1353 3141 1394 3198 ut
1419 3129 1471 3199 vis
1494 3148 1701 3205 remoretur.
1760 3139 1900 3215 Prodiit
1923 3143 2097 3237 Christus,

58 3256 115 3303 ue
134 3233 339 3313 custodem,
364 3245 547 3319 nuncupat
561 3227 713 3314 Paulus,
738 3255 817 3298 cum
835 3254 955 3321 gerere
976 3232 1053 3320 gla-
1104 3239 1145 3297 ut
1158 3229 1368 3298 coelestibus
1383 3233 1610 3319 muneribus,
1629 3251 1667 3306 ut
1683 3237 1945 3319 immortalitate
1962 3274 2096 3339 paucu-

57 3336 156 3406 tliom
171 3330 318 3414 scribit,
342 3342 382 3400 ut
395 3332 509 3401 bonos
525 3327 681 3400 honores
696 3330 846 3403 adficiat.
898 3332 1003 3421 Quod
1023 3332 1051 3401 si
1105 3329 1159 3397 los
1174 3332 1358 3421 quosdam,
1384 3344 1552 3426 tanquam
1570 3338 1607 3406 in
1622 3340 1731 3407 alium
1749 3349 1893 3416 eductos
1909 3356 2098 3440 mundum,

57 3434 288 3506 huntingun,
308 3430 539 3523 Magistratus
564 3446 632 3517 est,
665 3435 843 3501 custodem
874 3433 1050 3501 bonorum
1104 3432 1270 3513 donaret,
1303 3454 1376 3498 nou
1401 3445 1440 3501 ut
1461 3435 1620 3507 civitates
1645 3442 1885 3521 constitueret.
1935 3450 2096 3545 Regibus

59 3538 119 3632 qui
142 3537 233 3606 cedo
255 3534 470 3625 adpultahit?
521 3533 624 3605 lubet
649 3535 732 3603 item
756 3530 887 3602 Paulus
912 3536 1050 3625 piorum
1105 3525 1196 3599 hanc
1224 3532 1444 3622 provinciam
1468 3535 1631 3631 reliquit,
1669 3549 1857 3617 tenendam
1878 3576 2095 3628 conservan-
2221 3608 2223 3613 ·

57 3639 149 3710 votis
169 3634 402 3725 Magistratus
424 3632 501 3706 Deo
525 3637 781 3721 commendari,
810 3648 850 3705 ut
872 3636 961 3705 salvi
985 3661 1051 3726 pu·
1103 3632 1255 3726 damque
1268 3634 1335 3703 ocii
1353 3635 1476 3704 tuendi
1494 3661 1610 3712 causa.
1654 3639 1730 3734 lpse
1744 3648 1782 3717 in
1798 3651 1939 3741 piorum
1954 3674 2095 3747 pectora

57 3741 186 3811 blicam
203 3737 500 3830 tranquillitatem
516 3752 689 3808 tueantur.
747 3737 916 3832 ldemque
932 3740 1051 3808 exula-
1103 3734 1267 3825 spiritum
1283 3760 1386 3806 suum
1401 3737 1634 3826 transfundit,
1661 3760 1700 3817 Ul
1716 3748 1937 3825 dlvlssllslem
1955 3785 2035 3831 cum
2052 3763 2095 3835 55⁸

58 3842 147 3913 turis
160 3838 301 3910 ludaeis
316 3836 514 3909 Hieremias
531 3839 709 3931 praecipit.
761 3838 809 3909 At
824 3840 1049 3910 incolumita-
1103 3838 1350 3908 communicet.
1404 3837 1482 3930 lpse
1501 3844 1609 3914 verbo
1633 3867 1780 3923 renovat
1798 3859 1940 3946 piorum
1959 3877 2094 3935 mentes

58 3956 125 4015 tem
141 3941 332 4013 latrocinio
348 3942 504 4032 precari,
529 3935 646 4009 nihilo
662 3941 770 4029 magis
787 3942 837 4010 las
851 3955 918 4026 est,
944 3968 1048 4035 quam
1101 3934 1164 4009 καὶ
1177 3936 1499 4034 μετασχηματίζειι
1524 3940 1627 4016 Nihil
1641 3942 1728 4022 haec
1738 3955 1782 4022 ad
1792 3960 1917 4029 mundi
1934 3986 2094 4057 regnum,

57 4046 146 4117 hene
175 4043 311 4136 precari
339 4043 581 4136 lupanaribus.
643 4040 734 4110 'l'am
763 4043 855 4111 clare
882 4043 1049 4113 discernit
1103 4041 1198 4133 quod
1216 4042 1252 4110 in
1269 4046 1523 4134 componendis
1537 4058 1676 4119 tantum
1697 4056 1867 4145 moribus,
1889 4060 2093 4142 insecenda

58 4144 289 4219 alatrocinio
312 4143 561 4235 Magistratum
586 4143 773 4234 scriptura:
809 4145 901 4214 inter
917 4170 1005 4238 quae
1021 4146 1048 4214 si
1102 4142 1272 4212 violentia
1294 4157 1463 4214 versatur.
1530 4146 1569 4218 ld
1593 4153 1689 4245 quod
1722 4180 1794 4228 non
1825 4164 1928 4234 facile
1955 4181 2093 4242 tantum

58 4244 150 4321 nihil
186 4248 350 4331 interest,
388 4247 574 4317 sceleratus
608 4258 683 4315 erat
712 4241 857 4334 loseph,
897 4271 976 4316 cum
1011 4248 1048 4315 in
1102 4240 1365 4330 lertChristus,
1390 4247 1449 4316 sed
1468 4249 1595 4340 probat
1617 4253 1742 4343 etiam,
1769 4285 1849 4333 eum
1870 4282 1904 4338 et
1924 4290 2007 4339 suos
2029 4296 2094 4361 pa·-

59 4348 220 4446 Aegypto
245 4347 454 4439 imperaret,
479 4347 640 4417 scelerati
655 4344 843 4417 Cornelius
867 4360 899 4416 et
926 4362 1050 4417 centu·
1101 4369 1177 4414 rere
1193 4345 1300 4431 iubet,
1324 4360 1358 4417 et
1375 4348 1610 4421 ministerium
1627 4349 1693 4424 Dei
1709 4382 1782 4429 esse
1797 4362 1936 4435 fatetur.
1972 4369 2093 4458 Quare

59 4456 130 4539 150,
155 4450 260 4521 cuius
284 4452 388 4519 fidem
412 4444 576 4521 Christus
596 4450 700 4519 unice
723 4451 915 4539 praedicat,
941 4449 1049 4540 pleri·
1101 4447 1162 4539 qui
1177 4450 1219 4514 ad
1235 4445 1392 4538 Respub.
1409 4454 1578 4523 accessuri
1594 4471 1695 4542 sunt,
1722 4453 1786 4531 hos
1804 4489 1876 4536 non
1893 4471 2001 4540 modo
2020 4496 2093 4542 non

59 4580 123 4649 que
139 4556 228 4624 item
245 4552 305 4621 alii
322 4552 383 4644 qui
399 4550 633 4643 Respublicas
653 4563 688 4622 et
704 4553 888 4641 gentilium
913 4552 1049 4641 legibus
1101 4543 1249 4617 retrahit
1278 4548 1423 4642 religio,
1454 4556 1513 4622 sed
1541 4574 1662 4630 monet
1685 4561 1790 4632 etiam
1811 4569 1910 4658 pium
1936 4572 2093 4645 officium

59 4656 364 4727 admintsuamnt.
428 4652 482 4723 De
514 4653 663 4726 iudaicis
695 4651 855 4742 Regibus
887 4656 1049 4722 noudmn
1101 4652 1271 4735 facturos,
1299 4652 1326 4720 si
1346 4653 1487 4744 publica
1507 4681 1653 4728 munera
1670 4677 1761 4734 recte
1777 4670 1964 4758 gesserint,
1990 4675 2019 4744 si
2036 4676 2093 4747 ius

59 4760 154 4840 dicu,
183 4780 274 4850 quos
296 4768 425 4847 putant
447 4755 565 4824 minus
590 4778 689 4844 posse
707 4757 749 4823 ad
770 4770 888 4824 nostra
907 4779 1050 4845 compa·
1102 4752 1250 4821 candide
1265 4754 1429 4823 dixerint.
1482 4754 1555 4845 Qui
1568 4782 1666 4830 secus
1681 4765 1826 4850 docent,
1852 4795 1931 4841 cum
1947 4775 1991 4845 de
2005 4801 2093 4868 pro·

59 4862 144 4946 mg,
171 4860 233 4928 „d
251 4853 316 4926 hos
331 4880 420 4951 quo,
433 4857 603 4940 recensui,
629 4881 757 4950 qrrateso
775 4858 957 4948 patiamini
975 4881 1049 4925 me·
1102 4850 1229 4945 phanis
1247 4852 1402 4944 legibus,
1435 4869 1510 4926 tum
1530 4861 1573 4931 de
1589 4856 1723 4937 Christi
1746 4871 1890 4943 nomine
1908 4878 2000 4947 male
2017 4906 2093 4952 me-

59 4962 155 5034 lioris
173 4973 280 5029 notae
296 4954 519 5031 Christianos
537 4958 664 5041 fuisse,
691 4983 795 5050 quam
821 4954 859 5027 hi
877 4972 978 5043 suut,
1005 4960 1048 5027 de
1100 4969 1236 5027 rentur·

60 5088 210 5158 quianam
233 5060 392 5130 moribus
413 5074 638 5152 posteaquam
663 5058 821 5149 publicas
848 5061 940 5149 leges
963 5084 1048 5129 cou—
1203 5054 1251 5127 At
1268 5057 1407 5147 litigare
1425 5072 1518 5131 vetat
1534 5056 1707 5140 Christus.
1760 5068 1850 5159 Quis
1867 5082 1998 5169 negat?
2030 5082 2091 5153 lu-

60 5178 216 5237 pgmnffl
236 5176 450 5252 coeperunt,
484 5163 611 5253 passim
642 5161 733 5229 male
763 5162 862 5231 audit
885 5160 1049 5249 Evange-
1100 5161 1218 5228 dicare
1241 5184 1326 5228 vero
1350 5184 1424 5229 non
1447 5176 1550 5235 vetat.
1602 5163 1786 5254 Quantum
1810 5191 1925 5247 autem
1951 5182 2091 5256 intersit

62 5266 157 5337 tium.
216 5264 289 5335 Sed
317 5266 413 5333 uude
438 5265 582 5332 tandem
609 5258 802 5331 honorifica
835 5262 1050 5354 appellatio?
1101 5256 1194 5331 inler
1211 5261 1368 5331 iudicare
1385 5275 1417 5332 et
1443 5263 1597 5353 litigare,
1625 5293 1731 5339 nemo
1747 5297 1820 5345 non
1839 5279 1945 5351 videt.
1997 5284 2089 5355 Nam

62 5364 196 5463 Ecquid
216 5366 392 5457 praecepit
407 5363 503 5436 Deus
521 5367 565 5433 ‹le
586 5366 729 5453 gladio?
762 5362 922 5433 Primum
940 5365 1047 5430 mini·
1101 5377 1141 5433 ut
1156 5363 1325 5433 viatorem
1342 5365 1482 5457 pulsare
1495 5366 1589 5437 Deus
1606 5385 1708 5457 vetat,
1735 5399 1807 5445 non
1827 5396 1918 5452 vetat
1934 5385 2089 5476 obligare

62 5484 126 5541 ster
139 5468 208 5541 Dei
233 5469 264 5537 is
284 5481 354 5554 est,
381 5468 443 5561 qui
467 5466 542 5537 eius
566 5466 698 5536 iussum
720 5466 821 5550 iacit,
853 5465 984 5558 quique
1007 5488 1047 5535 ex
1102 5465 1251 5550 vulnus,
1278 5466 1307 5534 si
1325 5468 1421 5602 quod
1435 5466 1476 5602 *is
1492 5468 1583 5541 sorte
1607 5476 1797 5566 acceperit,
1822 5480 1869 5549 ita
1886 5508 2087 5580 quanquam
