4664 6022
144 302 207 382 ⁶⁵7
853 297 1019 377 DECI..
1057 296 1134 375 DE
1169 293 1440 378 PHYSICA.
2087 303 2164 381 658

143 501 202 551 non
221 498 344 547 omnes
367 497 528 547 exercere
559 475 707 546 eandem
720 488 849 548 artem
879 485 1047 568 possunt,
1076 486 1119 545 ut
1169 470 1257 541 liciis
1273 471 1433 562 obligare
1447 473 1581 544 multos
1596 488 1757 564 possent,
1782 491 1894 548 artem
1910 502 1970 550 eos
1983 478 2161 551 Medicam

142 579 333 655 Aristoteles
358 576 466 653 dixit:
502 571 558 646 Ex
583 573 750 666 Agricola
771 591 806 649 et
820 575 964 648 Medico
981 588 1117 648 conatu
1167 574 1212 643 sd
1232 575 1485 666 professionem
1501 571 1689 666 Evangelii
1706 575 1803 649 Deus
1822 580 2015 672 adiungere
2032 581 2160 668 voluit,

141 682 264 761 civitas,
295 680 459 773 pluribus
474 679 611 749 artibus
623 675 781 771 Reipub.
795 702 885 771 opus
904 693 969 752 est.
1020 675 1115 751 Tra·
1167 687 1202 746 et
1216 699 1344 746 manus
1359 701 1484 748 eorum
1499 678 1539 746 in
1553 682 1712 749 curando
1729 681 1830 753 rexit.
1874 681 1947 753 Nec
1965 683 2158 755 existimate
2283 728 2286 735 ·

141 784 257 855 duntur
269 804 353 873 ergo
367 775 454 854 baec
466 779 568 850 initia
578 774 756 874 Physices,
776 805 851 855 non
866 779 1117 872 solumcogni-
1167 776 1376 848 indecorum
1400 779 1503 850 vobis
1525 800 1615 864 esse,
1648 795 1828 853 tantorum
1849 783 2008 856 vinorum
2023 785 2158 855 imitari

140 883 249 970 donis,
281 907 344 955 sen
367 881 614 954 oblectationis
641 904 763 968 causa,
801 886 863 955 sed
886 897 929 956 ut
960 882 1117 955 servient
1165 879 1300 966 studia,
1325 881 1389 974 qui
1406 880 1471 951 etsi
1493 881 1714 955 sustinebant
1736 885 1805 956 alia
1822 909 1969 973 rpunera
1986 887 2158 968 difficilia,

138 986 244 1061 notris
265 986 357 1057 vitae
379 986 550 1078 partibus.
608 979 759 1055 Etiamsi
782 1008 856 1055 non
879 1009 1003 1057 omncs
1016 1007 1116 1057 exer·
1166 994 1285 1053 tamen
1310 978 1458 1053 humani
1473 984 1633 1075 corporis
1647 986 1827 1078 opificium
1850 1000 1886 1059 et
1898 1001 2157 1082 temperamen-

137 1088 383 1159 resstmedendi
394 1101 525 1167 artem,
549 1100 667 1157 tamen
683 1087 870 1169 omnibus,
896 1112 971 1159 non
984 1087 1115 1158 barba·
1167 1099 1218 1168 ta,
1240 1107 1281 1153 ac
1297 1084 1503 1155 morborum
1526 1087 1680 1157 remedia
1704 1088 1950 1182 inquirebant,
1975 1091 2066 1163 alius
2083 1093 2158 1162 for-

135 1188 197 1263 tino
211 1213 311 1260 more
332 1189 554 1272 viventibus,
578 1213 670 1279 opus
692 1200 743 1259 est
759 1192 910 1284 quadam
931 1189 1114 1260 communi
1165 1201 1256 1257 tasse
1270 1187 1341 1255 alio
1359 1187 1570 1258 studiosius:
1603 1191 1664 1257 sed
1683 1203 1801 1260 tamen
1824 1186 1915 1261 hanc
1930 1215 2155 1263 communem

132 1290 301 1377 taurim,
326 1293 371 1364 de
391 1313 580 1383 corporum
602 1290 818 1378 seminibus,
844 1315 935 1386 quae
949 1312 1114 1362 vocamus
1165 1281 1352 1381 Physicam
1375 1313 1500 1359 omnes
1522 1288 1717 1377 callebant,
1749 1316 1839 1383 quae
1862 1294 1939 1364 sine
1952 1294 2066 1366 literis
2082 1317 2155 1363 non

129 1386 327 1491 Elementa,
360 1396 404 1463 de
430 1393 734 1482 temperamentis,
757 1396 803 1464 de
824 1395 1065 1465 membrorum
1079 1408 1114 1464 et
1166 1389 1325 1464 discitur.
1385 1390 1441 1462 Sit
1471 1391 1579 1481 igitur
1607 1387 1692 1462 haec
1718 1395 1833 1484 prima
1867 1396 2019 1482 utilitas,
2059 1397 2156 1489 quod

127 1516 336 1583 manorum
356 1495 397 1565 in
419 1490 567 1565 homine
590 1494 832 1567 functionibus
847 1509 882 1567 et
899 1508 1046 1579 natura,
1069 1495 1114 1566 de
1165 1494 1338 1585 quaedam
1363 1489 1566 1563 Medicinae
1595 1495 1767 1586 particula
1798 1508 1862 1567 est.
1926 1497 1997 1569 Sed
2021 1510 2157 1568 suntet

125 1597 232 1677 mais
254 1597 481 1682 morborum,
512 1596 641 1667 addam
671 1597 844 1689 amplius,
883 1600 928 1669 de
958 1597 1114 1669 motibus
1165 1593 1255 1662 oliae
1280 1594 1411 1665 multae
1433 1618 1577 1679 causae,
1611 1620 1677 1665 cur
1697 1598 1979 1670 adolescentibus
2006 1594 2156 1695 Physica

123 1698 231 1783 neti,
255 1711 288 1771 et
312 1700 420 1769 variis
444 1697 644 1778 effectibus,
667 1699 731 1791 qui
755 1716 872 1772 motus
889 1700 1115 1771 comitantur.
1167 1697 1364 1768 traduntur.
1424 1695 1551 1766 Manat
1573 1697 1656 1766 inde
1687 1721 1766 1787 pars
1795 1723 1923 1790 magna
1944 1702 2156 1794 disputatio-

123 1794 215 1883 flsec
238 1801 386 1873 memini
414 1801 522 1870 foisse
551 1799 750 1871 doctrinam
775 1802 881 1873 etiam
906 1802 1114 1872 matrumfa·
1167 1821 1254 1867 rrum
1274 1793 1491 1884 ethicorum,
1519 1800 1601 1891 qnia
1622 1822 1746 1869 causae
1769 1801 1940 1874 virtutum
1967 1803 2005 1872 in
2028 1815 2156 1873 natura

123 1900 257 1986 nilias,
279 1904 363 1996 qnia
385 1902 690 1998 advaletudinem
712 1905 879 1973 tuendam
905 1906 1004 1976 etad
1026 1904 1115 1975 edu·
1166 1895 1322 1969 hominis
1345 1903 1567 1993 quaerendae
1588 1916 1682 1970 sunt.
1737 1901 1860 1995 ltaque
1882 1917 1917 1973 et
1938 1906 1976 1973 in
2002 1903 2157 1993 negociis

123 2002 296 2077 ιιιίοιιειιι
311 2005 505 2074 necessaria
523 2016 584 2073 est.
620 2000 819 2076 Domestica
834 2007 986 2098 quadam
1000 2006 1114 2076 scien-
1165 2001 1331 2071 civilibus
1344 2025 1447 2093 saepe
1461 2002 1598 2096 aliquid
1614 2025 1654 2072 ex
1663 1998 1813 2098 Physica
1825 2006 1986 2075 doctrina
1996 2004 2157 2096 decerpi·

123 2104 164 2187 lia
184 2107 341 2177 tuendae
364 2106 581 2177 valetudinis
607 2118 643 2177 et
658 2107 802 2193 regendi
819 2109 933 2180 victus
947 2108 1115 2179 omnibus
1166 2119 1235 2174 tur.
1284 2099 1334 2173 Et
1349 2100 1450 2175 Plato
1465 2104 1599 2199 inquit:
1632 2101 1794 2177 Periclen
1816 2104 1896 2176 ideo
1913 2106 2157 2178 antecelluisse

123 2228 209 2301 spus
233 2220 298 2280 eat.
349 2203 394 2281 Et
419 2209 578 2279 literatos
600 2209 698 2278 decet
720 2231 823 2279 nosse
847 2212 962 2282 fontes
986 2205 1113 2280 harum
1166 2205 1311 2278 caeteris
1324 2199 1557 2293 Oratoribus,
1591 2207 1686 2300 quod
1701 2204 1946 2299 Anaxagoram
1964 2204 2156 2302 Physicum

123 2306 422 2401 disputationum,
454 2310 518 2402 qui
540 2308 678 2380 etiamsi
701 2309 869 2381 videntur
891 2312 1026 2402 raigeri,
1059 2324 1114 2382 ta-
1165 2308 1321 2381 studiose
1348 2309 1521 2384 audierat.
1580 2307 1681 2399 Quid
1715 2311 1809 2402 quod
1837 2310 1975 2381 erudita
2006 2305 2156 2404 Physica

123 2432 201 2483 nen
224 2433 373 2483 monere
393 2413 569 2482 studiosos
591 2411 702 2479 multa
727 2427 886 2501 possunt.
943 2412 1024 2483 Non
1041 2424 1115 2483 erat
1166 2411 1270 2482 ctiam
1288 2409 1474 2483 confirmat
1491 2407 1655 2483 honestas
1676 2411 1868 2483 sententias
1884 2414 1929 2482 de
1950 2413 2030 2484 Deo
2055 2425 2089 2481 et
2112 2411 2156 2481 de

123 2512 339 2597 nimione
358 2512 523 2587 Medicus
540 2510 672 2596 Varro,
702 2515 763 2582 sed
787 2527 903 2584 tamen
926 2517 1065 2586 ratione
1080 2527 1115 2584 et
1166 2512 1400 2604 providentia.
1457 2510 1549 2584 Nam
1575 2538 1617 2584 ex
1637 2515 1799 2585 doctrina
1815 2514 1860 2584 de
1881 2513 1996 2586 causis
2011 2511 2157 2584 ratioci-

123 2613 306 2705 [ligentia
320 2614 358 2686 in
369 2615 570 2705 provincia,
595 2636 687 2706 quae
701 2627 775 2686 crat
789 2615 915 2691 infesta
931 2618 989 2687 lne
1005 2615 1113 2709 pesti·
1167 2637 1294 2685 namur
1311 2637 1385 2683 esse
1408 2629 1587 2687 aeternam
1607 2630 1779 2702 mentem,
1809 2640 1938 2702 unam,
1963 2615 2156 2687 immensae

123 2716 226 2802 nti,
250 2714 300 2787 ita
314 2717 465 2786 servavit
481 2739 518 2787 se
536 2729 570 2786 et
584 2715 801 2790 comitatum.
856 2717 961 2789 lussit
976 2718 1112 2789 obstrui
1166 2715 1363 2808 potentiae,
1386 2718 1579 2808 sapientem
1597 2742 1637 2787 ac
1660 2718 1851 2810 optimam,
1877 2731 1911 2788 et
1926 2731 1966 2788 ut
1980 2714 2081 2787 Plato
2098 2715 2156 2784 in-

123 2839 243 2891 mnea
265 2817 454 2903 fenestras,
487 2830 625 2909 praeter
655 2818 824 2904 Arctoas,
854 2824 950 2890 unde
978 2821 1114 2911 spirant
1165 2820 1263 2910 quit,
1286 2817 1373 2888 boni
1397 2843 1537 2888 cauum
1560 2819 1599 2889 in
1624 2835 1762 2891 natura.
1812 2817 1887 2890 Nec
1902 2814 1995 2890 nihil
2014 2818 2157 2911 prodest

123 2918 308 3015 igidiores
338 2920 448 2994 venti.
524 2917 723 2990 Consilium
766 2920 803 2989 id
841 2945 883 2990 ex
916 2923 1114 3012 puerilibus
1165 2924 1210 2988 od
1232 2919 1475 3011 disciplinam,
1507 2920 1701 2999 imbecilles
1721 2945 1761 2992 ac
1788 2921 1996 3012 languentes
2018 2920 2156 2991 animos

123 3020 332 3113 acceptis,
366 3045 455 3116 quae
476 3021 515 3090 in
534 3016 684 3114 Physica
707 3022 752 3089 de
776 3035 964 3094 ventorum
986 3022 1114 3093 discri·
1165 3016 1222 3091 his
1248 3022 1466 3110 argumentis
1494 3021 1712 3095 confirmare.
1771 3020 1852 3094 Non
1877 3047 1960 3093 raro
1983 3021 2059 3114 ipse
2082 3043 2157 3091 me·

123 3122 216 3195 atne
247 3124 455 3209 traduntur,
488 3134 668 3214 sumptum
701 3134 797 3214 erat,
835 3135 876 3194 ut
907 3147 1031 3195 omnes
1056 3125 1114 3192 in·
1165 3146 1245 3192 cum
1260 3145 1383 3191 omnes
1394 3117 1629 3217 Physicorum
1641 3124 1814 3209 rationes,
1837 3126 1883 3196 de
1898 3122 1994 3209 Deo,
2017 3122 2158 3214 colligo,

123 3222 288 3316 uliginis.
1164 3236 1205 3295 ut
1223 3222 1392 3292 falsarum
1407 3223 1619 3313 opinionum
1642 3225 1866 3315 praestigias,
1887 3249 1975 3320 quas
1988 3220 2156 3316 Epicurei

222 3322 354 3399 Narrat
370 3322 531 3396 Galenus
551 3321 750 3397 Antonium
775 3322 1026 3419 Imperatorem
1047 3326 1111 3396 de·
1164 3337 1225 3395 aut
1248 3320 1451 3394 Academici
1472 3324 1585 3395 oculis
1606 3320 1793 3395 hominnm
1817 3327 2029 3406 offundunt,
2059 3326 2156 3395 refu·

123 3426 254 3521 pellere
265 3428 458 3499 cruditates
475 3425 662 3497 ventriculi
678 3428 844 3509 solitum,
870 3428 988 3499 inedia
1005 3429 1113 3499 unius
1163 3441 1239 3497 tare
1259 3425 1389 3496 clarius
1413 3425 1558 3517 possim.
1612 3424 1791 3497 Discimns
1819 3452 1861 3498 ex
1892 3422 2052 3522 Physicis
2081 3449 2154 3496 non

123 3526 217 3614 diei,
246 3540 280 3601 et
298 3522 522 3601 haurientem
546 3524 712 3625 cyathum
739 3526 833 3615 vini,
866 3531 923 3600 cui
947 3529 1113 3624 aliquan·
1165 3549 1267 3622 posse
1279 3527 1536 3616 intelligentem
1555 3539 1720 3598 naturam
1734 3528 1855 3599 oriris
1870 3528 1995 3614 bruto,
2020 3539 2082 3598 aut
2096 3551 2155 3598 ca·

123 3636 197 3707 dua
221 3628 354 3723 piperis
376 3630 550 3723 inspersit.
607 3627 807 3703 Domestica
826 3645 910 3704 sunt
924 3625 1029 3717 haec,
1051 3635 1111 3702 sed
1163 3654 1205 3703 su
1224 3628 1334 3701 nasci.
1390 3627 1497 3699 Mens
1518 3624 1675 3701 humana
1701 3642 1771 3716 est,
1802 3629 2005 3722 intelligens
2017 3642 2156 3715 natura,

123 3746 158 3807 tt
172 3744 272 3803 recte
285 3746 427 3803 utamur
441 3733 518 3802 sine
531 3727 695 3827 Physices
709 3731 929 3822 cognitione,
947 3734 1023 3804 freri
1038 3758 1112 3804 non
1164 3731 1366 3827 etquidem
1393 3729 1614 3803 immutabile
1635 3730 1826 3804 discrimen
1857 3727 2089 3805 honestorum
2120 3741 2156 3803 et

123 3844 246 3909 mess.
295 3831 386 3905 Nam
405 3831 593 3906 Antonino
614 3857 737 3905 causae
760 3838 984 3928 quaerendae
999 3850 1112 3918 erant,
1164 3834 1342 3927 turpium,
1373 3855 1521 3904 nascens
1543 3855 1661 3904 secum
1682 3835 1808 3911 adfert.
1857 3832 2006 3907 Necesse
2022 3830 2154 3924 estigi-

123 3934 301 4009 mebus
314 3958 406 4028 pene
420 3935 903 4031 inflammantibusnuteretur.
936 3935 1113 4009 Anioaad-
1164 3951 1223 4008 tur
1243 3960 1263 4007 a
1286 3947 1406 4006 mente
1426 3933 1545 4029 aliqua
1557 3936 1810 4027 praestantiore
1828 3961 1869 4008 sc
1882 3949 2023 4008 aeterna
2039 3946 2155 4006 ortam

123 4036 227 4111 vertit
255 4035 365 4123 igitur
393 4061 435 4107 es
466 4036 653 4107 ventriculi
675 4037 806 4126 frigore
827 4038 894 4109 sibi
921 4040 1113 4111 cruditates
1164 4060 1247 4111 esse.
1278 4035 1495 4126 Quisautem
1506 4038 1848 4108 nonvidetaliorom
1863 4050 2157 4128 argumentorum

123 4138 221 4243 μ’ῐί.
274 4136 392 4227 Quaen
415 4138 547 4211 multos
568 4162 705 4228 possem
720 4140 869 4211 recitare
884 4137 1001 4213 Duces
1015 4154 1112 4211 vete·
1163 4138 1410 4230 cogitationem
1425 4138 1617 4210 admodum
1630 4139 1754 4209 utilem
1771 4139 1868 4211 esaei
1898 4138 1968 4211 Sed
1982 4137 2156 4210 assentior

123 4252 174 4319 ἐμ
191 4251 229 4311 et
251 4254 430 4324 recentes,
467 4239 530 4335 qui
550 4241 614 4311 etsi
640 4238 857 4311 Medicinam
881 4266 955 4312 non
971 4266 1112 4313 exerce·
1164 4242 1333 4332 regendas
1355 4262 1431 4311 esse
1458 4238 1689 4329 cogitationes
1712 4265 1798 4331 poce
1822 4238 1985 4326 coelesti,
2019 4241 2057 4310 in
2083 4261 2154 4335 que

123 4354 230 4433 pant,
255 4355 375 4412 umen
394 4337 459 4412 bac
480 4337 711 4432 Philosophia
732 4356 767 4413 et
781 4365 883 4429 suae,
908 4359 942 4416 et
958 4343 1111 4415 aliorum
1164 4342 1259 4414 Deus
1273 4340 1385 4432 magis
1405 4342 1589 4434 perspicue
1616 4356 1649 4412 et
1671 4354 1835 4415 naturam
1857 4366 1959 4415 suam
1973 4354 2009 4413 et
2021 4341 2153 4410 volun·

123 4442 227 4535 ploti
256 4443 499 4516 consulebant.
557 4440 753 4514 Alexandri
782 4444 851 4516 fuit
875 4446 1044 4516 eximium
1072 4447 1111 4516 iu
1150 4459 1269 4515 tatem
1285 4442 1457 4536 patefecit.
1511 4439 1627 4513 Venio
1645 4443 1753 4534 igitur
1767 4446 1810 4517 ad
1826 4440 2004 4516 Ecclesiae
2019 4440 2153 4512 doctri·

123 4564 185 4633 nc
208 4566 337 4635 genere
357 4545 536 4630 studium,
567 4546 628 4639 qui
652 4545 802 4630 sciebat,
833 4560 867 4616 et
885 4541 1112 4618 Achillema
1162 4570 1258 4621 nam.
1306 4539 1384 4615 Etsi
1397 4541 1471 4615 scio
1485 4544 1573 4615 olim
1589 4539 1799 4617 Manicheos
1814 4560 1848 4617 et
1865 4540 2154 4639 plerosqueslioa

123 4634 276 4721 ffiirune
296 4644 513 4716 Medicinam
537 4647 720 4732 didicisse,
744 4659 790 4718 .ut
804 4652 897 4739 apud
913 4646 1111 4733 Homerum
1161 4647 1351 4718 fascinatos
1370 4644 1508 4717 deliciis
1529 4646 1709 4732 fanaticis,
1738 4647 1889 4719 movisse
1913 4647 2073 4736 ingentes
2094 4654 2153 4713 tu·

123 4748 279 4839 egimus.
337 4746 410 4818 Nec
434 4771 499 4835 ego
521 4772 618 4818 nrrrrc
648 4751 693 4817 de
724 4749 857 4838 integra
885 4748 1109 4821 Medicorum
1161 4750 1296 4822 multos
1316 4748 1356 4816 in
1377 4742 1535 4818 Ecclesia
1541 4796 1555 4833 ,
1589 4748 1682 4819 male
1718 4749 1891 4820 contextis
1918 4740 2151 4840 Physicorum

123 4864 193 4925 arte
216 4849 362 4943 loquor,
394 4851 438 4921 de
462 4844 527 4919 hac
546 4851 727 4919 communi
753 4865 787 4920 et
801 4853 1026 4924 oeconomica
1044 4855 1110 4923 do-
1162 4849 1357 4934 sententiis,
1381 4860 1500 4920 tameo
1515 4841 1608 4917 nihil
1622 4849 1772 4921 dubium
1786 4863 1853 4937 est,
1878 4843 2056 4919 Ecclesiae
2069 4868 2151 4919 eru·

123 4950 232 5041 etrins
253 4950 407 5035 dissero,
432 4975 500 5045 qua
524 4975 643 5021 carere
664 4976 737 5021 non
759 4975 961 5042 possumus,
985 4954 1015 5025 si
1035 4979 1108 5025 noo
1161 4954 1233 5024 dita
1250 4966 1285 5023 et
1307 4951 1443 5021 sincera
1463 4945 1614 5121 Physica
1640 4973 1732 5043 opus
1752 4973 1838 5023 esse.
1889 4948 1929 5021 Si
1938 4949 2010 5044 ¹qni
2031 4948 2151 5042 inepte

123 5074 263 5129 uorsus
281 5051 441 5125 belluino
454 5076 553 5122 more
573 5054 690 5122 vivere
703 5055 879 5125 volumus.
1160 5052 1367 5125 tumultuati
1387 5065 1489 5137 sunt,
1543 5050 1706 5123 ominum
1729 5052 1830 5122 furor
1849 5050 2066 5131 execrandus
2088 5063 2152 5131 est,

219 5148 362 5224 Addam
377 5166 413 5225 et
427 5154 584 5245 eaempla
603 5150 789 5226 Ecclesiae.
841 5153 1024 5246 Haecipsa
1042 5156 1109 5226 do-
1159 5180 1236 5226 non
1256 5177 1314 5225 ars
1335 5152 1588 5244 vituperanda,
1612 5176 1719 5248 quam
1739 5152 1793 5223 illi
1812 5152 1879 5245 ipsi
1898 5152 2072 5243 flagitiose
2087 5153 2151 5221 de·

123 5256 231 5357 fine
248 5252 396 5352 Physica
412 5256 555 5345 propria
570 5250 788 5340 fuitNohae,
812 5252 996 5338 Abrahae,
1019 5255 1109 5327 Pro·
1158 5258 1367 5352 provehant
1419 5250 1468 5327 Et
1487 5253 1626 5325 facilius
1647 5254 1792 5326 refutari
1813 5266 1981 5347 possunt,
2006 5252 2152 5346 prolatis

123 5352 306 5433 theutona
332 5371 368 5430 et
400 5354 668 5449 Apostolorum.
727 5356 818 5429 Nam
848 5373 890 5432 ut
919 5359 1108 5432 autoritate
1158 5357 1253 5430 veris
1272 5357 1648 5432 demonstrationibus.
1705 5351 1876 5447 Exempla
1901 5356 2006 5427 etiam
2031 5367 2152 5427 osteo-

123 5462 233 5563 eliqua
251 5457 447 5531 eminerent
462 5458 557 5528 inter
571 5474 726 5530 caeteros
744 5454 926 5547 homines,
952 5477 985 5533 et
998 5465 1107 5535 bene·
1159 5463 1271 5548 dunt,
1296 5484 1371 5531 non
1387 5458 1543 5552 potuisse
1556 5459 1765 5549 interpretes
1780 5473 1913 5530 veteres
1928 5480 2046 5529 carere
2053 5448 2151 5551 Phy-
