4664 6022
460 316 621 397 auct..
654 317 727 394 DE
762 316 963 396 DlCTO:
999 311 1217 400 PATER,
1250 307 1617 388 sencrtttlca
1646 310 1760 389 EOS
1787 330 1870 389 rm
2114 311 2192 391 890

141 494 302 565 dimenta
328 496 442 567 luctus
467 497 574 566 etiam
595 496 790 569 accesserit.
841 492 911 565 Sed
935 517 998 562 oro
1015 490 1144 573 Deum,
1198 485 1291 578 patri
1305 482 1520 578 Ecclesiam,
1548 502 1581 558 et
1600 513 1665 579 pro
1683 512 1723 558 ea
1738 488 1950 559 sacrificium
1968 491 2065 581 quod
2083 490 2196 560 factu·

139 611 182 669 ut
208 612 243 669 et
265 623 330 668 nos
354 601 450 691 ipsos
465 599 649 693 impositos
665 614 802 690 petrae,
828 597 963 667 scilicet
977 596 1052 665 lilio
1068 618 1143 673 suo,
1198 614 1259 659 rus
1275 604 1345 675 est,
1371 591 1537 681 adplicat.
1589 588 1637 663 Et
1658 592 1804 686 quidem
1828 591 2086 682 sapientissime
2109 592 2197 684 petit

140 698 302 772 Domino
333 717 455 773 nostro
486 697 565 771 lesu
593 696 757 780 Christo,
803 713 994 783 sustentet,
1035 710 1143 788 regat,
1196 715 1252 761 res
1267 716 1439 763 summas:
1467 695 1622 785 primum
1638 708 1678 763 ut
1693 691 1887 766 Ecclesiam
1903 694 2059 787 aliquam
2078 718 2118 763 er
2133 717 2195 784 gc·

141 818 274 890 servet,
300 829 366 876 nec
389 806 482 876 sinat
502 804 637 876 diaboli
651 806 835 875 furoribus
850 801 1014 894 dissipari
1030 797 1142 871 hone·
1196 819 1281 864 nere
1296 792 1454 866 humano
1472 822 1556 868 voce
1574 795 1763 887 Evangelii
1787 797 1946 887 colligat,
1978 820 2085 890 quam
2108 821 2194 889 pro-

139 921 213 979 slos
230 923 368 994 coetus,
393 910 431 977 in
449 908 579 1001 quihus
596 909 757 979 doctrina
776 906 963 997 Evangelii
990 919 1024 974 et
1049 905 1142 973 alia-

141 1034 222 1081 rum
237 1013 385 1091 artium,
412 1008 688 1103 quaeEcclesiae
702 1010 919 1081 necessariae
935 1022 1030 1092 sunt,
1058 1032 1140 1098 pro·

139 1127 325 1205 pagantur.
379 1112 475 1185 Dixi.

143 1339 366 1352 -u—-m-
374 1338 547 1349 .-.—-.-·—-—-
555 1340 565 1345 -
572 1334 1140 1347 -----------..-..-⁴s--›--—--

148 1497 219 1573 No.
239 1500 323 1571 112.

149 1595 324 1625 Μ

961 1524 989 1566 a.
1018 1501 1112 1568 1550.

928 1593 1121 1622 Μ

163 1737 241 1823 Dc
268 1734 412 1820 dictos
454 1732 622 1835 Pater,
651 1725 890 1842 sanctifica
923 1759 1000 1816 coa
1028 1746 1111 1819 ete.

209 1920 240 1974 ln
263 1917 355 1972 select.
376 1915 532 1972 Declamst.
554 1913 587 1969 T.
600 1911 649 1970 lll.
676 1932 703 1984 p.
718 1914 863 1987 §tdsqqn
901 1915 1018 1970 Serrest.
1043 1917 1077 1974 Τ.
1089 1914 1137 1972 lll.

259 1988 340 2041 .499.
360 1984 486 2040 Richard.
516 1983 549 2037 T.
564 1981 613 2039 ΙΙΙ.
643 2003 669 2053 p.
692 1984 790 2038 met
812 1985 840 2037 in
860 1982 1137 2042 Tontolll.Eclord.

239 2007 280 2110 lit.
298 2057 344 2122 dd,
368 2061 390 2112 l.
432 2053 499 2107 ltem
515 2055 541 2107 in
557 2052 671 2123 Georgii
688 2053 823 2123 Principis
838 2054 977 2109 Anbaltini
992 2056 1138 2108 concioni·

239 2129 290 2181 bus
304 2135 329 2180 et
342 2125 449 2196 scriptis
468 2143 494 2195 p.
509 2123 592 2177 td9b.
631 2127 676 2177 Est
689 2123 763 2176 enirn
778 2125 867 2177 oratio
887 2124 1036 2198 synodica,
1064 2127 1135 2179 reci·

240 2208 293 2252 tata
309 2217 322 2250 a
343 2192 464 2264 Georgia
479 2193 547 2247 seria
563 2194 598 2247 ll.
613 2203 675 2264 post
687 2191 765 2245 Trin.
780 2214 806 2247 a.
824 2195 899 2248 1550.
921 2193 985 2248 coll.
1007 2192 1055 2265 Ep.
1073 2194 1135 2247 atet.

243 2267 271 2322 d.
286 2266 328 2321 26.
347 2265 415 2318 Maii
430 2264 508 2318 1550.

137 2435 270 2507 Oratio
317 2416 542 2521 [synodico]
576 2421 624 2494 de
655 2421 756 2493 dicto
792 2421 955 2499 christi:
1005 2430 1138 2520 Pater,

271 2521 476 2622 sanctifico
499 2528 830 2621 castanentum,
863 2533 916 2603 lo.
939 2526 999 2605 ll.

136 2685 233 2768 'l'ibi
256 2686 354 2761 Deus
382 2690 628 2781 omnipotens,
679 2706 821 2762 aeterne
856 2710 955 2788 pater
985 2696 1136 2766 Domini

138 2795 254 2868 nostri
268 2791 348 2863 lesu
363 2788 521 2883 Christi,
546 2793 711 2865 conditor
730 2796 871 2867 coellet
889 2811 1002 2868 terrac
1018 2814 1053 2869 et
1068 2795 1136 2868 ho-

137 2898 297 2974 minum,
340 2908 374 2964 et
396 2894 548 2965 aliarum
572 2910 830 2983 creaturarum,
862 2925 1035 2971 unacum
1061 2901 1136 2972 lilio

135 3014 211 3085 tuo,
228 2997 385 3069 Domino
401 3010 523 3068 nostro
533 2999 611 3068 lesu
622 2995 779 3084 Christo,
803 3014 837 3071 et
846 3001 985 3093 Spiritu
999 3020 1135 3090 sancto,

134 3102 269 3197 gratias
289 3101 443 3192 agimus,
478 3101 575 3194 quod
599 3095 772 3172 hactenus
787 3098 981 3176 Ecclesiam
1005 3103 1072 3176 tibi
1096 3108 1135 3175 in

132 3198 194 3277 his
210 3203 416 3295 regionibus
432 3203 588 3293 colligis,
615 3216 648 3273 et
664 3228 784 3296 pacem
800 3218 834 3277 et
853 3207 923 3277 alia
943 3210 1037 3283 bona
1062 3208 1135 3279 lar-

132 3308 240 3403 giris:
267 3321 371 3403 teque
387 3306 563 3399 supplices
583 3319 616 3377 et
637 3307 846 3378 ardentibus
866 3310 958 3382 votis
979 3336 1135 3397 oramus,

133 3424 178 3484 ut
195 3424 366 3505 perpetuo
382 3409 487 3481 nobis
498 3408 602 3493 adsis,
623 3403 875 3483 haereditatem
890 3410 965 3486 filio
980 3428 1043 3486 tuo
1060 3416 1134 3485 col-

135 3514 248 3608 ligas,
276 3527 310 3584 et
327 3507 481 3605 hospitia
498 3506 678 3581 Ecclesiae
697 3527 870 3606 protegas.

241 3632 347 3706 Scitis
369 3645 489 3703 autem
516 3631 795 3705 vetustissimum
818 3659 955 3705 morem
977 3658 1050 3705 esse
1064 3629 1135 3707 Ec-

133 3738 281 3822 clesiae,
315 3750 351 3808 et
370 3734 473 3806 valde
494 3735 639 3817 utilem,
678 3737 870 3810 convenire
893 3740 938 3809 ad
960 3736 1136 3829 legitimas

134 3843 312 3941 synodos,
349 3851 391 3910 ut
412 3837 575 3910 doctrina
600 3852 635 3911 et
657 3863 775 3911 mores
805 3840 1063 3933 inspiciantur,
1101 3856 1134 3911 et

133 3965 331 4019 consensus
344 3940 383 4011 in
399 3964 480 4011 vera
507 3940 670 4012 doctrina
692 3960 939 4031 conservetur,
972 3959 1007 4015 et
1026 3944 1134 4017 disci-

132 4048 237 4149 plina
253 4041 480 4115 mediocriter
494 4057 647 4133 regatur.
697 4042 767 4117 Hic
782 4071 860 4119 mos
878 4044 947 4118 Dei
962 4048 1134 4118 beneficio

132 4148 330 4251 quotannis
345 4172 364 4217 a
379 4145 484 4215 nobis
500 4146 706 4219 observatus
730 4165 801 4237 est,
829 4164 864 4222 et
887 4151 1047 4222 laborem
1066 4174 1135 4220 no·

131 4269 249 4331 strum
273 4247 443 4322 Ecclesiis
467 4250 660 4342 proluisse,
694 4266 729 4322 et
747 4249 824 4324 Deo
851 4270 991 4345 gratum
1018 4254 1135 4337 luisse,

131 4379 251 4452 spero.
306 4351 456 4424 Necesse
480 4367 532 4423 est
555 4365 673 4423 autem
695 4353 735 4424 in
759 4350 815 4427 his
837 4357 1084 4449 congressibus
1100 4371 1135 4426 et

130 4458 267 4555 gratias
281 4479 382 4548 agere
399 4451 494 4540 Deo,
521 4468 555 4526 et
570 4456 704 4548 precari
729 4471 771 4529 ut
795 4475 911 4531 servet
927 4455 1135 4543 Ecclesiam,

132 4577 172 4637 ct
187 4561 335 4632 recitare
353 4558 547 4629 sententias
565 4558 721 4652 aliquas,
746 4574 823 4632 tum
848 4564 892 4632 ad
918 4562 1135 4635 consolatio-

131 4688 237 4750 nem,
262 4677 339 4735 tum
352 4661 397 4732 ad
411 4661 789 4733 commonefactionem
805 4667 1099 4743 accommodatas.

239 4780 365 4876 ltaque
380 4804 461 4851 cum
477 4781 680 4872 saepissime
697 4782 767 4852 iam
787 4785 939 4875 cogitem
959 4785 1134 4856 ardentis·

132 4888 263 4963 simam
288 4883 526 4976 precationem
549 4883 614 4953 lilii
629 4880 717 4971 Dei,
749 4911 856 4980 quam
879 4888 1004 4958 recitat
1027 4888 1135 4976 paulo

132 5002 220 5065 ante
251 5002 424 5071 mortem,
461 4986 598 5079 sumpsi
622 4987 707 5057 inde
739 4984 825 5060 haec
852 4992 977 5061 verba:
1019 4987 1137 5075 Pater,

132 5091 312 5167 sanctifica
344 5088 472 5162 cosin
506 5091 654 5161 veritate
688 5104 769 5177 tua,
816 5114 933 5163 sermo
968 5106 1052 5163 tuus
1084 5106 1136 5163 est

132 5195 277 5269 veritas.

1195 912 1274 989 pter
1287 895 1378 969 hanc
1394 895 1546 970 hostiam
1562 901 1673 992 recipi
1687 914 1776 973 orat.
1803 895 2192 972 DeindeutinhacEc-

1194 1001 1298 1070 clesia
1316 1003 1363 1073 sit
1377 1018 1566 1094 perpetuus
1586 1007 1795 1088 consensus,
1822 1017 1857 1073 et
1870 1003 1970 1072 brma
1989 1003 2192 1087 concordia,

1194 1105 1372 1194 copulatis
1388 1107 1550 1176 omnium
1567 1107 1696 1177 animis
1718 1109 1826 1178 unius
1848 1106 2030 1177 doctrinae
2052 1106 2191 1176 confes-

1193 1207 1303 1276 sione.
1358 1207 1501 1295 'l‘ertio,
1522 1224 1563 1280 ut
1576 1206 1672 1280 hunc
1686 1225 1823 1283 coetum
1840 1212 2004 1280 eductum
2023 1232 2064 1278 ex
2080 1203 2190 1279 huius

1194 1310 1288 1380 vitae
1309 1334 1463 1396 carcere,
1488 1327 1590 1382 ornet
1607 1315 1759 1384 aeternis
1778 1314 1882 1383 bonis
1897 1326 1931 1382 et
1945 1310 2088 1382 coelesti
2103 1335 2190 1381 con-

1193 1415 1402 1502 suetudine,
1429 1416 1467 1483 in
1485 1440 1555 1508 qua
1574 1441 1690 1485 coram
1707 1418 1870 1488 [ruamur
1895 1427 2105 1504 conspectu,
2131 1436 2188 1482 sa-

1195 1515 1327 1605 pientia
1343 1532 1377 1588 ct
1394 1519 1552 1589 bonitate
1569 1517 1647 1592 Dei.
1687 1517 1916 1591 Considerate
1932 1541 2061 1611 quaeso
2080 1511 2187 1586 huius

1193 1619 1307 1688 nostri
1331 1621 1502 1706 oratoris,
1535 1635 1569 1691 et
1593 1623 1724 1692 summi
1746 1622 1938 1692 sacerdotis
1965 1619 2186 1710 sapientiam.

1192 1718 1268 1793 Res
1293 1722 1483 1807 maximas,
1515 1736 1549 1793 et
1571 1727 1723 1795 maxime
1746 1725 1959 1794 necessarias
1983 1723 2021 1791 in
2044 1722 2106 1791 illa
2128 1744 2187 1790 so-

1192 1824 1292 1894 lenni
1315 1825 1485 1916 petitione
1507 1828 1774 1918 complectitur,
1800 1852 1890 1922 quae
1904 1827 2047 1920 quidem
2062 1824 2187 1894 multis

1192 1929 1236 1996 de
1261 1928 1374 1997 causis
1393 1930 1523 2021 scripta
1549 1944 1612 2003 est.
1664 1929 1825 2002 Primum
1846 1931 1934 1999 scire
1953 1951 2019 1998 nos
2037 1940 2188 2018 oportet,

1191 2023 1276 2098 haec
1291 2054 1427 2100 summa
1443 2033 1536 2101 bona
1557 2046 1724 2127 tanquam
1744 2028 1994 2102 haereditatem
2020 2030 2124 2099 nobis
2147 2030 2185 2098 in

1191 2146 1401 2204 testamento
1425 2136 1470 2204 ab
1487 2150 1632 2206 aeterno
1656 2149 1755 2226 patre
1776 2135 1884 2228 petita
1905 2157 1999 2217 esse,
2031 2149 2065 2204 et
2089 2147 2185 2203 certo

1191 2235 1296 2305 nobis
1311 2236 1469 2306 attribui.
1521 2237 1612 2307 Nam
1627 2236 1713 2308 baec
1728 2239 1886 2309 solennis
1903 2236 2025 2329 petitio
2040 2235 2108 2306 lilii
2120 2260 2184 2304 ne·

1191 2361 1372 2432 quaquam
1394 2339 1496 2411 irrita
1526 2354 1595 2426 est,
1633 2367 1713 2411 cum
1733 2342 1877 2434 quidem
1899 2353 2019 2432 postea
2044 2353 2078 2409 et
2103 2362 2185 2407 san·
2233 2410 2236 2415 ,

1190 2441 1298 2530 guina
1312 2443 1387 2510 eius
1404 2437 1471 2512 hoc
1487 2457 1736 2515 testamentum
1754 2445 1994 2514 confirmetur.

1293 2542 1432 2615 Deinde
1455 2546 1532 2616 vult
1555 2547 1593 2615 in
1616 2548 1721 2617 nobis
1742 2571 1885 2645 quoque
1908 2546 2099 2617 accendere
2123 2566 2186 2612 cu·

1189 2669 1265 2714 ram
1278 2649 1422 2739 petendi
1437 2663 1471 2717 et
1490 2649 1668 2719 retinendi
1684 2645 1770 2720 haec
1791 2652 1904 2734 bona,
1928 2649 2007 2721 vult
2029 2671 2095 2716 nos
2117 2669 2185 2715 no-

1189 2761 1261 2817 stra
1279 2764 1379 2834 vota,
1405 2766 1546 2823 nostros
1559 2753 1711 2842 gemitus
1727 2768 1897 2845 perpetuo
1913 2755 1958 2822 ad
1976 2775 2075 2820 suam
2091 2746 2183 2842 peti·

1189 2850 1322 2919 tionem
1338 2853 1549 2944 adiungere,
1575 2879 1681 2950 quam
1701 2858 1846 2950 quidem
1873 2881 1947 2929 non
1967 2853 2074 2924 semel
2097 2867 2183 2923 tunc

1188 2954 1369 3040 recitarit,
1393 2959 1454 3026 sed
1477 2953 1563 3028 haec
1584 2973 1636 3030 est
1657 2959 1734 3029 eius
1755 2973 1923 3053 perpetua
1944 2982 2023 3030 vox.
2077 2953 2184 3027 Tunc

1188 3080 1269 3126 cum
1284 3071 1480 3148 prostratus
1497 3083 1617 3129 coram
1637 3061 1729 3132 irato
1749 3076 1850 3154 patre
1870 3064 2077 3152 deprecator
2093 3069 2185 3129 esset
2311 3085 2317 3093 ·

1188 3182 1253 3251 pro
1276 3155 1394 3229 Adam
1427 3177 1461 3233 et
1480 3158 1600 3246 Heva,
1637 3186 1782 3233 exorsus
1806 3177 1860 3234 cst
1887 3158 1979 3234 banc
2011 3161 2184 3255 precatio·

1188 3285 1287 3331 nem:
1314 3275 1349 3333 et
1364 3287 1461 3333 nunc
1476 3264 1515 3333 in
1532 3263 1595 3335 illo
1613 3289 1743 3337 arcano
1758 3267 1909 3337 consilio
1927 3266 2069 3357 placans
2092 3263 2183 3332 iram

1187 3365 1321 3434 aeterni
1336 3366 1446 3458 patris
1463 3391 1527 3457 pro
1543 3362 1610 3438 bae
1631 3392 1840 3441 aerumnosa
1852 3365 2028 3452 Ecclesia,
2061 3368 2099 3434 in
2118 3360 2184 3437 hac

1188 3467 1362 3538 delirante
1378 3483 1515 3540 senecta
1531 3471 1680 3561 mundi,
1707 3475 1856 3543 eandem
1874 3471 2082 3563 petitionem
2096 3466 2185 3538 assi-

1188 3570 1258 3639 due
1271 3571 1411 3662 repetit.

1178 3715 1187 3731 ·
1288 3669 1349 3744 Aa
1365 3667 1459 3745 hanc
1473 3673 1584 3765 igitur
1599 3686 1806 3768 perpetuam
1826 3691 1921 3750 tuem
1946 3673 2184 3768 precationem

1186 3774 1417 3866 adiungimus
1448 3792 1570 3849 nostra
1609 3791 1692 3851 vota
1728 3793 1766 3851 et
1799 3775 2000 3875 lachrymas
2033 3790 2184 3861 nostras,

1186 3876 1267 3951 lesu
1282 3875 1443 3966 Christe,
1466 3880 1520 3951 fili
1536 3877 1627 3962 Dei.
1652 3882 1828 3955 mediator
1852 3896 1888 3956 et
1907 3905 2045 3956 summe
2068 3902 2183 3950 sacer·

1187 3983 1273 4067 dos,
1296 4005 1338 4052 sc
1356 3996 1472 4054 tecum
1488 4005 1634 4055 oramus
1656 3998 1839 4057 aeternum
1865 3997 2021 4079 patrem,
2044 4004 2185 4075 semper

1187 4098 1230 4156 ut
1253 4083 1348 4155 inter
1367 4109 1436 4157 nos
1458 4081 1654 4157 Ecclesiam
1675 4100 1823 4180 propter
1845 4102 1948 4161 tuum
1969 4085 2184 4159 acardum

1187 4187 1350 4278 colligat,
1377 4203 1413 4261 et
1426 4189 1589 4260 omnium
1605 4204 1741 4263 mentes
1762 4203 1796 4261 et
1819 4191 2021 4267 voluntates
2044 4188 2185 4261 confes-

1188 4289 1290 4362 sione
1305 4313 1410 4361 verae
1424 4292 1622 4378 doctrinae,
1647 4307 1681 4365 et
1694 4316 1776 4365 vers
1790 4293 2017 4367 invocatione
2032 4289 2185 4384 copulet,

1188 4404 1230 4464 ut
1253 4416 1471 4464 versunum
1494 4395 1606 4466 simus
1629 4393 1670 4466 in
1684 4392 1784 4481 Deo,
1808 4411 1842 4469 et
1857 4399 2002 4469 tandem
2017 4395 2184 4465 liberatos

1187 4496 1315 4567 educat
1330 4496 1679 4569 inconsuetudinem
1696 4512 1808 4570 tuam.

1290 4596 1389 4671 Haec
1405 4624 1630 4694 nequaquam
1646 4600 1775 4671 fiducia
1794 4600 1893 4671 illius
1908 4611 2050 4673 nostras
2066 4594 2183 4664 virtu·

1188 4700 1234 4771 tis
1251 4702 1422 4792 petimus,
1441 4703 1502 4773 sed
1528 4705 1571 4773 ad
1595 4716 1630 4773 te
1649 4703 1912 4794 confugientes,
1939 4715 2000 4773 tua
2016 4701 2186 4793 depreca-

1188 4803 1287 4875 tione
1308 4806 1525 4876 confidentes
1549 4808 1595 4875 ad
1617 4821 1802 4878 aeternum
1822 4819 1959 4896 patrem
1975 4799 2186 4885 accedimus,

1188 4919 1223 4976 te
1236 4907 1404 4979 volumus
1417 4901 1505 4979 baec
1520 4922 1643 4981 nostra
1658 4922 1741 4981 vocs
1752 4932 1834 4980 cum
1851 4907 1922 4980 tuis
1938 4909 1982 4979 ad
1999 4919 2184 4976 aeternum

1188 5022 1324 5101 patrem
1339 5012 1491 5083 adferre.
1541 5008 1601 5081 Tu
1617 5011 1713 5080 enim
1728 5012 1852 5083 eadem
1872 5009 2011 5102 precari
2025 5030 2092 5077 nos
2109 5006 2184 5077 ius·

1188 5110 1276 5183 sisti.
1327 5108 1374 5185 Et
1389 5113 1536 5208 quidem
1552 5112 1592 5183 in
1609 5113 1670 5183 illa
1688 5113 1763 5202 ipsa
1783 5127 1843 5185 tua
1867 5112 2006 5184 solenni
2023 5108 2186 5181 oratione

1187 5208 1274 5286 haec
1291 5217 1398 5285 verba
1419 5216 1539 5286 addis:
1565 5214 1622 5287 Sit
1637 5215 1676 5284 in
1693 5215 1743 5285 eis
1757 5216 1902 5288 dilectio
1926 5240 1997 5311 qua
2020 5236 2078 5282 me
2099 5207 2186 5279 dili·

237 5309 387 5400 Semper
399 5310 437 5379 in
452 5327 643 5404 conspectu
658 5335 732 5381 esse
757 5325 866 5383 totam
889 5311 988 5383 illam
1012 5336 1137 5405 preca-
1188 5316 1254 5406 gis.
1302 5317 1725 5410 Petisutcompleetatur
1742 5342 1807 5389 uos
1824 5332 1990 5391 aeternus
2005 5312 2188 5386 Patereo·

132 5416 271 5491 tionem
286 5413 374 5484 utile
390 5426 453 5497 est,
478 5413 599 5507 inqua
615 5413 796 5501 liliusDei,
816 5440 897 5487 cum
914 5417 1134 5487 sitsummus
1188 5419 1271 5489 dem
1295 5444 1436 5509 amore,
1476 5444 1549 5514 quo
1573 5432 1609 5488 te
1627 5419 1743 5491 filium
1765 5422 2020 5514 complectitur.
2089 5412 2189 5505 Quid

132 5518 316 5601 uoerdos,
348 5515 559 5589 solennibus
585 5520 704 5592 verbis
733 5521 961 5593 commendat
985 5534 1131 5593 aeterno
1189 5522 1264 5615 peti
1276 5525 1393 5597 maius
1406 5523 1550 5617 potuit?
1572 5535 1635 5595 aut
1656 5546 1749 5617 quae
1770 5539 1887 5617 potest
1903 5521 2080 5597 illustrior
2094 5518 2190 5609 cogi-
