4664 6022
164 278 170 287 .
234 286 308 367 ,Μ
723 274 884 356 onon
916 272 1256 352 turnaunnru
1287 272 1473 353 aeris
1504 275 1785 354 Mantuae
2202 276 2279 357 Μ

231 462 323 535 ried
338 456 477 531 ordinis
492 451 798 527 conservationem
816 448 1017 542 pertinent,
1042 464 1077 523 et
1093 450 1228 542 absque
1252 453 1256 475 ¹
1279 450 1463 541 ignorent,
1488 464 1662 543 quantum
1678 445 1766 522 haec
1783 473 1840 521 ars
1855 450 1894 521 in
1912 475 1949 523 se
1962 449 2053 523 boni
2067 445 2218 538 babeat,
2243 464 2280 525 et

230 564 306 638 illis
320 561 456 636 maiora
468 557 584 630 teneri
604 580 680 626 non
699 565 859 647 possunt.
911 551 1035 646 Neque
1051 576 1135 623 vero
1149 552 1227 623 sine
1251 610 1256 743 ι
1279 553 1522 645 imprudentes
1543 576 1619 622 rem
1647 553 1865 644 singularem
1894 566 2142 646 praetereant,
2166 566 2210 627 ut
2226 566 2281 626 est

231 666 290 741 bis
301 664 429 758 primis
440 662 579 732 artibus
589 658 664 729 ulla
680 656 844 727 doctrina
860 669 1022 727 constare
1033 667 1166 748 potest,
1192 667 1229 725 et
1280 680 1320 727 ea
1335 667 1429 726 aetas
1449 655 1582 723 infirmi
1599 657 1759 740 consilii,
1785 669 1821 727 et
1837 679 2020 748 praeceps,
2042 678 2161 751 neque
2180 654 2280 729 iodi-

230 766 272 841 hi
291 769 420 861 gradus
436 779 541 858 atque
561 759 723 832 examina
743 753 841 828 hunc
862 758 1063 829 studiorum
1078 757 1229 829 artium·
1280 758 1354 844 cio,
1383 758 1444 827 sed
1468 757 1621 827 libidine
1643 760 1775 843 fertur,
1801 759 1832 828 si
1855 758 1888 830 ei
1905 761 1993 840 dux,
2020 783 2128 853 quern
2149 760 2280 831 admo·

233 896 303 968 que
319 869 485 940 ordinem
507 873 738 941 conservant,
762 854 1025 954 prohibentque
1046 860 1229 930 conlusio·
1281 873 1424 930 nentem
1459 874 1646 952 sequatur,
1687 862 1851 932 deluerit.
1912 859 2050 932 Verum
2081 862 2281 954 admodum

233 997 316 1046 nem
334 997 375 1042 ac
391 966 707 1063 perturbationem.
753 961 868 1033 Porro
883 965 946 1056 qui
960 965 1005 1032 ab
1021 958 1077 1033 his
1092 963 1229 1032 artibus
1282 965 1403 1055 paucis
1429 963 1472 1031 de
1504 985 1543 1030 re
1572 963 1787 1054 amplissima
1816 963 1952 1048 dicam,
1985 965 2084 1058 quod
2115 963 2281 1054 intelligo

233 1076 345 1171 probe
361 1071 535 1154 instructi,
550 1071 595 1138 ad
610 1066 810 1159 superiores
825 1065 1032 1156 disciplinas
1048 1066 1230 1150 accedunt,
1280 1061 1370 1134 mihi
1388 1088 1466 1133 eam
1492 1067 1668 1134 sermonis
1690 1065 1828 1157 copiam
1855 1080 1889 1137 et
1911 1067 2149 1137 benedicendi
2167 1066 2284 1139 iacul-

233 1176 275 1250 lti
295 1177 469 1248 foeliciter
489 1173 528 1241 in
553 1170 626 1240 illis
649 1168 778 1239 deinde
804 1181 1010 1254 versantur,
1036 1182 1070 1238 et
1092 1168 1229 1237 fructus
1281 1181 1391 1239 tatem
1406 1168 1544 1252 deesse,
1570 1192 1677 1261 quam
1699 1169 1775 1238 eins
1799 1168 1885 1238 artis
1905 1169 2054 1239 virtutes
2071 1171 2283 1262 deposcunt,

232 1280 433 1354 studiorum
449 1299 598 1346 suorum
615 1273 815 1343 uberrimos
832 1270 1033 1362 percipiunt
1051 1271 1229 1340 reddunt·
1282 1271 1311 1340 si
1327 1266 1516 1339 hominum
1532 1270 1646 1340 oculis
1660 1265 1828 1339 exhibere
1843 1271 1944 1344 velis.
1997 1269 2121 1364 Neque
2136 1295 2178 1341 eo
2194 1294 2283 1342 son·

232 1406 316 1478 que.
368 1376 434 1450 Est
456 1377 553 1448 enim
578 1371 665 1443 haec
688 1375 804 1465 prima
820 1397 860 1442 ac
877 1373 1024 1463 puerilis
1041 1373 1231 1456 institutio,
1283 1373 1364 1443 silio
1381 1367 1472 1441 banc
1489 1372 1708 1463 provinciam
1724 1373 1881 1464 suscepi,
1904 1375 2000 1467 quod
2020 1367 2088 1443 hoc
2105 1397 2165 1444 me
2178 1397 2283 1466 prse-

232 1486 332 1556 velut
358 1483 427 1551 ilos
456 1479 619 1549 omnium
652 1477 818 1568 deinceps
846 1488 1108 1566 proventuum,
1141 1497 1231 1567 quos
1282 1476 1450 1545 stitutum
1468 1475 1701 1559 confiderem,
1726 1477 1786 1544 sed
1803 1500 1847 1543 ne
1863 1476 1904 1544 in
1921 1471 2200 1567 pulcherrimam
2213 1499 2281 1549 no-

231 1586 418 1660 redditura
433 1596 515 1652 sunt
535 1580 690 1670 ingenia.
1284 1577 1350 1646 stri
1384 1574 1574 1670 Gymnasii
1612 1578 1905 1647 consuetudinem
1947 1602 2146 1668 peccarem,
2192 1602 2281 1671 quse

1284 1681 1374 1750 tanti
1398 1679 1504 1748 bonis
1524 1679 1612 1748 viris
1632 1693 1704 1763 est,
1730 1693 1770 1750 ut
1792 1705 1867 1749 non
1884 1681 2049 1752 dubitent
2062 1681 2228 1752 diflicilia
2248 1694 2282 1753 et

1285 1784 1415 1859 ardua,
1442 1795 1476 1850 et
1492 1804 1637 1873 prorsus
1652 1806 1742 1874 quae
1759 1805 1865 1874 supra
1888 1806 1969 1851 suas
1985 1783 2079 1852 vires
2098 1796 2190 1856 sunt
2205 1808 2281 1855 mo-

260 1932 297 2001 si
310 1938 388 1998 bene
400 1935 559 1993 floruerint
573 1932 655 1989 oleae
700 1925 899 1986 nitidissimus
913 1944 1009 1985 annus
1285 1884 1364 2002 ΜΞ
1396 1885 1506 2001 ΠῘἿὼ
1528 1884 1628 2002 ΜΨ
1649 1899 1803 1955 mmm·
1863 1883 1983 1973 Qum
2005 1886 2090 1954 dum
2116 1885 2281 2004 Rublim

310 2037 406 2102 Poma
422 2056 544 2120 quoque
559 1973 701 2095 eventuin
715 2032 858 2111 temporis
872 2029 965 2089 huius
980 1971 1104 2093 hibent,
1284 1985 1432 2057 utitnan
1446 2008 1619 2103 rqservrre
1643 2009 1771 2067 conor,
1799 2002 1834 2058 et
1851 2012 1908 2079 pre
1921 1989 2087 2080 quadem,
2112 1988 2202 2059 lecet
2221 2012 2282 2081 ps-

680 2123 762 2196 Dixi
1284 2113 1366 2159 rum
1394 2089 1588 2171 foeliciter,
1620 2113 1677 2158 me
1705 2113 1834 2181 quaeso
1862 2090 2017 2181 benigne
2039 2102 2074 2160 et
2106 2090 2282 2183 patienter

659 2228 665 2239 σ
766 2178 776 2200 ”
1286 2191 1418 2262 audite.
1481 2188 1524 2260 ln
1551 2189 1751 2281 disciplinis
1784 2216 1875 2284 quae
1909 2193 2167 2265 excellentibus
2197 2194 2281 2265 ‘illu-

1285 2293 1413 2363 strium
1430 2287 1618 2363 hominurn
1637 2293 1790 2383 ingeniis
1809 2294 1974 2365 inventae
1992 2311 2095 2377 sunt,
2117 2309 2154 2367 et
2169 2295 2279 2368 incre·

1286 2395 1391 2465 dibili
1408 2396 1568 2483 gravium
1581 2395 1740 2464 virorum
1756 2421 1852 2482 cura,
1870 2411 1904 2467 et
1917 2398 2094 2468 industria
2109 2399 2278 2490 perfectae

1286 2511 1319 2567 et
1335 2498 1531 2588 expolitae,
1557 2521 1596 2566 ea
1614 2497 1779 2590 princeps
1795 2524 1834 2569 ac
1851 2499 1973 2588 regina
1996 2499 2196 2571 existimari
2208 2500 2275 2571 sine

474 2678 601 2766 aaa
629 2675 746 2759 aava
774 2671 994 2783 aeaeae.
1285 2598 2276 2792 tttlttltlssltalittltltllttlfflt

304 2843 386 2919 Aput
401 2838 558 2911 crsantyt.
574 2836 664 2909 pate
676 2853 754 2906 sqq..
773 2833 802 2887 ia
816 2832 969 2887 Declamas.
988 2828 1054 2887 ιιι.
1073 2848 1099 2902 p.
1107 2828 1187 2899 291„
1203 2828 1232 2883 in
1286 2827 1374 2898 quas
1396 2828 1519 2874 omnes
1542 2805 1671 2889 vincit,
1696 2819 1771 2876 tum
1793 2808 1901 2877 rebus
1916 2804 2086 2879 humanis
2101 2809 2143 2880 in
2159 2808 2275 2901 primis

335 2914 381 2969 et.
398 2912 518 2969 savos
536 2909 559 2965 1.
577 2904 776 2981 p.251.,apua
794 2901 925 2959 titubare.
942 2902 976 2959 Τ·
994 2902 1031 2958 ¹¹·
1049 2901 1128 2970 1³9⁶·
1286 2907 1480 2977 necessaria
1493 2919 1562 2988 est,
1582 2932 1692 3000 quam
1708 2932 1782 2978 esse
1798 2907 2031 2997 Medicinam,
2056 2923 2099 2982 ut
2112 2936 2215 2998 rere,-
2234 2912 2276 2983 ita

453 3060 608 3137 νήνή
745 3054 948 3179 ,ήσνήν
977 3052 1232 3154 ννσσσσνσ
1286 3007 2277 3108 ¹¹⁰

663 3158 810 3234 'mm'
1285 3209 1462 3285 humanae
1479 3229 1625 3285 naturae
1638 3215 1875 3303 cognitionem
1890 3218 2153 3309 complectitur,
2176 3242 2275 3316 esque

235 3307 401 3403 vermi,
435 3314 516 3386 Viri
536 3311 766 3405 amplissimls
799 3333 844 3379 ¹¹²
872 3307 936 3402 qui
963 3310 1007 3377 de
1029 3306 1232 3379 Medicinae
1285 3317 1412 3398 tradit,
1445 3317 1576 3409 quihus
1603 3316 1660 3385 vel
1684 3318 1816 3388 bonam
1843 3319 2085 3391 valetudinem
2120 3335 2275 3395 tuumne

235 3423 409 3515 dignitate
432 3419 524 3487 male
544 3415 762 3498 existiment,
788 3422 868 3482 cum
886 3435 962 3481 eam
979 3413 1130 3482 subinde
1152 3412 1232 3483 lau·
1285 3434 1318 3490 et
1332 3432 1583 3503 sustentemus,
1604 3420 1661 3487 vel
1677 3421 1805 3489 malam
1822 3422 2040 3513 corrigamus
2056 3446 2099 3495 ac
2113 3428 2274 3502 unme-

234 3527 342 3598 dibus
364 3521 503 3604 ornari,
528 3532 563 3589 et
583 3514 948 3588 encomiis‘celebrari
965 3538 985 3582 a
1002 3515 1115 3583 nostri
1132 3516 1231 3584 ordi·
1285 3545 1384 3605 mus,
1417 3523 1463 3590 ad
1498 3517 1602 3604 haec,
1636 3523 1720 3613 quid
1756 3527 1934 3594 commodi
1968 3541 2029 3597 aut
2060 3527 2274 3601 incommodi

236 3628 294 3698 nis
320 3623 527 3696 hominibus
550 3620 709 3691 audiant.
770 3613 953 3686 Omnibus
983 3617 1144 3685 enimin
1170 3640 1237 3686 ore
1285 3647 1445 3717 quaeque
1473 3646 1529 3691 res
1554 3624 1659 3691 nobis
1682 3625 1855 3696 adierant.
1919 3625 2018 3715 Quid
2040 3646 2164 3702 autem
2187 3634 2272 3704 hm

236 3742 307 3814 est,
327 3727 434 3796 rebus
446 3747 510 3816 per
524 3746 560 3792 se
575 3744 703 3813 parum
718 3714 878 3789 honestis
895 3742 934 3786 ac
949 3712 1119 3807 pulchris,
1145 3718 1232 3786 alie-
1284 3726 1376 3808 viro,
1402 3738 1438 3793 et
1453 3724 1655 3793 excellentis
1672 3726 1806 3814 ingenii
1822 3723 1963 3798 homini
1978 3725 2179 3822 honestius,
2194 3734 2273 3831 quid

156 3862 160 3879 ·
234 3856 284 3903 no
309 3840 460 3912 ornatu,
493 3839 528 3895 et
552 3822 726 3895 orationis
748 3822 839 3890 fuco·
857 3843 948 3911 opus
973 3843 1064 3905 esse,
1101 3821 1232 3912 quibus
1284 3827 1431 3916 melius,
1454 3826 1541 3918 quid
1556 3826 1714 3917 dignius,
1741 3855 1847 3922 quam
1864 3834 1998 3903 versari
2018 3835 2058 3904 in
2081 3860 2272 3908 emma,

235 3932 549 4012 commendentur,
576 3927 720 4020 quando
741 3918 834 3992 nihil
859 3923 897 3991 in
920 3946 958 3991 se
979 3916 1133 4003 habent,
1159 3946 1230 4014 quo
1284 3953 1365 3999 rum
1385 3929 1618 4021 inquisitione
1639 3944 1673 4000 et
1692 3930 1937 4021 indagatione,
1964 3961 2117 4028 quarum
2135 3940 2271 4011 scien&

235 4037 305 4108 sibi
318 4033 468 4125 gratiam
485 4043 546 4099 aut
562 4031 667 4099 decus
683 4039 818 4117 parent.
863 4023 963 4095 Sicut
978 4025 1155 4094 foeminae
1172 4027 1230 4093 in·
1285 4045 1321 4103 et
1339 4031 1557 4122 splendoris,
1584 4047 1618 4103 et
1638 4035 1919 4122 magnificentiae
1938 4039 2137 4131 plurimum
2153 4036 2272 4115 hahet?

235 4135 407 4210 honestae
437 4159 477 4204 ac
499 4133 696 4215 deformes,
732 4129 815 4222 quia
845 4129 941 4219 ipsae
964 4120 1232 4218 pulchritudine
1283 4157 1486 4204 usumvero
1504 4136 1713 4205 &fructum
1732 4137 1957 4225 immensum,
1978 4143 2272 4241 mmmmm„

236 4254 369 4319 carent,
396 4262 415 4307 a
431 4259 570 4306 cerussa
585 4235 720 4305 formae
734 4231 977 4301 adiumentum
993 4241 1132 4321 petunt,
1158 4254 1231 4322 quo
1284 4250 1401 4307 turam
1416 4261 1535 4306 rerum
1553 4238 1714 4307 omnium
1731 4255 1911 4330 parentem
1929 4245 2100 4335 attingit?
2135 4246 2271 4344 lamque

236 4367 272 4414 se
299 4343 379 4413 aliis
405 4339 598 4410 venditent.
650 4334 718 4404 His
741 4331 790 4428 (si
807 4332 869 4425 qui
886 4330 987 4421 sunt)
1009 4333 1124 4401 nostri
1144 4357 1231 4402 con·
1284 4340 1445 4409 animum
1467 4340 1629 4409 attollere
1652 4335 1782 4425 humo,
1816 4357 1852 4414 eg
1877 4345 2045 4416 sublimia
2069 4362 2212 4440 pam,
2239 4362 2272 4421 u,

235 4447 307 4516 silii
325 4443 501 4514 rationem
516 4441 732 4526 reddendam
751 4435 856 4518 duxi,
889 4457 935 4502 ne
952 4457 990 4502 re
1006 4435 1109 4504 aliter
1125 4449 1231 4528 atque
1283 4442 1374 4512 aeris
1395 4456 1559 4512 naturam
1584 4456 1619 4512 et
1633 4445 1721 4512 coeli
1747 4444 1821 4513 virn
1844 4446 2012 4538 inspicias
2038 4463 2073 4520 et
2098 4452 2273 4543 vigilanti·

235 4563 287 4620 est
314 4546 510 4629 intellecta,
544 4556 578 4612 et
603 4540 690 4609 falsa
723 4537 953 4629 persuasione
988 4539 1151 4622 adducti,
1185 4540 1229 4606 de
1282 4547 1351 4616 bus
1370 4546 1482 4615 oculis
1505 4545 1544 4613 in
1567 4545 1610 4613 iis
1634 4548 1814 4632 observes,
1846 4574 1938 4642 quae
1962 4575 2046 4622 cura
2066 4568 2102 4626 et
2125 4556 2273 4626 admira-

234 4649 424 4741 disciplina
449 4644 628 4739 praeclara
655 4641 779 4733 inique
808 4639 986 4723 iudicent,
1019 4653 1080 4710 aut
1100 4641 1145 4709 de
1163 4635 1230 4710 ho·
1283 4649 1381 4720 tione
1398 4649 1506 4737 digna
1519 4661 1612 4727 sunt,
1633 4673 1792 4742 quaeque
1806 4653 1985 4723 'commodi
1999 4669 2060 4726 aug
2077 4655 2279 4728 detrimenti

234 4751 345 4822 nestis
359 4750 460 4819 factis
472 4743 659 4817 inhoneste
673 4743 921 4833 pronuncient.
948 4740 1021 4812 Nos
1036 4766 1112 4812 non
1128 4767 1229 4835 prae·
1282 4751 1416 4844 aliquid
1434 4745 1623 4820 hominum
1643 4765 1789 4821 naturae
1804 4757 2032 4845 portendant,
2056 4773 2098 4829 ut
2113 4761 2278 4851 poffijggg
2319 4786 2324 4801 .

235 4855 396 4924 dicamus
409 4852 531 4918 laudes
549 4845 770 4928 Medicinae,
798 4860 837 4914 ut
854 4845 886 4914 ei
901 4845 1050 4935 gratiam
1065 4860 1099 4916 et
1115 4870 1228 4916 venu·
1283 4853 1550 4924 commoditates
1577 4875 1620 4921 ex
1651 4855 1818 4924 omnibus
1847 4857 2052 4948 decerpere,
2088 4875 2123 4931 et
2147 4864 2280 4933 damna

235 4966 360 5026 statem
378 4951 626 5032 conciliemus,
653 4949 796 5041 quando
813 4962 909 5019 tanta
926 4948 1003 5017 eius
1024 4949 1142 5020 nativa
1158 4950 1229 5018 ele·
1283 4978 1415 5025 cavere.
1469 4951 1544 5022 lam
1567 4978 1652 5023 vero
1682 4955 1832 5027 infinitis
1863 4955 2057 5031 herbarum
2089 4966 2288 5053 generibus

204 5047 207 5051 .
235 5055 354 5149 gantia
372 5066 406 5122 et
422 5053 584 5123 innatum
603 5064 655 5120 est
669 5052 792 5136 decus,
818 5063 858 5120 ut
873 5051 1014 5121 nullum
1030 5074 1105 5121 non
1122 5054 1229 5122 modo
1283 5055 1567 5147 contemplandis
1588 5070 1622 5126 te
1644 5058 1792 5141 dedere,
1823 5060 1947 5154 ibique
1973 5065 2036 5135 diu
2058 5068 2216 5156 morari,
2246 5074 2292 5137 et

234 5156 454 5230 lenocinium
469 5155 637 5248 requirat,
663 5155 844 5223 sedetiam
858 5176 924 5222 nec
938 5152 1012 5223 ulla
1028 5167 1103 5224 arte
1118 5157 1229 5243 magis
1282 5157 1433 5252 propius
1457 5182 1666 5248 cognoscere
1689 5162 1916 5233 admirabiles
1936 5165 2017 5235 illas
2042 5180 2078 5238 et
2095 5170 2205 5260 plane
2225 5169 2294 5241 dia

236 5259 403 5332 exornari
423 5258 553 5350 possit,
587 5281 693 5350 quam
721 5256 844 5327 nativo
873 5251 1113 5348 pulcherrimo
1137 5256 1230 5343 fuco,
1282 5262 1519 5353 vinasearum
1536 5261 1684 5331 virtutes
1699 5277 1802 5356 atque
1818 5290 1919 5357 opes,
1944 5293 2036 5361 quae
2055 5284 2130 5341 tam
2150 5274 2291 5344 variae,

236 5365 297 5435 sed
323 5387 395 5457 quo
427 5360 710 5430 adolescentibus
742 5354 859 5429 adhuc
890 5382 1010 5428 rerum
1043 5359 1230 5451 imperitis,
1282 5377 1353 5433 tarn
1375 5377 1593 5454 praestantes
1619 5379 1761 5458 tamque
1783 5367 2012 5440 incredibiles
2033 5388 2133 5460 sunt,
2159 5390 2203 5448 ug
2222 5372 2289 5444 uf.

236 5466 312 5539 eius
340 5465 567 5559 splendorem
592 5486 632 5533 ac
659 5463 877 5535 maiestatem
905 5464 1149 5548 ostendamus,
1183 5486 1230 5533 ne
1252 5438 1256 5523 i
1282 5461 1507 5557 hilprotecto
1528 5466 1566 5535 in
1591 5466 1667 5558 ipsa
1682 5482 1809 5540 natura
1825 5471 1890 5557 sit,
1913 5487 1975 5544 aut
1996 5475 2158 5566 dignius,
2185 5467 2285 5574 quod
2321 5518 2324 5553 ,

261 1728 297 1796 Si
310 1734 388 1791 bene
402 1727 557 1788 floruerint
575 1721 692 1804 (inquit
706 1715 818 1798 Ovid.)
835 1730 959 1799 segetes,
980 1722 1036 1781 erit
1052 1739 1118 1778 eree
1135 1717 1231 1800 dives,

309 1828 346 1897 Si
359 1833 435 1892 bene
452 1829 588 1889 floruerit
601 1828 707 1901 vinee,
733 1819 872 1884 Bacchus
888 1824 953 1883 erit.

246 2474 315 2549 No,
332 2472 393 2549 23.
875 2468 940 2550 (en.
958 2467 1052 2532 1529.
1068 2461 1233 2545 ve130.?)

241 2569 414 2602 w
693 2603 695 2606 v
879 2556 1234 2593 m
