4664 6022
255 504 683 581 humen
700 468 956 565 uprmuitin
971 489 1037 537 suo
1055 488 1130 535 ser·

159 642 284 689 -ι,
304 628 380 675 ιι
394 598 596 669 εἴη·
610 584 646 653 d
661 575 941 655 imbfinuem,
964 593 1039 639 non
1061 569 1131 637 fin·

293 736 329 778 n
344 730 384 773 es
396 686 685 769 minutas
699 680 908 749 voluntates.

255 828 306 885 ,ts
318 806 447 877 usit!
464 800 525 869 itte
540 796 799 865 mercatus,
823 775 924 847 reddi
937 773 1003 843 sibi
1022 772 1130 843 vitam

154 916 308 997 flaui
335 914 374 979 in
395 908 507 975 atim
532 894 617 975 Dei,
648 904 683 957 et
704 881 872 971 cogitanti
893 879 969 947 eius
991 901 1130 944 vocem:

153 1026 283 1095 t'a'se
293 1020 340 1085 ad
358 1034 415 1081 me
427 1025 561 1079 omnes,
582 995 643 1089 qui
656 985 824 1059 laboratis
835 997 871 1052 et
884 979 1022 1050 onerati
1038 979 1132 1063 estis,

151 1154 185 1201 es
201 1150 268 1197 een
283 1088 436 1190 eddam
451 1129 522 1175 sos
571 1098 684 1183 sape
696 1092 801 1159 etiam
825 1087 864 1154 in
881 1079 946 1152 hac
962 1084 1055 1152 lucta
1072 1104 1131 1170 ge.

149 1200 250 1302 nens
264 1216 445 1293 ‹ta-abit:
470 1194 756 1278 (nonomine,
777 1191 837 1259 sed
853 1211 955 1278 opem
971 1188 1024 1254 fer
1038 1184 1132 1253 disfi-

153 1336 292 1405 c'affle
308 1342 417 1391 mese.
470 1308 546 1379 line
559 1324 598 1373 sc
618 1296 761 1369 natine.
789 1287 854 1359 hac
876 1287 1132 1368 consolatione,

149 1430 327 1525 Pupiam
341 1428 522 1493 srstmtst.
539 1402 738 1475 claruimus:
763 1390 915 1484 Expecta
927 1389 1134 1475 Dominum,

150 1552 306 1631 aprunos
318 1526 434 1597 saian
450 1538 542 1583 asos,
566 1522 598 1575 rt
617 1510 709 1571 unta
726 1498 875 1567 terbum
891 1494 966 1564 eius
981 1502 1102 1584 spero.'

249 1634 410 1707 &mus
421 1626 541 1707 fertur.
562 1630 635 1677 netu
651 1602 903 1670 infructuosam
920 1619 994 1667 esse
1010 1595 1133 1666 lectio·

147 1766 231 1815 ,ω
252 1724 425 1807 magt,
444 1712 577 1789 disiaci,
606 1706 667 1777 sed
683 1702 860 1794 Spiritum
883 1714 1044 1771 sanctum
1068 1694 1134 1768 hac

148 1868 224 1929 W
243 1858 328 1907 w.
351 1822 541 1899 mosim
565 1822 723 1897 pectora,
749 1805 840 1874 sicut
859 1817 892 1872 et
909 1802 998 1871 alibi
1015 1802 1135 1895 inquit

147 1946 298 2021 ΜΝ,
322 1950 360 2005 ῃ
377 1912 727 2013 &mandationem
753 1907 1009 1997 scripturarum
1035 1930 1133 1997 spem

145 2048 352 2121 We«

248 2142 304 2213 tu
321 2134 445 2205 burne
460 2138 493 2195 rt
507 2118 663 2215 syllabae
679 2115 820 2185 dolores
842 2111 997 2192 leniant,
1022 2124 1058 2183 et
1079 2111 1132 2179 vi-

144 2268 216 2315 m,
231 2242 400 2315 melotus,
429 2220 591 2317 inquies?
631 2216 707 2287 lmo
726 2240 809 2285 vero
827 2214 921 2285 Deus
936 2230 971 2286 te
986 2217 1031 2283 ad
1048 2208 1135 2284 haec

145 2348 272 2433 μὴ».
288 2328 455 2415 get-abit.
480 2324 517 2395 iu
535 2318 591 2393 liis
605 2319 824 2391 voluntatem
839 2342 938 2387 snam
956 2319 1033 2388 vult
1049 2342 1135 2388 cou-

144 2440 250 2539 ψεῖ,
286 2456 321 2519 ot
344 2432 471 2511 Nouus
495 2424 707 2517 cogitatione
729 2435 865 2492 mentes
880 2434 1001 2491 movet
1023 2435 1057 2492 et
1077 2445 1135 2491 ac-

145 2554 328 2721 wa*hilm
344 2636 455 2705 srrulto
480 2628 622 2699 brevius
647 2629 691 2696 de
716 2625 870 2696 utilitate
893 2627 1075 2710 lectionis,
1101 2640 1135 2698 et

143 2762 189 2835 p„
212 2746 368 2831 *stibus
383 2734 539 2823 Spiritus
558 2731 689 2815 sancti,
716 2754 824 2822 quam
850 2731 1058 2818 magnitudo
1083 2730 1136 2799 rei

143 2850 293 2951 peroptat
358 2838 428 2915 teu
444 2832 529 2907 haee
552 2835 628 2926 ipsa
649 2831 785 2950 utilitas
805 2832 977 2917 ostendit,
1003 2833 1136 2951 dul-cis-

144 2976 230 3029 ,ιω
245 2956 380 3025 ,toturn
399 2962 488 3021 csse,
514 2931 652 3007 habitet
669 2934 853 3003 vobiscum
871 2958 986 3004 sermo
1005 2931 1084 3009 Der.

243 3048 359 3129 Sirrrul
396 3040 492 3113 onim
526 3040 567 3111 lit
601 3060 702 3107 mens
733 3037 954 3108 domicilium
981 3036 1137 3128 Spiritus

145 3154 275 3249 potu,
301 3150 338 3221 lu
361 3170 431 3241 «pua
448 3167 564 3215 sermo
586 3140 731 3210 divinus
745 3134 892 3214 habitat.
944 3138 1048 3211 Hanc
1064 3165 1137 3211 esse

143 3280 286 3361 ponent
313 3246 472 3323 ‹tot-suot
498 3260 532 3316 et
558 3243 699 3335 legendi
725 3266 888 3328 cansam,
930 3268 1053 3315 omnes
1080 3244 1138 3313 in-

146 3366 320 3445 pellegrini.

251 3453 403 3531 :telelitae
419 3464 502 3521 sunt
519 3460 635 3518 autem
653 3445 937 3539 exaggerationes
960 3463 994 3520 et
1015 3450 1138 3517 admo-

147 3582 316 3645 ,pppuosz
357 3552 519 3637 llabitet,
558 3551 696 3643 inquit,
729 3551 911 3622 internos
934 3552 1077 3622 abunde
1099 3552 1139 3620 in

146 3666 246 3747 ,trctut
287 3655 471 3753 seprientia.
549 3651 638 3723 Vult
677 3676 780 3745 saepe
812 3653 1037 3748 multumque
1069 3654 1138 3745 legi

145 3768 276 3863 ,egipto
301 3751 508 3857 prophetica
539 3767 574 3825 et
605 3757 819 3848 apostolica,
858 3771 893 3829 et
915 3757 993 3830 vult
1015 3782 1053 3827 ea
1080 3782 1138 3828 sa·

145 3874 284 3973 ptlputot·
300 3857 531 3935 considerari.

250 3966 331 4041 Non
350 3964 474 4052 legunt
495 3960 673 4053 sapienter
694 3952 884 4051 baeretici,
912 3963 976 4056 qni
998 3987 1071 4034 non
1097 3988 1138 4033 ex

147 4072 232 4173 lpsls
260 4066 419 4141 lontibus
444 4058 617 4134 hauriunt
645 4062 857 4149 sententias,
888 4068 950 4135 sed
974 4068 1140 4138 adferunt

147 4198 232 4253 tuas
255 4170 429 4267 quaedam
450 4167 606 4237 somnia:
645 4166 774 4238 deinde
794 4183 985 4260 excerpunt
1012 4171 1139 4242 mutila

147 4276 262 4359 dioto,
303 4295 395 4367 quae
424 4271 679 4343 transformant
707 4269 746 4338 in
777 4270 912 4341 alienas
935 4274 1137 4346 sententias.

146 4378 280 4457 'totum
307 4395 436 4467 corpus
461 4372 645 4443 doctrinae
672 4372 886 4446 intuendum
914 4388 985 4462 est,
1022 4389 1057 4447 et
1082 4377 1137 4445 vi·

145 4480 261 4561 slstttla
281 4477 524 4550 membrorum
547 4476 788 4559 concinnitas,
817 4490 852 4548 et
876 4491 918 4549 ut
938 4478 987 4550 ita
1011 4479 1139 4567 dicam,

146 4580 346 4663 ltsrmonta.
936 4598 942 4605 ·

249 4682 360 4755 Ludit
386 4680 639 4754 samosatenus
671 4683 847 4755 indicto:
887 4682 930 4754 ln
959 4686 1137 4778 principio

149 4799 223 4863 stet
247 4781 365 4886 λόγος.
422 4782 498 4856 Cur
520 4785 637 4879 inquit
660 4781 793 4886 λόγον,
827 4787 996 4879 intelligis
1015 4813 1136 4881 perso-

150 4912 232 4967 nam
247 4912 327 4959 cnm
347 4883 466 4986 λέγειν
479 4887 524 4959 sit
539 4888 656 4959 actio?
692 4889 742 4962 At
755 4914 906 4986 sequens
923 4906 996 4965 tota
1012 4915 1137 4962 narra-

148 4992 198 5069 tio
213 4992 368 5063 ostendit
383 4983 497 5090 tdyost
511 5015 699 5084 personam
715 5016 801 5064 esse.
851 4991 1068 5066 Adhibenda
1084 5008 1138 5068 est

145 5096 254 5187 igitur
268 5094 440 5186 sapientia
458 5094 497 5164 in
512 5096 735 5166 conferendis
749 5096 919 5187 partibus.
945 5097 1017 5168 Nec
1029 5100 1136 5171 stulte

144 5198 281 5275 dictum
311 5208 364 5268 est
386 5191 611 5288 Epiphanio:
652 5191 776 5272 πάντα
800 5195 849 5271 τὰ
872 5199 962 5272 θεῖα
987 5194 1135 5296 ῥήματα

144 5294 215 5377 otis
235 5294 459 5425 ἀλληγορίας
475 5295 611 5387 δεῖται,
638 5297 713 5373 ἀλλ’
732 5296 784 5384 ὥς
796 5299 867 5397 ἔχει
876 5355 888 5389 ,
913 5300 1078 5402 θεωρίας
1092 5298 1135 5378 dd

141 5396 262 5485 dairas
273 5426 339 5477 aas
353 5395 575 5498 αἰσθήσεως,
600 5405 650 5487 εἰς
663 5401 707 5478 τὸ
722 5401 859 5481 εἰδέναι
873 5399 1028 5503 ἑκάστης
1040 5404 1134 5485 ὑπο-

186 5500 284 5589 bssor
304 5500 376 5581 sis‘
391 5498 578 5601 strupo.-
604 5504 760 5583 Divinos
773 5534 890 5584 sermo
906 5536 980 5584 non
996 5513 1133 5609 indiget

449 310 613 393 nu.
638 300 717 377 nn
744 292 938 377 ormo:
968 282 1173 367 sunno
1206 283 1456 359 cnntsrr
1490 281 1759 362 narrans
1791 294 1888 368 eres

2109 293 2182 371 900

1183 457 1369 548 allegorica
1387 457 1689 551 interpretatione,
1709 464 1826 534 sedin
1844 467 1990 560 propria
2006 470 2181 543 sententia

1183 562 1415 652 intelligatur.
1469 561 1607 654 indiget
1624 580 1743 637 autem
1759 569 2002 658 speculatione
2016 584 2054 642 et
2068 595 2182 662 sensu,

1183 680 1223 737 ut
1238 665 1407 735 materiae
1421 666 1684 754 discernantur,
1710 683 1746 740 et
1760 685 1856 741 recte
1870 672 2136 766 accipientum

1284 765 1456 839 Nominat
1482 765 1685 857 Theorian‚
1726 773 1823 842 viam
1854 775 2026 848 docendi:
2072 801 2180 870 genus

1184 871 1357 940 sermonis
1375 872 1528 961 intelligi
1546 888 1697 963 oportet.
1732 879 1876 948 accedat
1897 891 1931 948 et
1947 880 2090 968 sobria,
2110 907 2180 955 non

1183 974 1325 1062 garrula
1348 986 1382 1043 et
1405 975 1601 1046 cavillatrix
1626 974 1839 1067 Dialectica,
1878 995 2072 1055 teneantur
2093 986 2179 1056 divi·

1185 1077 1302 1145 siones
1324 1099 1505 1167 generum.
1558 1074 1670 1149 Aliud
1693 1081 1748 1150 lex
1772 1097 1841 1169 est,
1866 1084 1967 1157 aliud
1993 1088 2178 1180 promissio

1185 1179 1336 1269 gratuita
1365 1180 1682 1252 reconciliationis:
1727 1184 1825 1254 aliud
1858 1201 1911 1257 est
1942 1189 2177 1264 ministerium

1185 1279 1392 1372 Evangelii,
1435 1283 1503 1352 alia
1533 1308 1589 1353 res
1618 1284 1761 1375 politica
1786 1290 2013 1378 gubernatio.
2075 1288 2176 1368 Aliud

1186 1386 1295 1471 actio,
1330 1411 1421 1479 quae
1445 1387 1653 1457 nominatur
1680 1389 1972 1477 Sacramentum,
2005 1396 2108 1468 aliud
2131 1424 2177 1471 res

1187 1502 1282 1558 extra
1299 1490 1486 1564 actionem.
1538 1486 1704 1585 Denique
1724 1494 1803 1562 sani
1831 1490 1990 1568 hominis
2013 1514 2088 1585 est,
2113 1527 2175 1572 non

1187 1592 1356 1661 inunum
1376 1587 1482 1662 cbaos
1500 1594 1719 1666 confundere
1744 1599 1948 1669 universam
1973 1604 2171 1693 doctrinam,

1187 1697 1268 1781 sed,
1294 1695 1384 1766 utfit
1403 1695 1442 1764 in
1459 1696 1640 1781 docendo,
1666 1723 1878 1787 nnmerum,
1904 1704 2169 1795 distinctionem,

1187 1799 1350 1869 ordinem
1366 1798 1539 1868 indicium
1556 1796 1736 1871 adhibere.

1272 1898 1393 1977 ¹Hanc
1419 1902 1640 1992 diligentiam
1664 1906 1827 1977 nominat
1841 1903 2071 2000 Epiphanius
2087 1910 2173 1985 θεω-

1188 1998 1286 2100 ρίαν.
1344 2000 1485 2073 Deinde
1513 2020 1546 2075 et
1568 2029 1710 2077 sensum
1735 2011 1813 2081 vult
1835 2005 2022 2097 adhiberi,
2056 2015 2171 2102 idest,

1188 2107 1402 2176 mediocrem
1423 2108 1686 2198 experientiam.

1290 2205 1409 2279 Homo
1434 2212 1573 2280 ociosus
1600 2225 1634 2282 et
1656 2237 1840 2306 nunquam
1858 2230 2022 2306 expertus
2041 2244 2169 2313 magnos

1187 2311 1350 2392 dolores,
1376 2338 1450 2383 non
1466 2313 1636 2405 intelligit
1648 2317 1810 2386 exercitia
1820 2315 1924 2389 Fidei
1940 2321 2081 2414 etSpei.
2112 2325 2166 2397 lta-

1188 2439 1258 2510 que
1276 2417 1447 2486 vocabula
1463 2418 1568 2487 etiam
1588 2435 1835 2510 rornrmpunt.
1888 2421 2084 2498 Monacbis
2098 2428 2165 2499 fides

1188 2531 1328 2589 tantum
1343 2521 1510 2590 noticiam
1528 2521 1712 2611 significat,
1755 2521 1941 2596 Peccatum
1961 2528 2036 2598 illis
2050 2544 2163 2603 tantun

1189 2623 1363 2711 significat
1379 2625 1510 2708 scelus,
1536 2627 1633 2717 quod
1654 2625 1849 2698 voluntatis
1864 2629 2041 2702 electione
2055 2634 2160 2705 laetum

1190 2740 1251 2795 est.
1303 2721 1468 2818 Denique
1482 2726 1521 2794 in
1540 2729 1661 2800 multis
1676 2730 1830 2819 negotiis
1851 2732 1922 2803 alia
1945 2749 2034 2806 sunt
2056 2736 2156 2809 iudicia

1190 2827 1357 2912 rudium,
1382 2830 1450 2899 alia
1467 2831 1684 2918 peritorum,
1710 2856 1800 2925 quos
1816 2858 1899 2904 usus
1917 2840 2068 2911 erudiit.

1291 2927 1357 3002 Est
1374 2926 1460 3003 haec
1477 2957 1619 3027 qnoque
1640 2936 1813 3026 sapientia
1834 2937 1872 3007 in
1894 2939 2049 3028 legendo
2063 2963 2149 3010 ncces-

1190 3034 1299 3118 saria,
1326 3035 1465 3126 saepius
1481 3051 1638 3129 repetere
1651 3038 1816 3109 materias
1837 3065 1928 3135 quae
1950 3058 2111 3136 prosunt,
2124 3058 2156 3114 nt

1190 3135 1323 3207 Paulus
1344 3138 1530 3224 nominat,
1561 3142 1605 3209 ad
1629 3141 1924 3219 aedificationem:
1957 3149 2080 3242 quales
2097 3160 2161 3218 sunt

1191 3241 1381 3310 conciones
1396 3243 1439 3312 de
1464 3243 1702 3333 poenitentia,
1728 3247 1772 3315 de
1796 3246 1883 3334 lide,
1908 3250 2061 3322 devera
2080 3251 2164 3321 invo-

1191 3344 1348 3428 catione,
1374 3346 1418 3414 de
1437 3347 1531 3414 veris
1547 3347 1722 3433 cultibus,
1745 3362 1781 3419 et
1796 3353 2044 3425 enarrationes
2055 3354 2166 3428 artitu-

1191 3448 1309 3516 lorum
1331 3447 1431 3517 fidei:
1459 3461 1495 3519 et
1516 3450 1719 3544 relinquere
1737 3455 1912 3543 argutias,
1934 3480 2088 3551 quarum
2108 3482 2169 3528 non

1191 3564 1244 3621 est
1260 3573 1363 3637 usus,
1389 3564 1430 3621 nt
1452 3550 1539 3621 olim
1565 3568 1667 3624 erant
1689 3554 1786 3625 rixae
1804 3556 1850 3627 de
1866 3555 2115 3653 Genealogiis,
2136 3564 2170 3633 dc

1191 3655 1250 3725 die
1265 3654 1522 3735 crucifixionis,
1549 3657 1594 3725 de
1608 3658 1832 3734 fermentato.

1290 3753 1433 3829 Etcum
1449 3756 1674 3848 ingeniorum
1699 3784 1826 3852 magna
1850 3762 1896 3834 sit
1916 3762 2173 3845 dissimilitudo,

1192 3860 1298 3932 multi
1314 3861 1371 3930 vel
1387 3862 1505 3932 studio
1520 3861 1751 3950 subtilitatis,
1777 3865 1833 3935 vel
1847 3890 1970 3938 amore
1988 3870 2173 3942 cavillatio·

1191 3989 1299 4051 num,
1325 3958 1507 4034 vehuntur
1529 3979 1626 4036 extra
1649 3978 1777 4053 metas,
1810 3982 1844 4039 et
1867 3983 1909 4041 ut
1930 3984 2069 4044 veteres
2091 3974 2175 4045 diee-

1192 4068 1290 4154 bant,
1314 4059 1407 4163 ὑπὲρ
1421 4061 1470 4138 τὰ
1484 4063 1711 4161 ἐσκεμμένα,
1738 4070 1842 4140 multi
1857 4072 2022 4146 fascinati
2037 4099 2175 4148 eonsue-

1191 4171 1338 4261 tudine,
1363 4171 1421 4240 vel
1441 4171 1525 4240 odio
1550 4185 1585 4241 et
1609 4170 1690 4242 aliis
1705 4173 1908 4261 affectibus,
1932 4178 2175 4252 mordicusrc-

1191 4274 1307 4346 tinent
1321 4273 1428 4344 etiam
1444 4285 1537 4345 terra
1553 4272 1797 4351 deliramenta.

1293 4375 1502 4448 Prenandae
1517 4391 1600 4448 sunt
1624 4378 1735 4468 igitur
1756 4390 1912 4464 mentes,
1934 4392 1971 4452 et
1992 4373 2176 4451 cohercen-

1191 4483 1257 4551 dae
1273 4480 1311 4551 in
1326 4480 1538 4574 obsequium
1553 4476 1717 4567 Christo,
1742 4495 1783 4553 nt
1800 4478 1933 4552 Paulus
1948 4482 2084 4579 inquit.
2115 4481 2176 4554 Ca-

1191 4587 1348 4656 vendum
1371 4608 1417 4653 ne
1438 4585 1611 4676 adplausu
1632 4584 1893 4668 multitudinis,
1924 4608 1971 4657 ne
1994 4584 2178 4658 dulcedine

1190 4687 1413 4774 subtilitatis,
1437 4711 1483 4757 ne
1505 4681 1706 4784 φιλαυτίᾳ,
1730 4711 1776 4756 ne
1796 4709 1917 4757 amore
1932 4688 2177 4771 contentionis,

1189 4815 1236 4862 ne
1249 4791 1445 4864 factionum
1460 4790 1605 4872 studiis,
1630 4815 1676 4861 ne
1696 4790 1799 4861 fracti
1823 4804 1940 4875 metu,
1965 4791 2177 4863 abducamur

1189 4895 1385 4969 averitate.
1423 4892 1520 4964 Haec
1537 4907 1572 4964 et
1585 4893 1653 4962 alia
1669 4893 1780 4964 multa
1789 4890 1922 4964 Paulus
1933 4907 2077 4976 monet,
2102 4916 2175 4964 curn

1189 4998 1255 5069 ait:
1282 4996 1430 5069 Habitet
1446 4998 1541 5068 inter
1557 5019 1618 5066 vos
1633 5018 1748 5066 sermo
1763 4993 1832 5065 Dei
1854 4995 1893 5066 in
1916 4997 2017 5067 omni
2043 4997 2176 5091 sapien·

1188 5101 1249 5175 tia.
1301 5099 1383 5173 Scio
1408 5112 1526 5174 autem
1551 5100 1665 5170 multo
1690 5098 1792 5191 plura
1818 5099 2006 5190 complecti
2031 5097 2175 5172 Paulum

1187 5204 1227 5274 in
1245 5198 1314 5275 hoc
1332 5205 1448 5290 dicto,
1474 5226 1583 5297 quam
1598 5197 1682 5272 haec
1698 5224 1788 5295 quae
1801 5200 1958 5273 recitavi.
1994 5200 2072 5273 Nec
2084 5202 2176 5298 quis·

1186 5332 1294 5402 quam
1310 5309 1474 5379 evolvere
1490 5319 1599 5378 totam
1613 5303 1715 5375 Pauli
1732 5304 1942 5375 sententiam
1961 5318 2099 5397 potest,
2120 5304 2174 5377 sed

1185 5425 1306 5484 umen
1325 5412 1433 5482 verba
1450 5408 1652 5503 aspicienda
1666 5420 1770 5492 sunt,
1794 5422 1829 5480 et
1844 5406 2083 5482 consideratio
2098 5409 2173 5478 snb·

1182 5515 1269 5587 inde
1282 5516 1366 5611 plus
1380 5510 1632 5617 adieretlucis.
1674 5504 2006 5611 alc-adolescentes,
2028 5508 2171 5585 ntsssd
