4672 6016
137 306 217 387 641
791 304 980 388 'nucu
1019 304 1100 385 llll
1131 302 1510 386 ALPRAGANO.
1915 378 1919 383 .
2114 302 2193 385 642

136 484 263 569 mina,
288 482 441 555 summis
453 484 700 579 prosequenda
714 477 934 570 honoribus,
959 479 997 556 0
1012 482 1151 556 auaris-
1192 482 1248 557 ita
1262 482 1449 555 ambarum
1464 478 1620 575 partium
1636 476 1878 550 excellentiam
1894 480 2099 554 summatim
2108 502 2198 555 oon·-

139 587 256 658 simae
281 587 541 677 discipulorum
565 587 758 675 ductrices,
782 610 873 683 quaa
894 581 990 658 nihil
1004 610 1151 679 prorsus
1198 584 1443 687 clamabimus.
1489 582 1552 654 -Te
1569 583 1680 673 igitur
1702 581 1868 652 divinum
1882 578 2108 675 Astroloqiae
2124 608 2197 657 nu·

141 690 338 761 inmundo
352 689 494 780 aggredi
511 689 723 763 formidatis.
774 686 851 763 Vos
866 708 983 765 terrae
997 692 1150 783 prolun-
1190 710 1281 761 rnen
1298 686 1462 783 appello,
1483 687 1556 759 tuis
1572 686 1680 755 velim
1696 685 1831 776 aspires
1844 687 2061 776 praeconiis,
2084 687 2197 761 bene-

140 792 296 865 ditatcm
328 791 567 879 dimetimini,
602 814 667 864 ros
697 794 879 867 coetorum
910 792 1149 866 conscenditis
1189 792 1277 865 beia
1300 805 1361 865 tua
1386 790 1560 861 immensa
1587 788 1800 859 mortalibus
1825 789 2113 862 demonstratura
2134 814 2196 863 vo·

140 894 296 985 fastigia.
346 894 470 967 Solem
483 894 618 966 oauties
630 896 786 988 sexagies
800 898 911 969 sexies
925 911 1019 970 terra
1034 896 1150 969 maio-
1191 890 1295 978 uio,
1329 893 1390 966 Tu
1410 916 1449 967 es
1469 892 1595 987 procul
1620 891 1731 962 dubio
1754 890 1959 962 fidelissima
1985 891 2197 964 immortalis

139 1020 242 1082 rem,
273 996 416 1068 launum
448 1009 568 1068 autem
591 999 881 1091 quadragesimae
911 1000 1004 1092 parti
1034 1012 1150 1071 terrae
1197 997 1265 1074 Ilei
1275 996 1426 1083 nuncia,
1450 1020 1542 1092 quae
1550 992 1692 1066 secreth
1702 992 1777 1064 suis
1788 993 2066 1086 interpretandis
2081 995 2196 1087 legem

140 1122 237 1195 pene
251 1099 437 1194 aequalem
449 1100 713 1173 demonstratis.
762 1100 889 1175 Sidera
902 1117 1029 1176 cuncta
1044 1100 1150 1173 certis
1196 1102 1364 1194 praebes,
1396 1100 1500 1172 cuius
1521 1098 1634 1190 gratia
1665 1096 1783 1167 coelos
1802 1097 2019 1169 constituere
2039 1098 2198 1169 decrevit

140 1204 215 1275 suh
229 1202 531 1296 proportionibus·
546 1204 593 1273 ad
616 1216 730 1275 terrae
752 1206 949 1295 grossitiem
964 1228 1149 1301 compara-
1196 1204 1444 1299 omnipotens,
1477 1202 1610 1297 quibus
1633 1198 1765 1291 passim
1794 1198 1895 1291 ignes
1925 1199 2082 1273 sidereos
2117 1222 2197 1283 moe

139 1303 201 1379 tis.
258 1301 452 1377 Coelorum
473 1304 723 1398 spissitudincs
736 1307 963 1394 scrutamini,
994 1330 1146 1379 massam
1197 1320 1369 1379 nummu
1386 1308 1591 1379 futurorum
1607 1301 1800 1394 impressit.-

135 1408 237 1481 sumi
258 1408 366 1479 terrei
390 1407 621 1501 iu-suprema
636 1410 911 1502 aderisrcgione
927 1410 1150 1497 inflammati,
1299 1407 1409 1481 Tales
1431 1420 1590 1501 spectare
1613 1405 1719 1476 iussit
1745 1418 1923 1475 astrorum
1939 1400 2088 1493 choros,
2111 1407 2199 1478 dum

141 1535 254 1607 quam
275 1523 406 1582 vocant
424 1507 628 1598 Cometam,
660 1513 808 1608 eiusque
828 1538 849 1585 a
872 1514 1149 1586 terraremotio-
1197 1512 1409 1585 mortalibus
1442 1535 1505 1582 ora
1539 1512 1642 1580 daret
1673 1506 1843 1578 sublimia
1872 1530 1992 1580 rerum
2019 1509 2199 1581 conditor:

138 1636 230 1685 nem
252 1612 372 1685 metiri
395 1612 630 1706 pollicemini.
689 1610 794 1706 Quos
813 1614 947 1689 limites
964 1618 1068 1713 aquei
1086 1641 1149 1687 va·
1197 1617 1351 1707 dignum
1363 1614 1522 1706 prolecto
1546 1612 1754 1696 arbitratus,
1779 1633 1886 1705 quem
1904 1613 2081 1683 universis
2096 1636 2201 1706 prae-

139 1738 252 1811 pores
274 1714 531 1788 transcendere·
545 1740 622 1789 non
642 1718 781 1801 ausint3
814 1720 1028 1793 mortalibus
1052 1719 1150 1791 iudi-
1197 1721 1330 1791 iecerat
1347 1716 1536 1801 creaturis,
1559 1714 1720 1784 medium
1740 1713 1836 1783 inter
1856 1735 1915 1783 ess
1931 1716 2135 1802 considere,
2158 1727 2200 1785 ut

139 1816 263 1891 castis.
315 1816 417 1889 Vane
438 1820 605 1912 opinatos
631 1842 707 1891 esse
727 1822 960 1908 convincitis,
983 1822 1047 1918 qui
1063 1818 1150 1895 Ele-
1198 1823 1288 1917 pede
1300 1822 1454 1917 quidem
1475 1818 1633 1890 calcante
1647 1817 1797 1889 terrenis
1814 1815 1989 1907 imperare
2001 1818 2200 1891 videretur:

135 1919 279 1993 mentis
305 1923 514 1993 continuam
538 1924 742 1996 attribuunt
768 1926 1151 2018 proportionalitatem,
1198 1926 1317 1997 fronte
1331 1936 1451 1997 antem
1467 1934 1634 2012 surgente
1645 1933 1753 2013 atquc
1764 1932 1891 2003 erecta,
1917 1918 2052 1992 divinis
2062 1921 2201 2001 fruere-

130 2046 267 2117 ,nequa
282 2036 324 2094 nt
340 2025 381 2093 in
397 2025 548 2118 decupla
563 2027 1072 2121 proportione-remerendam
1086 2028 1150 2098 ad·
1199 2041 1261 2100 tur
1281 2026 1432 2098 deliciis.
1492 2022 1591 2114 Quid
1611 2022 1710 2093 enim
1737 2020 1950 2110 iucundius,
1976 2023 2062 2120 quid
2079 2046 2201 2095 amos-

140 2124 301 2199 rnittitis.
366 2124 468 2216 Quot
503 2130 668 2199 maximia
705 2129 883 2223 ariperiori
918 2144 1032 2203 aetate
1063 2124 1151 2201 airis
1200 2126 1303 2217 nius,
1327 2128 1416 2224 quid
1439 2126 1596 2221 denique
1615 2125 1762 2197 suavius¹
1780 2125 1919 2195 allicere
1933 2127 2057 2198 oeulos
2072 2137 2199 2219 potest,

140 2242 328 2303 adernam
359 2228 547 2322 peperistis
570 2232 846 2305 claritudinem?
894 2231 1150 2327 Hippocratem
1199 2256 1308 2331 quarn
1329 2232 1392 2303 illa
1414 2243 1469 2303 tot
1491 2243 1534 2301 et·
1551 2241 1732 2301 tantorum
1753 2226 1932 2299 luminum
1950 2228 2201 2302 venustissima

133 2344 398 2407 morerestro
411 2347 575 2425 capsum,
599 2336 645 2405 ad
656 2337 910 2429 quadraturam
921 2336 1047 2407 circuli
1057 2334 1151 2407 'scri-
1188 2350 1307 2431 ¹atque
1328 2330 1750 2419 ordinatissimalsarics?
1783 2353 1826 2399 eo
1851 2329 1984 2425 quippe
1998 2332 2031 2401 si
2049 2328 2201 2423 rapiaris

137 2435 304 2511 -beudam
319 2434 538 2527 impulistis·
576 2436 817 2525 Aetnaeum,
842 2438 1023 2531 egregium·
1038 2440 1090 2509 de·
1104 2436 1150 2508 li·
1200 2436 1342 2519 auimo',
1382 2436 1574 2531 experiaris
1598 2431 1695 2504 nihil
1727 2445 1762 2503 te
1787 2456 1947 2526 unqrrsm
1978 2434 2130 2507 sensisse
2155 2431 2201 2513 in

146 2538 224 2611 nn's
241 2550 279 2608 ct
298 2530 459 2613 numeria
478 2538 933 2634 atsriptorasrraoccpimus.i
968 2540 1151 2632 Quantam
1200 2540 1388 2623 omuiyita
1403 2537 1657 2612 deleotabiliub
1709 2534 1780 2606 Per
1791 2530 1885 2606 hanc
1894 2537 2123 2630 disciplinam
2135 2556 2202 2635 an-

140 2640 299 2735 fl'loriam
332 2653 594 2713 commentator
621 2642 791 2737 adeptum
820 2666 857 2716 se
884 2638 1087 2737 putaverit,
1120 2642 1150 2712 si
1189 2644 1349 2735 qelicam
1363 2666 1440 2717 oon
1452 2642 1575 2712 usibus
1597 2638 1794 2709 immortali
1809 2635 1887 2709 Deo
1905 2640 2103 2735 propinqui
2113 2638 2201 2719 red·

140 2740 417 2819 Astronomiam
441 2745 706 2817 concentricsro
729 2748 954 2835 tradidisset,
988 2748 1151 2820 testimo-
1199 2748 1339 2829 dimur,
1364 2768 1473 2841 quarn
1495 2755 1732 2837 percaetaras
1751 2755 1848 2812 artes
1867 2741 2025 2814 alleluia
2040 2763 2202 2835 scgrega-

142 2846 212 2921 nio
235 2868 300 2916 suo
321 2847 511 2928 ducamur,
539 2848 603 2943 qui
618 2862 735 2921 totam
754 2852 868 2922 lerme
888 2864 1039 2923 aetatem
1054 2851 1150 2919 inea
1199 2871 1300 2937 mur,
1328 2850 1374 2919 ad
1394 2848 1533 2941 reliqua
1556 2846 1760 2919 studiorum
1779 2868 1908 2936 genera
1927 2860 2042 2919 aetate
2071 2843 2199 2917 remis·

136 2974 188 3021 rc
212 2971 446 3030 consumens,
476 2951 687 3042 desperasse¹
711 2955 855 3024 tandem
883 2976 922 3025 se
948 2955 1150 3025 confitetur.
1200 2953 1312 3026 riores
1326 2951 1414 3027 theri
1437 2951 1611 3036 solemus,
1643 2943 1859 3021 huiusvero
1882 2950 2049 3020 scientiae
2062 2946 2203 3023 deside-

141 3050 279 3127 Nonne
304 3050 545 3119 influentisles
568 3051 759 3143 qualitates
772 3057 970 3144 ¹signorum
990 3053 1151 3138 Zodiaci,
1201 3056 1296 3126 rium
1312 3077 1385 3125 una
1399 3077 1481 3126 cum
1495 3053 1600 3123 aunis
1615 3050 1702 3142 ipsis
1716 3052 1971 3124 accumulatur.
1994 3114 1999 3123 .
2021 3048 2136 3125 Cuius
2148 3048 2203 3121 rei

144 3179 191 3229 ac
213 3154 283 3223 alia
307 3148 578 3233 Astronomica,
610 3175 633 3220 o
647 3149 799 3223 Domini
818 3155 973 3241 Medici,
996 3155 1150 3227 Parente
1201 3157 1350 3247 dignum
1377 3156 1536 3248 produco
1560 3166 1687 3225 testem
1709 3150 1882 3223 loannem
1909 3155 1957 3224 de
1976 3147 2203 3236 Blanchinis,

142 3250 502 3342 vestrollippocrate
517 3251 759 3343 suscepimus?
792 3257 895 3350 quasi
911 3281 1017 3327 nemo
1033 3258 1152 3328 bonus
1200 3259 1320 3329 airum
1343 3258 1539 3349 optimum,
1562 3255 1626 3350 qui
1641 3254 1847 3346 nuperrime
1863 3255 1959 3327 inter
1980 3268 2117 3329 caetera
2133 3279 2202 3327 no·

144 3356 317 3431 Medicus
347 3353 495 3423 eradere
523 3354 653 3447 possit,
687 3356 760 3427 nisi
800 3358 900 3450 prius
926 3356 1152 3450 Astrologiae
1201 3375 1273 3433 stra
1298 3359 1494 3455 colloquias
1527 3354 1623 3429 Ante
1647 3358 1786 3441 dacem,
1817 3356 1956 3451 inquit,
1987 3380 2101 3429 annos
2128 3356 2203 3429 vita

147 3456 338 3530 studuerit.
396 3452 521 3547 Longe
548 3481 568 3527 a
593 3454 796 3531 Maioribus
818 3462 944 3532 vestris
965 3484 1029 3531 vos
1045 3463 1152 3552 degs-
1201 3462 1376 3556 spoliatus
1391 3462 1564 3547 iacerem,
1585 3459 1657 3530 nisi
1679 3458 1832 3529 dulcedo
1849 3456 2101 3531 Astronomiae
2116 3458 2204 3530 reti·

144 3582 297 3659 narare,
319 3559 378 3629 sed
394 3560 586 3649 reprimam
609 3584 682 3631 me:
710 3563 844 3649 multos
866 3565 1033 3657 deinceps
1056 3562 1151 3635 luris
1201 3566 1338 3639 nuisset
1358 3565 1533 3637 animam:
1568 3562 1703 3655 mande
1731 3562 1902 3654 temporis
1931 3562 2072 3634 lucrum
2093 3575 2205 3647 ratus,

143 3656 336 3757 utriusque
346 3656 568 3734 Professores
581 3661 799 3759 oNymphae
807 3669 1016 3761 spectabiles
1030 3669 1152 3760 splen·
1201 3670 1299 3765 quod
1316 3682 1494 3741 astrorum
1509 3666 1648 3761 peperit
1660 3664 1926 3758 contemplatio.
1968 3662 2203 3741 noscentem

144 3766 238 3837 dore
257 3776 375 3836 vestro
399 3762 576 3837 effecistis.
637 3764 758 3856 Quam
782 3770 928 3842 crebrae
945 3766 1152 3861 Theologo-
1200 3772 1352 3844 forsitan
1364 3784 1543 3866 expectas,
1568 3792 1644 3841 non
1657 3768 1942 3844 delectationem.
1977 3766 2078 3859 Quid
2093 3788 2204 3865 qusa-

143 3890 230 3939 rum
251 3864 393 3938 fueritis
416 3879 451 3937 et
474 3859 582 3938 hodie
607 3868 685 3942 sitis
708 3868 891 3961 Comites,
923 3868 1019 3945 haud
1048 3874 1152 3944 facile
1201 3898 1242 3946 so
1266 3868 1453 3946 honestius
1476 3870 1702 3945 confitebaris
1724 3864 1944 3943 hoc'divino
1973 3870 2119 3945 studio?
2153 3869 2203 3942 si-

144 3968 286 4043 dixero,
342 3966 521 4063 Numquid
543 3964 750 4043 Bessarioni
778 3974 934 4062 Niccno,
965 3974 1163 4049 Cardinali'
1201 3976 1348 4073 quidem
1368 3991 1517 4073 propter
1537 3974 1916 4068 seipsumappetitur,
1943 3998 2024 4045 carm
2044 3988 2203 4049 caeterae

142 4094 190 4145 aa
212 4064 441 4143 Patriaschae
470 4068 872 4169 Constantinopolitano
901 4079 1151 4150 immortalita-
1202 4078 1518 4176 plerunqneartas
1539 4078 1699 4149 alienum
1731 4076 1801 4147 sibi
1823 4077 2054 4167 praestituunt
2077 4078 2202 4149 linem:

143 4188 221 4249 tem
244 4173 476 4260 abdicabitis,
507 4174 571 4269 qui
587 4181 889 4270 quemadmodum
911 4182 951 4251 in
967 4195 1080 4256 aetate
1094 4206 1151 4253 rc-
1201 4185 1301 4279 quod
1331 4184 1421 4255 olim
1452 4179 1584 4253 Petrus
1611 4178 1759 4274 quidam
1787 4176 2053 4251 Cameracensis
2084 4202 2204 4255 ucto-

133 4273 302 4379 'cautiori
321 4276 389 4347 suh
410 4270 574 4350 Gemisto
595 4296 820 4373 praeceptore
845 4308 910 4357 vos
933 4308 1058 4357 omnes
1083 4284 1150 4354 do·
1201 4300 1342 4359 mactae
1359 4284 1548 4358 Romanae
1561 4278 1743 4354 Ecclesiae
1760 4277 2204 4365 Cardinalis,·adeo.con·

135 4376 304 4453 ‘ctissime
332 4378 495 4469 collegit,
527 4380 576 4452 ita
597 4381 757 4476 reliquos
780 4386 873 4457 vitae
895 4411 978 4458 suae
992 4387 1069 4459 dies
1085 4411 1152 4479 pro
1201 4388 1417 4461 firmandum
1430 4385 1588 4472 censuit,
1611 4397 1653 4457 ut
1671 4384 1711 4454 in
1724 4384 1956 4480 omni-quern
1970 4410 2090 4457 coram
2106 4385 2204 4457 clero

142 4482 264 4555 salute
301 4474 528 4554 Christianae
568 4484 753 4575 religionis
792 4488 930 4579 exigere
973 4488 1154 4561 instituit?
1201 4484 1330 4563 habuit
1350 4512 1533 4576 sermone,
1564 4510 1641 4560 non
1667 4486 1804 4580 pigrius
1827 4481 2070 4569 honestatem,
2095 4510 2204 4583 quarn

140 4580 279 4661 Nonne
291 4582 362 4653 iam
377 4584 517 4678 pridem
527 4584 715 4658 Nicolaum
729 4591 775 4659 de
787 4586 900 4676 Cosa,
925 4593 1038 4663 sancti
1053 4591 1151 4664 Petri
1201 4588 1508 4686 pulchritudinem
1542 4604 1687 4663 nostrae
1718 4589 1886 4663 scientiae
1924 4591 2205 4676 demonstraret,

140 4688 196 4761 ad
217 4685 362 4756 vincula
383 4684 631 4774 Cardiualam,
664 4692 710 4761 ad
739 4694 994 4787 quadraturam
1027 4694 1152 4766 circuli
1201 4696 1352 4769 ramulis
1369 4694 1446 4767 suis
1464 4697 1511 4766 ad
1534 4695 1571 4765 id
1587 4694 1856 4765 lacessentibus.
1905 4688 2120 4765 Recentiors
2139 4694 2218 4775 ds·-

141 4790 391 4889 qnaereudam
424 4789 644 4881 instigastis?
691 4790 878 4883 Quantum
908 4794 1069 4890 Baptista
1107 4799 1152 4869 dc
1201 4822 1302 4870 muru
1317 4798 1527 4891 colligemus
1540 4795 1765 4883 testimonia,
1790 4796 1820 4865 si
1834 4791 1994 4866 Domino
2019 4792 2206 4871 Trocella-

141 4890 332 4978 Albcrtis,
361 4888 496 4963 Paulus
516 4891 767 4983 Florentinus,
802 4896 954 4969 loannes
974 4903 1021 4970 de
1041 4898 1152 4970 Elan-
1201 4923 1270 4987 no,
1306 4898 1465 4972 Domino
1495 4898 1725 4985 Varadiensi,
1759 4897 1918 4969 Domino
1947 4896 2206 4984 Modrusiensi,
2296 4972 2299 4977 ,

142 4988 289 5080 ehinis,
313 4991 448 5089 aliique
461 4997 568 5068 molti
584 4997 654 5068 viri
667 4999 856 5070 clarissimi
870 5003 977 5074 decus
995 5017 1152 5073 vestrum
1202 5002 1359 5076 Domino
1377 5002 1508 5075 lxobo
1523 5003 1569 5072 de
1578 4998 1735 5085 Rubris,
1760 5023 1801 5071 ac
1817 5000 1898 5070 aliis
1918 4999 2041 5072 multis
2059 5000 2205 5075 Praela-

141 5092 259 5173 bodie
271 5110 514 5180 revereantur,
540 5100 657 5190 palam
666 5098 1055 5191 omnibus'recitarem‚
1081 5105 1152 5175 nisi
1202 5106 1248 5179 tis
1270 5105 1490 5197 dignissimis
1512 5104 1600 5175 bdea
1622 5097 1826 5177 habebitur.
1889 5101 2001 5174 Fama
2024 5120 2204 5198 postremo

139 5202 240 5277 ordo
256 5200 493 5271 dicendorum
508 5204 555 5271 ad
579 5202 703 5273 laudea
725 5200 979 5277 astronomiae
994 5207 1153 5299 siugula-
1201 5206 1401 5281 Clarissimi
1417 5204 1569 5283 Domini
1587 5204 1729 5278 Nicolai
1748 5206 1794 5275 dc
1815 5202 2040 5290 Comitihus,
2064 5220 2101 5277 et
2113 5206 2206 5278 alio·

141 5304 238 5377 riter
257 5326 314 5373 me
338 5314 498 5374 vocaret:
532 5304 634 5377 cuius
667 5308 969 5401 quemadmodum
996 5310 1153 5400 generali
1202 5334 1285 5382 rum
1299 5312 1515 5383 secularium
1529 5310 1710 5393 virorum,
1735 5305 1945 5396 dignitatern
1960 5308 2073 5383 studii
2088 5308 2206 5381 nostri

140 5404 324 5479 vocabulo
346 5418 421 5477 tarn
434 5418 600 5479 motuum
620 5410 919 5503 speculationem,
938 5432 1053 5506 quam
1066 5412 1154 5483 clla-
1189 5415 1436 5507 comprobare
1450 5412 1589 5485 ¹solent.
1644 5407 1754 5500 Quod
1782 5410 1816 5480 si
1844 5412 1890 5481 ad
1914 5412 2004 5483 utile
2025 5423 2206 5485 astrorum

140 5522 269 5583 ctnum
293 5506 558 5602 providentiam
578 5512 777 5605 exprimere
794 5514 913 5586 solent
926 5510 1154 5609 Philosophi,
1189 5514 1373 5611 -paritiam
1395 5516 1664 5589 accommodare
1682 5511 1794 5600 ralis,
1822 5506 1919 5585 nihil
1941 5528 2094 5609 usquam
2119 5536 2208 5597 son-
