4664 6022
139 270 213 347 aar
678 247 839 328 onon
886 245 961 324 nn
992 242 1198 323 vunnu
1227 243 1655 328 ’oroorourrn
2119 238 2197 319 sss
2236 310 2240 335 ,

146 449 177 519 si
197 446 279 515 sons
299 427 530 528 metaphorae
550 429 809 499 consideretur.
860 422 1030 498 Arbitror
1046 424 1142 494 enim
1194 421 1338 494 victima
1369 423 1562 514 signiticsri
1584 421 1842 511 Mediatorem,
1874 423 1938 519 qni
1971 420 2146 495 sacerdos¹
2163 434 2196 494 et

146 558 328 641 sumptum
352 562 426 609 esse
453 536 601 605 verbum
622 556 642 602 a
664 532 886 600 sacerdotum
913 528 1049 613 officio,
1081 525 1145 622 qui
1197 526 1353 619 placator
1375 528 1518 598 iuturus
1537 540 1634 614 erat,
1660 542 1695 599 et
1716 526 1863 623 prop'tcr
1881 552 1965 599 eum
1979 539 2116 598 norant
2130 518 2196 598 hoc

146 652 312 726 secabant
332 638 530 713 hostiarum
550 635 730 719 membra,
756 657 822 702 nec
836 632 933 703 enim
949 633 1077 701 licebat
1093 646 1146 703 tc·
1197 629 1437 701 ministerium
1454 630 1656 715 institutum
1672 653 1758 701 esse.
2141 704 2144 709 ¹

147 778 244 829 mere
265 745 409 844 partiri,
434 756 476 815 ut
496 737 625 832 cuique
649 738 851 808 videbatur:
879 737 939 806 sed
955 733 1054 807 Deus
1076 734 1144 804 alia
1302 730 1410 822 Quod
1428 758 1512 804 vero
1527 734 1698 825 sauguine
1713 758 1810 805 aram
1824 735 2011 828 conspergi
2026 731 2196 827 oportuit,

149 858 312 931 membra
328 845 452 930 abiici,
474 843 542 915 alia
561 842 630 913 sibi
649 839 883 919 inflammari,
910 840 979 909 alia
997 837 1146 910 attribui
1200 849 1331 906 norant
1356 861 1432 908 non
1463 840 1657 931 pecudum,
1691 840 1753 908 sed
1783 836 1999 910 Mediatoris
2028 835 2198 928 sanguine

150 954 392 1036 sacerdotibus
412 948 539 1020 voluit.
590 944 702 1017 Plane
724 967 781 1014 ars
804 957 879 1014 erat
901 943 1063 1014 dividere
1080 935 1148 1010 ho·
1199 938 1402 1010 universam
1416 936 1612 1011 Ecclesiam
1632 941 1774 1023 redimi.
1824 939 1916 1013 Cum
1940 964 2027 1013 vero
2050 936 2197 1011 eandam

151 1067 266 1140 stiam.
317 1055 390 1129 Nee
412 1065 577 1142 putemus
600 1049 692 1120 ritus
715 1047 797 1117 illos
819 1045 1041 1117 barbaricam
1061 1069 1148 1114 con·
1200 1057 1235 1113 at
1252 1043 1391 1134 adipem
1407 1044 1625 1136 conflagrare
1638 1045 1825 1131 videbant,
1851 1047 2096 1137 agnoscebant
2110 1043 2199 1115 iudi-

152 1163 377 1242 suetudinem
395 1157 524 1239 luisse,
548 1176 589 1223 ac
606 1152 724 1224 nullas
739 1173 879 1235 causas,
903 1149 1022 1219 nullas
1037 1147 1151 1238 signi·
1201 1145 1256 1216 cio
1288 1144 1356 1217 Dei
1388 1143 1481 1218 banc
1510 1164 1669 1219 nostram
1698 1150 1884 1221 mortalem
1915 1144 2087 1222 naturam
2121 1148 2200 1221 snb-

152 1270 333 1345 lirationes
349 1257 532 1332 habuisse:
561 1256 633 1326 imo
651 1279 735 1324 vero
752 1267 786 1323 et
801 1277 922 1324 causas
936 1253 1090 1336 rituum,
1117 1261 1151 1319 et
1202 1248 1327 1320 iectam
1341 1275 1415 1321 esse
1429 1252 1536 1323 morti
1550 1264 1584 1322 et
1596 1253 1804 1344 ingentibus
1817 1254 2017 1335 aerumnisr
2039 1248 2200 1325 sed'sbo·

153 1393 305 1472 quarum
329 1388 448 1437 rerum
471 1373 587 1430 essent
609 1357 798 1447 imagines,
823 1350 1024 1448 Prophetae
1039 1369 1074 1426 et
1090 1352 1150 1422 alii
1203 1352 1268 1423 lito
1298 1369 1440 1446 peccato
1470 1354 1509 1423 in
1541 1371 1675 1442 morte,
1707 1370 1828 1450 postea
1856 1369 2024 1427 naturam
2056 1358 2199 1431 restitui.

2237 1002 2241 1119 l

153 1478 206 1573 pii
226 1499 266 1547 ac
287 1467 421 1542 eruditi
444 1464 613 1536 sciebant.
666 1460 737 1531 Sed
758 1458 863 1528 nobis
886 1460 924 1529 iu
947 1453 1013 1529 hac
1031 1472 1151 1528 nostra
1203 1454 1307 1527 Nasci
1328 1481 1394 1528 nos
1408 1459 1455 1529 ad
1470 1458 1615 1530 delicias
1631 1460 1815 1550 fingimus,
1841 1471 1877 1531 et
1893 1484 2000 1537 curae
2013 1456 2199 1535 hominurn
2239 1484 2241 1489 ·

155 1576 316 1660 inscitia,
341 1568 486 1642 difficile
510 1579 563 1636 est
586 1588 644 1636 eas
666 1586 788 1633 causas
809 1574 843 1632 et
865 1561 1037 1652 imagines
1059 1574 1153 1631 recte
1203 1561 1425 1654 consiliaque
1447 1566 1493 1632 ad
1517 1556 1586 1633 hoc
1608 1562 1797 1656 praecipue
1817 1564 2046 1645 referuntur,
2069 1578 2114 1637 nt
2129 1588 2200 1638 sna

155 1682 341 1778 explicare.
384 1671 468 1743 ldeo
487 1664 589 1739 multi
607 1668 645 1737 in
660 1662 821 1737 texendis
832 1663 1012 1754 allegoriis
1027 1661 1154 1735 insulsi
1206 1664 1298 1735 viter
1321 1664 1493 1736 vivamus.
1545 1664 1595 1737 At
1615 1666 1705 1738 scias
1726 1667 1825 1739 illam
1841 1667 2060 1743 suavitatem
2077 1670 2198 1741 conns

156 1799 252 1861 sunt.
303 1778 373 1852 Sed
391 1774 547 1846 recitabo
564 1784 599 1842 et
614 1792 697 1861 ego,
724 1768 810 1865 quid
827 1763 918 1838 mibi
933 1770 977 1838 de
991 1763 1048 1838 his
1062 1764 1155 1862 typis
1206 1791 1307 1859 grare
1322 1782 1503 1863 oportere,
1531 1793 1604 1840 non
1619 1793 1746 1861 regua,
1768 1794 1843 1841 non
1857 1771 2113 1867 tyrrannidcs,
2137 1794 2201 1843 nsr

157 1891 339 1969 videatur,
371 1893 406 1949 et
429 1903 448 1949 a
471 1873 760 1971 praeceptoribus
787 1871 893 1957 meis,
921 1895 1004 1942 vera
1028 1871 1156 1965 pietate
1206 1871 1376 1962 gloriam,
1406 1895 1481 1941 non
1511 1866 1700 1945 hominnm
1730 1875 1875 1966 plausus
1906 1869 1977 1945 hoc
2008 1874 2201 1948 ministerio

158 1989 336 2071 colendis,
362 1997 443 2076 pcto
460 1979 721 2051 enarrationem
739 1975 850 2065 magis
864 1975 1107 2048 concinnam.
1207 1976 1429 2068 quaerendos
1452 1998 1538 2062 esse,
1594 1975 1747 2048 Haeret
1770 1978 1901 2047 similia
1928 1980 2203 2074 cogitabantpii

262 2090 395 2179 Magna
414 2080 585 2179 sapientia
603 2093 655 2149 est
670 2079 726 2149 lex
743 2078 885 2165 diviua,
912 2093 946 2150 et
961 2103 1041 2149 cum
1054 2074 1158 2148 utili·
1209 2079 1428 2163 sacerdotes,
1461 2078 1643 2149 flammam
1666 2079 1828 2152 sacrificii
1851 2081 2060 2176 intuentes,
2093 2097 2127 2155 et
2147 2079 2204 2156 hss

159 2197 223 2277 tati
245 2189 432 2265 hominum
454 2182 628 2269 consulit,
653 2196 729 2253 tum
754 2206 838 2252 vero
855 2181 946 2253 ritus
962 2180 1031 2273 ipsi
1046 2179 1159 2252 multa
1208 2180 1453 2252 consolatione
1469 2181 1652 2254 leniebaut
1667 2184 1829 2269 dolores,
1855 2186 1952 2283 quod
1974 2208 2056 2257 non
2073 2180 2201 2271 m

159 2322 289 2375 arcana
303 2296 347 2365 de
363 2293 547 2363 voluntate
561 2285 629 2359 Dei
643 2298 803 2361 monent.
856 2281 1074 2355 lussitDeus
1089 2281 1157 2354 sibi
1210 2309 1285 2356 non
1311 2306 1393 2355 casu
1415 2285 1573 2376 perirent
1593 2284 1775 2372 victimae,
1799 2288 1861 2358 sed
1885 2290 1986 2381 quod
2005 2302 2049 2359 et
2065 2286 2199 2362 limiu-

160 2394 378 2477 inilammari
401 2393 541 2486 adipem
565 2403 601 2461 et
621 2390 791 2472 caudam,
817 2386 1060 2458 sacerdotibus
1074 2410 1159 2454 vero
1210 2389 1315 2460 bento
1333 2389 1494 2473 oblatae,
1521 2390 1614 2459 etad
1635 2389 1888 2461 celebrandum
1904 2389 2030 2463 Deum
2048 2388 2119 2463 hae
2130 2384 2193 2488 pr'r·

161 2501 310 2579 attribui
333 2511 456 2595 pectus
477 2510 512 2567 et
529 2488 684 2563 harmos.
738 2488 808 2561 Hic
823 2484 985 2560 ridemus
1000 2483 1159 2561 habitam
1210 2505 1262 2562 tes
1279 2491 1518 2561 inflammatae
1534 2507 1661 2567 essent.
1713 2490 2198 2591 Gaudebautigiturseqso·

161 2633 236 2684 esse
259 2601 424 2678 utilitatis
448 2596 638 2670 rationem:
665 2618 749 2664 nam
772 2588 838 2663 hae
853 2607 1065 2686 partescum
1083 2616 1159 2662 ma·
1211 2619 1281 2689 que
1306 2615 1381 2662 non
1404 2605 1536 2665 temere
1557 2595 1728 2666 dimicare
1750 2597 1788 2666 in
1811 2597 1905 2683 scie,
1937 2600 2082 2691 affligi.
2115 2601 2196 2671 susti-

161 2714 255 2786 rime
279 2728 446 2779 carnosae
467 2701 559 2780 sint,
592 2711 713 2791 pectus
734 2709 768 2766 et
788 2690 925 2788 haemi,
953 2698 1056 2767 datae
1079 2709 1162 2768 sunt
1211 2721 1297 2768 nere
1318 2696 1480 2788 ingentes
1502 2721 1707 2770 aerumna„
1734 2703 1794 2770 „d
1819 2696 1906 2771 hm
1920 2703 2128 2774 emmim
2141 2726 2195 2775 m,

162 2813 354 2888 vescendae
381 2803 632 2879 sacerdotibus.
702 2797 829 2869 Voluit
858 2799 954 2870 euim
986 2795 1085 2870 Deus
1113 2797 1161 2867 ali
1212 2800 1284 2894 cipi
1315 2799 1462 2871 iubente
1479 2797 1577 2887 Deo,
1607 2815 1643 2874 et
1669 2801 1740 2872 late
1762 2803 1882 2897 spargi
1903 2805 1942 2878 in
1969 2807 2028 2876 eis
2051 2809 2194 2878 noricis„

161 2918 361 2991 sacerdotes
384 2907 560 3003 pecudum
585 2903 778 2975 oblatione.
846 2897 968 2994 Adeps
994 2913 1029 2973 et
1050 2902 1160 2973 cauda
1212 2904 1297 2989 Dei,
1323 2916 1364 2974 ut
1386 2903 1423 2971 in
1449 2900 1591 2975 Psalmo
1612 2903 1761 2977 dicitur:
1787 2904 1940 2999 Propter
1964 2922 2003 2981 te
2027 2912 2195 2983 mortitiu-

163 3043 291 3116 parum
312 3010 448 3086 habeut
468 3006 648 3092 carnium,
674 3030 736 3076 seu
753 3002 843 3092 cibi,
870 3004 951 3076 idco
968 2999 1033 3075 has
1050 3004 1163 3099 potis·
1213 3031 1295 3077 mur
1310 3019 1384 3078 tota
1400 3005 1471 3079 die.

165 3125 295 3195 simum
313 3129 429 3212 partes
445 3109 581 3183 absumi
598 3109 680 3200 igne
697 3108 809 3179 iussit.
1318 3107 1493 3179 Videmus
1517 3109 1627 3201 igitur
1650 3111 1689 3181 in
1712 3106 1769 3182 his
1791 3115 2004 3204 spectaculis
2030 3115 2190 3189 sortitio·

260 3210 1017 3307 Necnihildesignilicationihuscogitabant
1027 3209 1164 3296 Aaron,
1214 3237 1295 3284 rum
1328 3213 1527 3306 propositas
1558 3236 1632 3285 esse
1662 3214 1852 3305 imagines,
1885 3242 1981 3311 quse
2008 3220 2197 3312 significent,

164 3325 337 3410 Phincos,
375 3314 584 3398 Zacharias,
618 3331 654 3388 et
683 3313 817 3384 similes
847 3315 1044 3385 sacerdotes
1070 3313 1165 3383 inter
1214 3315 1337 3411 quales
1358 3337 1432 3384 esse
1455 3315 1637 3388 ministros
1658 3319 1842 3388 doctrinae
1864 3323 2058 3411 coelestis,
2086 3340 2198 3417 etqua

164 3427 446 3504 sacrificandum.
515 3417 696 3489 Videbant
726 3431 847 3510 pectus
869 3431 902 3487 et
925 3411 1069 3487 harmos
1095 3416 1162 3487 sibi
1214 3417 1411 3503 sustinere,
1437 3432 1471 3488 et
1491 3444 1563 3513 qno
1581 3421 1732 3491 consilio
1747 3435 1926 3513 oporteat:
1954 3426 2036 3500 sint
2054 3438 2199 3521 pertusa

164 3531 333 3616 attribui,
358 3541 399 3600 ut
419 3534 654 3595 monerentur
675 3520 873 3591 sacerdotes
895 3533 929 3591 et
951 3535 1073 3612 pectus
1091 3543 1164 3590 esse
1215 3521 1326 3594 baiuli
1354 3521 1494 3614 populi,
1521 3524 1719 3595 sustineant
1739 3546 1871 3615 agones
1890 3539 1926 3598 et
1948 3532 2201 3605 vetustatisno·

165 3635 292 3732 populi
314 3646 348 3703 et
370 3629 520 3702 baiulos'.
572 3622 666 3693 Boni
690 3625 854 3693 doctores
870 3623 1022 3693 consilio
1038 3635 1165 3716 regunt
1214 3640 1307 3696 strae
1332 3625 1534 3712 interitum,
1560 3644 1595 3700 et
1617 3629 1771 3700 referant
1787 3650 1868 3698 suas
1883 3653 2086 3707 aerumnas
2102 3636 2202 3706 adce-

167 3737 360 3833 populum,
385 3747 422 3803 et
438 3728 662 3822 praecipuam
681 3726 810 3795 molem
828 3750 994 3796 curarum
1012 3741 1044 3797 et
1062 3726 1164 3797 dolo·
1218 3728 1429 3799 lebrandum
1460 3725 1588 3803 Deum.
1652 3727 1727 3801 Has
1759 3732 1933 3822 imagines
1964 3740 2102 3811 rudior
2128 3750 2204 3809 affl

168 3867 248 3913 rum
263 3840 301 3908 in
316 3849 388 3907 tota
405 3830 663 3924 gubernatione
678 3829 866 3901 sustinent.
920 3824 1063 3901 Etcum
1081 3824 1165 3898 haec
1216 3830 1426 3914 consideret,
1452 3846 1487 3904 et
1502 3833 1672 3922 adiungat
1688 3836 1857 3927 exemplu,
1883 3861 2048 3931 qnorum
2061 3841 2204 3914 omniu

168 3945 326 4015 membra
343 3937 443 4032 prius
461 3934 705 4004 offerebantur
719 3930 795 4004 Deo
812 3932 946 4016 levata,
973 3946 1007 4001 et
1025 3932 1062 4000 in
1079 3932 1165 4002 dex·
1218 3934 1370 4004 maxime
1384 3934 1524 4005 illustre
1540 3949 1589 4006 est
1606 3936 1683 4032 ipse
1697 3937 1792 4008 filius
1807 3928 1888 4011 Ilei.
1925 3936 2081 4017 Deinde
2097 3941 2205 4017 metari

167 4064 264 4120 trum
294 4056 328 4113 et
350 4041 533 4112 sinistrum
557 4037 649 4107 latus
671 4047 785 4119 mota,
821 4035 932 4104 multa
958 4057 1073 4104 secum
1098 4033 1165 4126 ipsi
1217 4039 1433 4120 sacerdotes,
1460 4037 1521 4131 qui
1539 4039 1717 4131 praeclare
1735 4041 1850 4112 structi
1866 4057 2041 4120 sunt-suo
2058 4068 2206 4122 mum

168 4148 381 4241 cogitabant.
432 4139 596 4211 Primum
618 4138 856 4229 agnoscebant
876 4136 922 4206 ab
944 4129 1012 4206 hoc
1036 4161 1110 4207 unu
1134 4150 1168 4207 et
1218 4139 1384 4210 videlicet
1403 4136 1546 4223 Patres,
1569 4136 1790 4234 Prophetae,
1817 4142 2006 4238 Apostoli,
2031 4166 2069 4225 et
2094 4146 2206 4225 hom

168 4269 313 4325 aeterno
331 4245 408 4319 Deo
427 4243 630 4314 institutum
650 4233 806 4311 essehoc
823 4239 1077 4310 sacerdotium:
1105 4241 1166 4310 de·
1218 4243 1381 4314 omnium
1396 4243 1527 4315 milites
1544 4257 1579 4317 et
1592 4237 1839 4339 παραστάται.

168 4357 254 4427 inde
277 4367 313 4424 et
336 4347 509 4420 auxilium
527 4345 565 4412 iu
581 4338 647 4413 hac
664 4343 844 4413 oblatione
861 4344 1046 4435 petebant,
1073 4345 1166 4413 etad
1319 4342 1411 4417 Cum
1434 4365 1551 4418 autem
1575 4364 1609 4420 et
1632 4349 1700 4441 ipsi
1722 4372 1867 4444 prorsus
1888 4352 1933 4423 ad
1958 4360 2116 4431 eandem
2130 4356 2209 4429 mtt-

167 4484 249 4531 eum
277 4450 531 4526 celebrandum
560 4447 680 4517 omnia
712 4445 860 4515 consilia
884 4446 1069 4516 referenda
1095 4468 1168 4516 esse
1218 4448 1304 4521 tiam
1328 4450 1440 4520 vocati
1457 4450 1586 4536 simus,
1611 4464 1754 4524 nostrae
1770 4455 1975 4529 voluntates
1991 4475 2030 4533 et
2046 4460 2209 4537 studiari

168 4560 382 4635 statuebant.
450 4548 498 4623 Et
521 4550 559 4619 in
582 4545 648 4620 hac
670 4573 815 4619 suorum
840 4548 1004 4619 laborum
1028 4561 1063 4618 et
1086 4572 1169 4619 snae
1220 4552 1299 4622 illas
1316 4551 1487 4641 imagines
1504 4569 1720 4644 congruant,
1744 4569 1779 4627 et
1795 4556 1983 4631 imitentur
2001 4558 2095 4637 baec
2109 4588 2210 4637 uero·

169 4663 317 4734 militiae
338 4656 572 4749 cogitatione,
600 4665 716 4722 mente
739 4650 972 4721 intuebantur
989 4675 1168 4722 summum
1222 4656 1297 4748 pla,
1330 4677 1419 4748 quac
1439 4655 1539 4726 Deus
1560 4658 1667 4728 nobis
1681 4683 1757 4729 nou
1772 4660 1902 4732 fmstra
1918 4670 2134 4758 proposui„
2161 4690 2211 4762 P*

169 4767 387 4838 sacerdotem
414 4758 527 4828 lilium
552 4753 637 4838 Ilei,
671 4778 777 4847 quem
800 4753 960 4824 sciebant
982 4754 1169 4847 praecipue
1221 4772 1317 4827 ctora
1339 4758 1556 4828 instruamus
1579 4785 1662 4831 vera
1684 4763 1866 4849 doctrina,
1891 4778 1933 4835 nt
1948 4768 1996 4837 de
2009 4768 2082 4843 Dei
2096 4771 2211 4845 volun·

169 4884 290 4962 pectus
308 4879 343 4935 et
362 4859 553 4933 humerum
572 4880 644 4927 esse
663 4857 849 4928 universae
867 4854 1053 4928 Ecclesiae.
1109 4854 1171 4927 Fi·
1222 4873 1293 4932 tate
1305 4874 1341 4931 ct
1353 4859 1499 4931 salutari
1516 4862 1608 4933 vitae
1622 4866 1879 4954 gubematlone
1891 4869 1983 4942 alios
1998 4876 2212 4971 docerepus·

171 4973 240 5042 lius
271 4965 473 5059 suppeditat
501 4960 708 5045 consilium,
742 4974 775 5030 et
803 4985 868 5052 pro
891 4962 996 5030 uobis
1021 4961 1168 5030 sustinet
1222 4963 1350 5033 simus:
1386 4963 1497 5034 robur
1525 4988 1543 5033 a
1575 4967 1649 5036 lilio
1671 4967 1738 5040 Dei
1764 4983 1945 5061 petamus,
1980 4988 2027 5049 ut
2050 4979 2213 5053 ,mrim

170 5071 390 5146 tristissimas
406 5087 548 5158 poenas,
576 5076 610 5134 et
625 5063 739 5154 placat
755 5063 844 5132 iram
859 5064 977 5155 patris.
1031 5057 1171 5133 Abhoc
1221 5067 1361 5136 labores
1379 5066 1570 5138 ministerii
1587 5070 1778 5160 possimus:
1804 5096 1870 5145 nec
1885 5074 2103 5156 misceam.
2117 5081 2214 5153 ,ἰὼ

171 5198 311 5248 summo
350 5171 530 5240 sacerdote
561 5167 749 5236 consilium
781 5181 816 5236 et
844 5168 957 5237 robur
986 5166 1170 5258 petebant:
1221 5192 1278 5239 sas
1296 5167 1524 5260 cupiditates,
1548 5174 1607 5243 sed
1633 5196 1883 5266 praeparemus
1903 5201 1972 5251 uos
1994 5186 2044 5256 ad
2061 5184 2215 5259 mim-hs

170 5275 289 5351 huius·
310 5296 401 5345 onus
424 5271 583 5341 sciebant
606 5271 711 5360 longe
736 5268 879 5357 gravius
905 5269 979 5338 iore
1002 5268 1193 5339 omnibus·
1222 5272 1403 5354 ferendas,
1443 5298 1484 5343 ac
1511 5289 1654 5364 portum
1684 5277 1890 5351 iutueamur
1916 5297 2130 5371 aeternnm,
2162 5270 2214 5383 qul

171 5380 374 5461 aerumnis,
423 5396 511 5467 quas
546 5374 652 5444 etiam
684 5371 883 5442 fidelissimi
916 5372 1173 5462 gubernatores
1222 5376 1293 5444 iam
1311 5369 1377 5445 hac
1395 5376 1622 5467 navigatione
1640 5382 1813 5469 petendus
1830 5396 1902 5466 est,
1929 5387 2213 5465 videtifflem.

171 5486 233 5557 alii
265 5501 481 5578 quocunque
506 5489 665 5568 tempore
688 5473 853 5549 tolerant.
905 5473 1076 5547 Sciebant
1098 5488 1170 5547 tota
1222 5500 1306 5551 nam
1327 5476 1620 5554 consuetudinem
1637 5477 1706 5553 Dei
1727 5485 1844 5559 etlilii
1859 5487 1959 5579 eius,
1984 5506 2026 5569 et
2041 5497 2213 5569 anim
