4664 6022
128 302 201 383 Μ
582 300 747 383 DEGL.
779 301 1024 383 CONTRA
1057 301 1393 385 snetntcos
1428 302 1709 390 Mun-1008.
2089 310 2167 386 200

123 479 189 553 hus
212 477 364 565 accidit,
390 491 524 574 quanto
547 451 667 552 minus
688 480 827 554 ferendi
849 495 934 554 sunt
952 479 1030 568 isti,
1057 478 1120 576 qui
1173 502 1343 572 gnoscere
1364 480 1485 554 omnia
1508 482 1623 553 officia
1641 477 1880 575 imperatoris.
1932 477 1985 550 Ita
2002 478 2166 552 Medicus

123 602 202 653 rom
215 603 407 675 nunquam
420 579 622 666 didicerint,
647 596 765 653 tamen
783 578 874 655 hanc
889 597 1001 657 artem
1015 583 1120 673 longe
1172 579 1397 656 adhibendus
1425 598 1494 670 est,
1524 609 1600 655 non
1629 585 1691 679 qui
1713 607 1805 654 nova
1826 581 2066 675 experimenta
2087 582 2166 653 sine

123 682 318 755 ωιίιιιειιι
340 705 382 753 ac
401 680 649 755 difficillimam
673 686 894 779 profitentur.
949 685 996 758 At
1018 686 1120 757 side-
1171 684 1309 757 r‘atione
1330 687 1487 782 quaerit,
1514 699 1548 760 et
1569 687 1633 784 qui
1648 686 1722 759 suis
1736 684 1905 778 exemplis
1919 685 2073 777 primum
2088 708 2165 754 rne-

123 804 201 857 nsts
221 792 334 878 (psam
351 784 525 889 plurimos
538 808 632 871 esse,
656 788 718 882 qui
732 787 833 884 quasi
846 789 893 859 ab
905 782 1119 881 Aesculapio
1171 789 1281 859 dendi
1301 788 1394 859 viam
1413 789 1566 881 colligit,
1589 791 1650 860 sed
1668 788 1731 883 qui
1744 801 1903 858 veterum
1918 786 2116 858 doctrinam
2131 800 2167 858 et

123 900 237 961 utam
256 899 372 958 artem
388 910 453 979 per
466 887 647 958 somnium
664 890 771 959 semel
788 891 1006 984 acceperint,
1031 913 1119 960 ven·
1172 890 1425 984 experientiam
1453 892 1627 964 imitatur,
1689 889 1866 961 Foelicem
1894 888 2015 971 aiunt,
2059 910 2166 982 quem

123 986 243 1061 ditant
262 1012 301 1059 se
322 988 420 1060 inter
440 987 618 1075 Medicas,
644 992 781 1062 etiamsi
804 993 941 1063 nullam
959 1015 1118 1087 unquam
1172 993 1305 1062 faciunt
1317 993 1433 1064 aliena
1448 994 1602 1085 pericula
1614 1007 1774 1064 cautum:
1800 1014 1910 1085 quare
1924 1014 2000 1061 nou
2015 1003 2065 1060 est
2076 1012 2165 1060 con·

123 1091 292 1187 pagiuam
308 1087 555 1183 Hippocratis,
580 1106 643 1164 aut
660 1090 811 1176 Galeni,
838 1108 898 1165 aut
914 1092 1119 1167 Avicennae
1171 1096 1305 1165 sultum
1330 1097 1468 1166 omissis
1490 1109 1649 1166 veterum
1671 1093 1857 1186 exemplis,
1885 1092 1976 1165 nova
1997 1091 2166 1172 remedia,
2183 1134 2185 1165 ;

124 1194 304 1287 bqerunts
356 1193 409 1263 Αε
433 1193 600 1265 videntur
616 1194 725 1266 etiam
749 1196 899 1267 irridere
914 1210 1030 1268 totam
1053 1199 1120 1267 do-
1172 1221 1302 1270 novam
1324 1197 1419 1266 viam
1441 1197 1608 1269 medendi
1624 1196 1787 1291 experiri.
1839 1194 1893 1267 Ac
1909 1194 2195 1289 nequisputet'l

128 1295 301 1376 mm,
340 1293 497 1390 quaein
525 1290 657 1366 scholis
684 1298 857 1381 traditur,
896 1313 930 1370 ει
959 1298 1119 1390 sapiunt;
1172 1322 1229 1369 me
1250 1299 1502 1392 experientiam
1524 1299 1718 1393 aspernari:
1745 1322 1808 1389 ego
1830 1319 1915 1369 vero
1936 1296 2036 1366 illam
2057 1272 2200 1391 quami,

127 1397 250 1471 rident
272 1393 372 1469 enim
394 1398 521 1487 vulgus
541 1398 621 1489 plus
645 1399 892 1472 admirationis
908 1395 1039 1472 babere
1057 1425 1121 1493 pa·
1172 1401 1323 1472 maxime
1345 1402 1575 1473 necessariam
1599 1425 1671 1472 esse
1694 1400 1786 1481 scio,
1821 1400 1881 1470 sed
1903 1395 2166 1477 vicissimnolo

124 1499 304 1573 iduum
327 1499 445 1585 illam,
475 1523 581 1593 quam
605 1523 725 1573 veram
748 1496 1032 1594 philosophiam3
1065 1502 1121 1572 vi·
1172 1517 1283 1574 artem
1321 1504 1512 1576 contemni.
1577 1502 1740 1574 Prudens
1776 1499 1940 1574 Medicus
1975 1498 2167 1589 coniungat

123 1602 209 1675 dent
231 1601 347 1692 tnagis
369 1615 615 1695 quaestuosam
631 1626 706 1675 esse
721 1598 987 1691 histrionicam,
1013 1602 1120 1699 qu'am
1172 1619 1381 1699 utrumque,
1412 1619 1522 1676 artem
1552 1619 1588 1677 et
1614 1604 1877 1697 experientiam.
1937 1600 2029 1672 Nam
2061 1621 2167 1692 expe·
2276 1664 2280 1671 .

123 1727 244 1777 reram
268 1703 438 1774 medendi
459 1717 584 1776 artem.
635 1702 706 1776 Sed
729 1707 876 1778 obiiciat
898 1701 958 1778 bic
981 1706 1121 1802 aliquis,
1171 1707 1301 1780 rientia
1317 1706 1557 1789 sineretione,
1584 1707 1660 1778 sine
1677 1708 1851 1790 doctrina,
1871 1705 1948 1775 sine
1964 1716 2051 1786 arte,
2071 1696 2166 1772 nihil
2275 1742 2280 1751 ι

123 1806 318 1901 plerosque
332 1805 519 1887 illiteratos
534 1828 696 1896 magnam
713 1809 965 1900 experientiam
980 1805 1122 1895 habere,
1174 1809 1242 1879 nisi
1261 1809 1494 1880 domesticum
1513 1809 1737 1881 latrocinium
1755 1823 1826 1893 est,
1854 1820 1887 1878 et
1903 1829 2041 1899 possem
2054 1801 2166 1874 multa

124 1932 214 2005 quae
231 1931 311 1978 non
328 1907 447 1977 minus
463 1908 574 1989 valet,
598 1933 706 2002 quam
719 1934 795 1991 ars,
822 1935 930 2006 quam
948 1913 1121 1984 doctrina.
1173 1912 1330 2004 exempla
1362 1936 1657 1997 commemorare,
1690 1912 1870 2004 quomodo
1899 1906 2035 1999 decepti
2060 1928 2167 1997 expe·

126 2008 317 2083 dnentior
342 2009 497 2080 multum
528 2010 661 2101 pollere
685 2012 956 2104 experientiam,
991 2038 1033 2085 ex
1056 2007 1122 2082 hac
1172 2012 1301 2086 rientia
1330 2027 1451 2084 contra
1475 2014 1649 2085 rationem
1670 2009 1864 2104 Empirici,
1894 2011 1992 2080 viros
2012 2009 2166 2100 optimos
2233 2034 2236 2041 ·

124 2112 220 2185 enim
242 2131 313 2182 'ars
342 2111 512 2204 paulatim
534 2125 615 2183 nata
637 2125 698 2182 εει.
759 2112 830 2186 Sed
856 2128 1041 2209 postquam
1065 2139 1122 2185 ars
1173 2115 1415 2187 crudelissime
1444 2114 1697 2187 interfecerint.
1748 2113 1869 2204 Quare
1897 2114 1934 2182 si'
1955 2134 2046 2207 quos
2065 2103 2167 2177 nihil

125 2228 266 2309 reperta
289 2226 362 2300 est,
385 2214 465 2284 ideo
488 2215 663 2298 traditur,
690 2215 845 2310 nequid
867 2230 1016 2304 temere,
1041 2241 1121 2288 cum
1173 2220 1330 2290 offendet
1363 2217 1575 2308 indignitas,
1617 2218 1713 2313 quod
1749 2211 1911 2289 homines
1944 2215 2167 2305 impudentes

126 2315 289 2412 periculo
308 2316 461 2385 aliorum
485 2315 730 2407 experiamur,
756 2320 816 2388 sed
839 2319 1001 2412 priorum
1020 2341 1123 2411 expe-
1174 2323 1306 2392 audent
1327 2342 1364 2389 se
1388 2321 1493 2391 titulo
1514 2318 1602 2391 artis
1622 2318 1824 2399 venditare,
1851 2341 1957 2414 quam
1980 2335 2166 2406 nunquam

125 2419 282 2492 rimeuta
303 2417 501 2503 imitantes,
533 2432 662 2488 certam
686 2421 854 2490 medendi
873 2420 1047 2492 rationem
1070 2434 1123 2491 te-
1172 2422 1393 2507 didicerunt,
1419 2436 1537 2491 tamen
1554 2436 1605 2493 εει
1620 2412 1836 2506 humanum,
1863 2417 2013 2512 periculi
2028 2409 2168 2505 magni-

126 2543 290 2593 oesruus.
341 2518 498 2590 Proinde
520 2519 583 2613 qui
605 2521 726 2593 relicta
750 2537 844 2607 arte,
875 2547 939 2616 per
962 2547 1036 2594 sese
1059 2548 1123 2592 vo-
1174 2525 1298 2597 tudine
1318 2524 1472 2609 moveri,
1498 2548 1571 2618 quo
1591 2523 1711 2592 minus
1732 2524 1851 2593 ferant
1863 2521 1950 2592 istos
1965 2516 2168 2598 histriones,

130 2624 209 2695 lunt
228 2621 386 2714 experiri
407 2620 494 2715 quid
516 2622 645 2713 prosit,
676 2623 763 2716 quid
785 2625 899 2706 obsit,
933 2620 999 2696 bos
1021 2648 1123 2716 saepe
1174 2649 1327 2722 quorum
1350 2625 1528 2719 imperitia
1553 2626 1683 2696 multos
1706 2626 1822 2716 perire
1843 2634 1991 2696 constat.
2042 2614 2092 2690 Et
2106 2639 2168 2686 ac·

127 2722 312 2816 confinget
328 2747 462 2809 errare,
486 2735 521 2792 et
534 2724 669 2795 discent
684 2749 812 2816 magno
827 2726 922 2798 malo
937 2741 1121 2819 aegrotan-
1174 2728 1267 2799 cedit
1289 2722 1357 2798 hoc
1380 2729 1475 2822 quod
1499 2740 1603 2819 auget
1625 2727 1843 2819 periculum,
1876 2722 2053 2817 imperitia
2074 2715 2170 2812 parit

127 2828 233 2902 tium.
283 2821 387 2897 Nihil
408 2838 462 2896 est
479 2825 641 2896 fallacius
665 2828 880 2920 experientia
896 2830 1046 2901 intanta
1062 2853 1123 2898 sa·
1173 2828 1377 2920 audaciam,
1407 2842 1447 2901 ut
1467 2822 1699 2925 Thucydides
1727 2830 1933 2923 aits'quare
1961 2825 2054 2896 inter
2071 2823 2169 2906 istos,

130 2930 255 3002 ristste
272 2927 636 3013 circumstantiarum,
660 2929 704 2998 ad
721 2954 826 3025 quam
846 2955 920 3003 non
934 2927 1125 3002 adhibetur
1173 2932 1377 3026 utquisque
1392 2931 1657 3002 indoctissimus
1672 2943 1744 3011 est,
1769 2930 1818 3003 ita
1834 2942 1887 3000 est
1902 2924 2169 3000 audacissimus.

134 3030 222 3105 rasio
243 3044 281 3103 et
303 3029 486 3115 doctrina,
511 3028 602 3100 sicut
625 3031 728 3101 initio
743 3026 1043 3125 Aphorismornm
1061 3036 1125 3104 ad·
1175 3034 1285 3105 Multi
1310 3047 1394 3104 sunt
1415 3032 1554 3116 morbi,
1580 3055 1669 3127 quos
1693 3030 1887 3104 doctissimi
1912 3042 1946 3101 et
1964 3022 2169 3122 peritissimi

131 3132 275 3207 monuit
302 3129 557 3224 Hippocrates,
596 3155 686 3202 eunt.
707 3135 843 3227 inquit,
874 3135 1124 3227 experientiam
1174 3135 1310 3207 Medici
1330 3160 1474 3206 movere
1495 3158 1569 3205 non
1586 3136 1737 3218 audent,
1761 3134 1874 3204 multa
1893 3131 2056 3202 incidunt
2072 3151 2170 3221 syrn-

128 3234 368 3331 psritnlosam
389 3256 483 3317 esse,
508 3246 543 3304 et
556 3231 730 3305 iudicium
744 3237 861 3307 fallar.
911 3233 962 3309 At
975 3237 1035 3308 isti
1051 3261 1124 3306 em·
1175 3228 1331 3331 ptomata
1356 3262 1397 3306 ex
1417 3237 1531 3307 causis
1551 3239 1639 3307 adeo
1656 3234 1833 3320 obscuris,
1858 3247 1899 3305 ut
1915 3234 2020 3304 etiam
2036 3227 2169 3301 doctis·

127 3335 259 3431 piriei,
287 3336 360 3406 imo
382 3331 593 3416 histriones,
617 3335 753 3407 abiecta
776 3352 852 3409 arte
874 3351 1013 3409 tantum
1038 3363 1126 3408 con·
1174 3339 1257 3409 sinti
1283 3340 1352 3409 viri
1382 3337 1565 3423 dubitent,
1598 3337 1778 3431 quomodo
1802 3348 2009 3420 occurrant;
2051 3332 2169 3399 incre-

131 3438 256 3509 bdurst
268 3437 491 3530 experientia,
517 3451 552 3508 et
566 3435 700 3508 iudicio
715 3460 792 3525 soo,
817 3463 971 3533 quorum
985 3454 1125 3511 utrum·
1175 3439 1297 3511 dibilis
1327 3453 1380 3510 est
1405 3439 1554 3508 varietas
1583 3438 1766 3527 signorum
1794 3450 1877 3506 ante
1906 3434 2045 3514 Crisin,
2077 3451 2168 3525 quae

130 3564 206 3636 que
228 3536 501 3612 incertissimum
522 3552 586 3614 est.
636 3537 871 3632 Hippocrates
885 3543 974 3612 adeo
990 3542 1127 3611 diffisus
1176 3566 1249 3612 non
1273 3566 1353 3613 raro
1378 3540 1561 3633 perturbat
1583 3537 1788 3625 Medicum,
1815 3536 1977 3633 quamvis
1998 3552 2169 3625 sagacem.

130 3656 185 3715 ast
213 3640 472 3733 experientiae,
503 3655 544 3713 ut
571 3642 805 3734 praeceperit,
839 3659 1026 3738 postquam
1051 3668 1124 3714 non
1175 3641 1225 3716 Αι
1256 3640 1447 3716 histriones
1476 3643 1535 3714 isti
1565 3642 1735 3738 quoniam
1766 3640 1873 3712 semel
1907 3639 2169 3733 perfricuerunt

130 3744 319 3839 respondit
338 3757 485 3815 eventus
501 3741 719 3814 Medicinam
740 3747 934 3816 secundum
951 3746 1125 3817 rationem
1174 3749 1349 3835 frontem,
1372 3744 1514 3816 fortiter
1536 3758 1619 3816 sunt
1642 3744 1884 3836 impudentes,
1908 3741 2050 3812 nullum
2068 3759 2170 3807 mor·

131 3844 299 3930 facienti,
324 3845 478 3939 nequid
500 3860 814 3937 praetereatentet.
867 3846 993 3919 Videte
1007 3861 1124 3919 autem
1174 3851 1261 3920 bum
1293 3874 1366 3921 non
1396 3848 1595 3938 attingunt,
1635 3847 1737 3916 nullo
1766 3857 2019 3940 symptomata,
2059 3835 2170 3910 nullis

132 3946 221 4023 ‘utos
248 3948 431 4028 indoctos,
472 3947 684 4018 collectanea
716 3943 849 4021 habent
876 3950 1127 4036 remediorum,
1175 3950 1285 4042 signis
1309 3951 1581 4043 perturbantur,
1605 3960 1640 4019 et
1663 3948 1842 4020 temeritas
1864 3969 1945 4017 raro
1968 3940 2074 4015 habet
2090 3941 2167 4011 ioe-

131 4050 177 4123 sb
203 4049 477 4134 obstetricibus,
507 4072 527 4119 a
551 4048 775 4142 tonsoribus,
806 4075 826 4122 a
851 4048 986 4141 Magis,
1019 4079 1038 4122 a
1064 4049 1126 4122 lu·
1175 4054 1260 4123 lices
1279 4054 1411 4138 exitus,
1435 4051 1527 4141 leges
1547 4049 1702 4141 puniunt
1718 4048 1929 4147 imperitiam
1946 4047 1984 4117 in
1998 4031 2168 4127 Medicis3

134 4153 232 4226 dreis
262 4151 515 4243 transscripta,
543 4175 583 4220 ex
613 4147 667 4220 his
690 4151 827 4242 eligunt
847 4153 954 4225 initio
976 4154 1127 4248 aliquid,
1175 4153 1382 4245 gravissime
1404 4153 1500 4224 enim
1522 4152 1642 4244 inquit
1655 4148 1947 4234 Iurisconsultus,
1972 4171 2048 4218 non
2063 4146 2170 4217 debet

133 4258 229 4352 quod
251 4253 435 4325 illecebras
455 4255 626 4348 quasdam
649 4245 774 4341 habet;
801 4254 930 4326 nolunt
946 4256 1041 4325 enim
1056 4269 1126 4324 sta·
1174 4257 1391 4349 impunitum
1409 4251 1563 4347 relinqui
1578 4251 1745 4322 delictum
1762 4251 1971 4344 decipientis
1986 4257 2170 4343 praetextu

134 4357 196 4430 tim
217 4356 359 4450 inipso
383 4354 483 4427 aditu
504 4354 687 4425 offendere
700 4355 839 4428 animos
855 4357 1127 4448 aegrotantium,
1175 4354 1350 4428 humanae
1378 4352 1591 4446 fragilitatis.
1644 4350 1777 4423 Verum
1805 4353 1865 4425 isti
1889 4377 1964 4422 non
1986 4353 2101 4422 solum
2124 4349 2170 4418 de

134 4455 211 4533 Hoc
230 4460 264 4531 si
283 4481 409 4550 parum
431 4456 602 4550 profecit,
627 4456 743 4527 statim
765 4459 865 4529 aliud
886 4461 1127 4549 experiuntur,
1175 4460 1351 4552 imperitia
1373 4471 1558 4542 tenentur,
1582 4455 1642 4525 sed
1663 4456 1768 4525 etiam
1784 4455 1828 4525 de
1845 4457 1949 4540 dolo,
1977 4478 2057 4524 cum
2074 4451 2168 4518 vires

136 4564 225 4635 stit
246 4582 519 4652 saepenumero,
550 4572 592 4632 ut
612 4557 685 4652 ipsa
708 4561 947 4631 remediorum
970 4559 1127 4632 dissimi-
1174 4585 1257 4634 suas
1277 4561 1416 4646 norint,
1442 4572 1611 4630 ettamen
1628 4556 1899 4627 existimationis
1916 4557 2068 4626 tuendae
2084 4573 2169 4620 cau-

137 4662 249 4739 lisudo
278 4685 415 4732 novum
443 4661 610 4731 morbum
642 4659 773 4752 gignat.
823 4661 920 4734 Haec
942 4686 1046 4755 saepe
1066 4688 1126 4732 ac·
1175 4687 1230 4750 sa,
1260 4663 1382 4734 omnia
1408 4659 1564 4754 pericula
1592 4672 1843 4745 contemnant,
1875 4678 1999 4728 omnes
2023 4653 2168 4723 morbos

137 4766 251 4839 sidere
272 4762 369 4847 vidi,
394 4786 504 4856 quare
528 4757 622 4832 nihil
643 4777 717 4850 εει,
742 4768 838 4859 quod
862 4764 921 4838 isti
941 4789 1040 4836 suam
1059 4789 1127 4834 no-
1175 4765 1362 4856 attingant.
1422 4761 1536 4833 Porro
1564 4760 1610 4831 sd
1640 4760 1751 4851 legem
1772 4757 1955 4853 Aquiliam
1987 4753 2168 4844 scribitur,

138 4862 188 4941 his
215 4864 471 4961 experientiam
501 4865 717 4954 praedicent.
788 4863 859 4937 Ars
887 4869 1061 4959 gubernat
1091 4879 1126 4937 et
1174 4867 1297 4937 dolum
1314 4889 1404 4952 esse,
1429 4865 1458 4933 si
1474 4863 1553 4957 quis
1566 4861 1704 4933 affectet
1718 4861 1866 4954 aliquid,
1893 4859 1930 4928 in
1947 4883 2017 4953 quo
2033 4855 2168 4930 intelli-

137 4967 295 5045 huntur
315 4966 566 5060 experientiam
585 4989 658 5034 non
676 4966 921 5053 indoctorum,
947 4972 1006 5039 sed
1022 4992 1125 5059 prae·
1174 4967 1244 5058 git,
1270 4982 1332 5039 aut
1354 4965 1551 5055 intelligere
1572 4964 1677 5033 debet
1699 4961 1945 5033 infirmitatem
1968 4985 2066 5030 stram
2086 4957 2168 5028 aliis

140 5069 445 5147 mutiuimorum.
496 5066 561 5139 lsti
584 5092 668 5137 vero
683 5069 760 5137 sine
776 5084 1020 5162 praeceptore,
1047 5069 1124 5139 sine
1174 5070 1408 5162 periculosam
1434 5067 1520 5140 tore.
1578 5063 1620 5138 Si
1647 5065 1796 5156 pecnnia
1827 5075 1965 5133 tantum
1989 5061 2167 5154 periclita-

140 5172 327 5267 taagistris,
351 5169 425 5242 suis
438 5169 607 5262 exemplis
621 5170 773 5245 diseunt.
824 5171 863 5242 Si
880 5170 960 5242 Dux
975 5173 1014 5242 in
1029 5171 1123 5242 bello
1175 5185 1292 5257 retur,
1318 5168 1440 5240 sarciri
1456 5170 1586 5238 damna
1603 5179 1761 5257 possent3
1789 5189 1885 5234 nunc
1901 5165 2034 5236 ludunt
2050 5164 2087 5233 in
2103 5159 2168 5231 tali

142 5275 316 5369 eligendus
330 5273 394 5357 sit,
418 5271 667 5363 nentoopinor
680 5271 783 5362 eliget
798 5267 1034 5354 Thrasonem,
1061 5273 1124 5367 qui
1172 5274 1397 5358 discrimine,
1422 5270 1487 5342 ubi
1507 5270 1536 5339 si
1558 5267 1645 5362 quid
1668 5290 1768 5336 secus
1785 5267 1930 5353 accidit,
1957 5288 2071 5359 neque
2087 5289 2165 5333 cor-

142 5380 271 5451 adium
293 5398 452 5468 unquam
473 5374 602 5444 viderit
619 5372 891 5464 Imperatorem,
915 5400 1020 5470 quem
1039 5375 1122 5443 imi·
1173 5375 1240 5465 rigi
1258 5388 1452 5468 peccatum,
1477 5395 1592 5465 neque
1606 5367 1728 5439 sarciri
1743 5369 1877 5439 iactura
1893 5382 2018 5462 potest.
2067 5363 2166 5453 Quid

145 5489 286 5567 teretur,
323 5478 385 5548 sed
405 5475 479 5548 suis
500 5476 669 5570 exemplis
689 5477 867 5569 promittit
889 5503 926 5549 se
951 5478 1039 5549 velle
1062 5501 1123 5547 co·
1172 5479 1269 5548 enim
1300 5477 1478 5571 reliquum
1501 5487 1554 5545 est
1579 5468 1719 5542 homini
1741 5471 1868 5542 amissa
1894 5471 1994 5540 vita?
2046 5466 2167 5556 Quare
