4664 6022
146 123 229 199 600
584 112 745 197 DECL.
777 114 853 193 DE
884 108 1340 199 CONIUNCTIONE
1371 110 1754 204 SCHOLARUM.
2108 138 2185 213 610

143 296 238 390 legjs
266 290 526 387 Prophetarum
559 303 594 362 et
620 287 891 384 Apostolorum,
933 315 1023 387 quos
1049 291 1145 363 Deus
1196 289 1254 358 dia
1270 287 1412 360 virtutis
1429 302 1461 360 et
1484 291 1666 364 doctrinae
1688 294 1803 368 lucem
1824 295 1863 370 in
1887 294 2084 380 hacscbols
2099 336 2183 384 rur-

146 396 330 470 Erclesiae
344 393 511 476 tradidit,
536 407 575 465 ut
584 407 756 485 perpetuo
770 393 846 463 eius
860 417 980 465 vocem
996 394 1143 464 audiret.
1195 412 1254 461 sus
1276 391 1447 462 accendit.
1505 388 1668 488 Denique
1691 397 1773 491 quia
1795 405 2002 493 promiserat
2024 407 2120 484 Deus
2142 437 2180 487 se

144 500 255 571 Nune
272 498 380 587 igitur
397 498 440 566 ad
463 496 517 579 id,
550 497 646 590 quod
662 495 819 574 institui,
853 494 992 569 accedo.
1051 493 1143 566 Cum
1195 487 1279 561 huic
1302 493 1417 564 coetui
1441 494 1646 566 adfuturum
1671 520 1762 585 esse,
1794 524 1932 597 semper
1955 511 2065 605 aliqui
2081 531 2181 589 erant

143 598 247 672 Deus
272 600 310 668 in
332 594 492 669 Ecclesia
515 620 653 688 semper
672 610 790 666 extare
806 597 937 667 librum
962 593 1144 690 propheti·
1193 594 1244 685 pii
1262 607 1295 666 et
1306 596 1474 665 salutares
1488 597 1665 683 doctores,
1690 601 1752 693 qui
1765 602 1887 674 florem
1903 614 2025 701 populi
2040 621 2181 690 erudie-

143 726 228 773 cnm
246 713 281 770 et
297 699 529 792 apostolicum
545 699 648 784 velit,
680 712 714 769 et
729 691 796 768 hoc
810 699 939 790 scripto
954 700 1026 790 regi
1043 723 1144 768 men·
1193 696 1290 769 bant.
1349 693 1467 788 Atque
1490 692 1556 768 hac
1579 699 1617 768 in
1642 724 1679 770 re
1701 703 1806 792 digna
1828 721 1879 779 est
1900 714 2181 791 consideratione

143 818 199 875 tes
226 817 382 888 nostras,
421 816 456 873 et
481 800 623 872 accendi
648 801 815 871 noticiam
842 800 971 892 ipsius,
1005 824 1144 892 semper
1192 797 1363 868 successio
1394 822 1601 888 magnorum
1632 802 1803 877 virorum.
1863 807 1957 882 Pene
1979 829 2018 887 ut
2043 818 2083 889 in
2106 824 2180 894 acie

143 929 289 976 necesse
303 919 356 975 est
370 898 508 974 scholas
521 903 658 974 additas
675 925 748 972 esse
760 898 946 987 Ecclesiis‚
972 926 1062 996 quae
1077 905 1143 972 do·
1192 900 1346 970 succedit
1364 899 1466 969 miles
1482 902 1661 991 proximus
1683 905 1720 973 in
1739 907 1868 996 prioris
1883 913 2057 990 interlecti
2074 910 2182 997 vesti.

145 1021 250 1078 ceant
273 1007 408 1090 literas,
442 1019 475 1075 et
497 1027 695 1076 sermonem
723 1004 888 1073 divinum
910 1019 1072 1074 enarrent
1101 1028 1142 1075 ac
1192 1001 1308 1089 glum:
1341 1001 1389 1072 ita
1422 1003 1460 1070 iu
1492 997 1557 1074 hac
1582 999 1699 1074 schola
1730 1031 1801 1078 non
1825 1013 1938 1083 solum
1963 1022 2181 1113 pontificum,

142 1111 437 1201 interpretentur.
497 1103 574 1177 lltsi
592 1108 635 1176 de
652 1129 691 1174 re
709 1106 856 1176 minime
878 1106 985 1177 dubia
1002 1106 1142 1200 loquor,
1192 1104 1251 1170 sed
1282 1104 1385 1174 etiam
1421 1101 1677 1194 Prophetarum
1712 1112 1882 1183 successio
1909 1121 2076 1193 continua
2101 1128 2179 1201 fuit.

142 1226 267 1283 tamen
292 1233 372 1280 curn
393 1208 430 1277 in
451 1221 549 1279 tanto
574 1220 777 1298 contemptu
801 1208 872 1277 sint
891 1208 1031 1293 literae,
1057 1233 1142 1301 pro·
1192 1201 1275 1272 Post
1299 1202 1497 1274 Samuelem
1519 1207 1641 1277 floruit
1663 1205 1824 1293 Nathan,
1850 1217 1978 1289 deinde
1994 1218 2105 1296 Ahias
2121 1228 2181 1301 Si.

142 1308 732 1383 lisiusbacderedicendumest.
785 1304 1009 1400 Acprimum
1027 1305 1141 1380 histo·
1192 1306 1320 1373 lonites
1345 1309 1411 1374 sub
1433 1305 1642 1389 Salomone,
1677 1324 1710 1379 et
1736 1311 1932 1394 leroboam.
1991 1321 2099 1396 Hunc
2125 1354 2181 1401 se-

142 1416 199 1486 ria
224 1414 388 1485 omnium
410 1424 564 1483 aetatum
588 1424 624 1481 et
647 1410 755 1480 series
779 1410 940 1482 omnium
963 1408 1142 1483 Ecclesiae
1192 1420 1324 1499 quotus
1337 1420 1387 1475 est
1404 1405 1585 1480 Hananias
1601 1408 1693 1480 Asse
1706 1424 1873 1504 tempore.
1926 1419 2066 1497 Deinde
2087 1434 2182 1503 exci-

142 1532 350 1610 temporum
380 1514 631 1584 consideretur.
693 1510 735 1582 ln
758 1513 883 1604 politia
904 1511 1022 1607 Moysi
1045 1513 1140 1584 scitis
1191 1522 1284 1578 tatus
1298 1521 1348 1578 est
1364 1504 1478 1613 illias,
1505 1511 1660 1602 quicum
1677 1514 1739 1584 diu
1756 1539 1811 1585 res
1825 1521 1994 1595 maximas
2010 1531 2182 1622 gessisset,

142 1622 192 1691 sd
215 1617 504 1701 tabernaculum,
535 1629 576 1686 ut
599 1615 811 1699 vocabatur,
836 1616 960 1685 classes
977 1618 1140 1686 sacerdo·
1192 1625 1379 1703 antequam
1393 1607 1496 1681 ³D²⁰
1513 1612 1550 1681 5¹¹
1566 1612 1703 1683 009Ῑῦῐῦ
1720 1631 1837 1690 vetius
1852 1638 1920 1709 ²⁸1,
1946 1626 2179 1706 successorem

144 1735 280 1794 tumet
301 1718 506 1791 [levitarum
532 1717 739 1789 constitutas
765 1717 890 1796 fuisse,
926 1741 999 1786 nou
1024 1720 1139 1788 solum
1192 1709 1349 1783 Elisenm
1373 1714 1511 1803 delegit.
1570 1712 1638 1784 Hic
1661 1741 1774 1788 annos
1798 1722 1936 1797 circiter
1961 1736 2180 1824 septuaginta

143 1837 187 1895 ut
219 1822 271 1892 ibi
295 1832 487 1893 mactarent
514 1819 680 1910 pecudes,
712 1819 773 1887 scd
797 1819 912 1889 multo
938 1820 1066 1909 magis,
1100 1833 1141 1889 ut
1191 1838 1263 1884 non
1291 1815 1405 1885 solum
1434 1816 1579 1886 consilia
1614 1820 1799 1912 praecipua
1834 1829 1931 1916 regni
1957 1835 2181 1925 gubernavit,

145 1926 260 2015 legem
280 1924 413 2016 populo
435 1933 659 2005 enarrarent,
684 1922 939 2010 responderent
957 1922 1138 2009 ambigen·
1191 1917 1370 1986 sedetiam
1396 1911 1616 1990 scholasticas
1639 1943 1763 2011 operas
1783 1927 1970 2017 sustinuit,
1996 1959 2076 2004 cum
2099 1962 2179 2010 eum

146 2028 246 2099 tibus
268 2026 415 2105 animis,
447 2023 683 2093 diiudicarent
706 2027 909 2112 dogmatum
935 2036 1140 2093 controv-en-
1190 2041 1315 2108 magna
1331 2019 1525 2112 frequentia
1542 2033 1576 2091 et
1585 2020 1788 2094 assiduitate
1803 2028 2057 2121 discipulorum
2068 2041 2181 2129 agmi-

149 2130 235 2198 sias:
261 2140 302 2197 ut
322 2128 414 2197 clare
431 2138 577 2196 testatur
593 2138 695 2214 caput
715 2123 773 2196 17.
798 2125 835 2192 in
851 2122 1141 2209 Deuteronomio,
1190 2145 1236 2190 na
1253 2121 1381 2213 passim
1405 2135 1631 2194 sectarentur.
1684 2122 1784 2197 Vidit
1806 2124 1902 2201 hunc
1921 2157 2039 2206 senem
2056 2142 2179 2213 adole-

146 2232 248 2326 quod
279 2230 376 2300 iubet
403 2229 533 2298 deferri
571 2226 826 2296 controversias
852 2227 895 2294 ad
932 2229 1140 2313 sacerdotes,
1191 2245 1290 2292 scens
1306 2220 1451 2307 lesaias,
1477 2221 1621 2294 lesaiam
1639 2222 1818 2313 leremias,
1842 2229 2024 2307 ieremiam
2036 2238 2212 2328 Daniel,-

145 2330 346 2412 chiticos‚
372 2344 406 2400 et
420 2333 463 2400 ad
478 2331 594 2399 locum
611 2328 849 2410 tabernaculi,
875 2342 909 2399 et
921 2329 1068 2398 iudicari
1085 2352 1140 2399 res
1190 2321 1375 2395 Danielem
1396 2319 1604 2411 Zacharias,
1634 2322 1841 2399 Zachariam
1856 2329 1988 2408 Esdras
2007 2354 2041 2411 et
2062 2340 2180 2417 Neho-

143 2458 226 2503 uon
243 2458 285 2501 ex
301 2432 455 2503 arbitriis
465 2445 667 2523 potentum,
692 2433 751 2501 sed
769 2454 809 2498 ex
825 2430 900 2520 lege
915 2430 1045 2503 divina.
1087 2428 1140 2500 Ne
1191 2426 1298 2507 mias,
1331 2420 1536 2496 Nehtmiam
1564 2422 1696 2513 Ouiae,
1730 2432 1923 2508 celebratus
1945 2440 1981 2509 in
2004 2437 2181 2519 Ecclesia-

142 2536 263 2625 igitur
295 2535 486 2605 existimate
519 2534 579 2601 illa
606 2535 825 2602 sacerdotum
857 2533 997 2621 agmina
1032 2532 1140 2601 fuisse
1191 2529 1290 2601 stico.
1340 2523 1538 2619 Aliquanto
1554 2543 1632 2621 post
1647 2544 1762 2602 secuta
1780 2549 1861 2606 sunt
1880 2536 2180 2620 Machabaeorum

143 2638 279 2719 otiosa,
314 2650 375 2707 aut
402 2650 540 2708 tantum
567 2634 744 2703 sacrificiis
777 2651 954 2725 occupata.
1021 2632 1141 2704 Maior
1191 2630 1302 2709 bella,
1332 2654 1402 2721 quo
1416 2641 1573 2721 tempore
1587 2635 1781 2704 sacerdotes
1796 2637 1857 2707 diu
1874 2638 1943 2709 iam
1959 2640 2180 2721 ethnicorum

142 2737 299 2809 omnino
314 2762 416 2823 cura,
442 2737 556 2807 maior
581 2737 632 2805 eis
653 2737 765 2805 moles
782 2737 944 2828 imposita
963 2749 1033 2806 erat
1045 2786 1059 2823 ,
1085 2735 1138 2803 vi·
1191 2755 1289 2801 more
1313 2745 1531 2802 certaverant
1552 2733 1746 2805 ambitione
1761 2739 1805 2805 de
1821 2740 2042 2835 principatu,
2066 2765 2101 2820 et
2115 2755 2181 2823 do.

141 2841 278 2913 delicet
299 2853 339 2911 ut
361 2854 475 2910 essent
498 2837 680 2909 doctrinae
703 2839 881 2923 custodes,
906 2853 1011 2932 atque
1030 2840 1140 2906 inter·
1190 2834 1339 2903 ctrinam
1354 2857 1394 2901 ac
1411 2833 1634 2925 disciplinam
1649 2836 1821 2924 flagitiose
1836 2844 2068 2933 neglexerant.
2110 2852 2181 2925 Sed

143 2956 284 3037 pretes,
308 2955 342 3011 et
359 2942 644 3031 gravissimarum
660 2940 978 3009 controversiarum
997 2938 1141 3024 iudices,
1191 2948 1331 3003 exortus
1354 2948 1404 3003 est
1425 2947 1542 3003 tamen
1563 2932 1755 3008 Matathias
1775 2944 1953 3025 sacerdos,
1989 2949 2073 3039 legis
2087 2956 2181 3025 divi.

143 3066 185 3115 ac
202 3043 504 3135 complectebatur
521 3065 644 3111 eorum
669 3041 839 3131 professio
862 3041 1000 3125 literas,
1027 3041 1138 3129 legem
1191 3059 1258 3104 nae
1281 3049 1441 3105 assertor·
1498 3030 1547 3105 Et
1570 3029 1654 3104 huic
1676 3059 1713 3106 se
1732 3040 1834 3110 multi
1860 3046 1910 3131 pii
1932 3049 2181 3132 adiunxerunt.

142 3144 327 3226 divinam,
362 3140 546 3228 historias,
573 3141 836 3213 distinctionem
859 3156 1078 3233 temporum,
1104 3154 1141 3212 et
1191 3132 1386 3230 Aliquanto
1401 3149 1481 3227 post
1495 3137 1639 3208 luerunt
1653 3134 1798 3211 Simeon
1814 3142 2065 3239 etZacharias,
2091 3182 2181 3250 quo-

147 3247 238 3317 snni
263 3247 439 3318 rationem
472 3243 671 3316 constitutis
697 3245 800 3316 metis
826 3268 868 3314 ex
894 3244 1139 3315 observatione
1191 3262 1270 3308 mm
1295 3238 1427 3307 mentio
1449 3236 1486 3305 lit
1512 3237 1549 3305 in
1571 3235 1678 3309 Luca.
1737 3242 1874 3314 Deinde
1897 3245 2076 3341 Baptista,
2102 3272 2181 3349 post

149 3360 311 3421 motuum
342 3347 564 3433 coelestium,
604 3360 752 3419 naturae
778 3345 1065 3439 inquisitionem,
1105 3357 1141 3415 et
1190 3364 1295 3434 quem
1319 3343 1444 3407 docere
1465 3334 1629 3410 Christus
1657 3343 1790 3434 coepit,
1822 3347 1884 3439 qui
1908 3347 2063 3425 scholam
2080 3353 2180 3451 Apo-

144 3463 261 3523 artent
280 3451 472 3536 medicam,
495 3448 650 3543 denique
663 3462 699 3520 et
710 3448 893 3523 musicam.
943 3444 1031 3519 Erat
1046 3448 1140 3517 inter
1191 3442 1362 3510 stolorum
1387 3435 1512 3510 babuit
1536 3441 1726 3515 assiduam·
1785 3444 1960 3524 Recensui
1978 3457 2075 3549 longi
2090 3466 2181 3530 tem'-

143 3550 336 3645 praecipua
361 3575 526 3636 manners,
558 3563 593 3620 et
621 3573 677 3622 res
699 3564 812 3641 gestas
833 3551 872 3619 in
901 3550 1035 3643 populo
1060 3545 1141 3634 Dei,
1191 3542 1286 3634 poris
1301 3542 1447 3625 seriem,
1473 3542 1512 3610 in
1527 3567 1596 3636 qua
1611 3567 1683 3613 non
1698 3549 1813 3618 solnm
1831 3551 1985 3627 iucunda
2001 3573 2181 3637 estrecor-

141 3654 329 3725 bonafide
344 3653 381 3723 in
398 3652 943 3747 publicamonumentarelerre,
964 3650 1054 3724 utin
1069 3647 1139 3720 Ec·
1191 3645 1287 3717 datio
1312 3657 1365 3715 tot
1390 3645 1633 3716 excellentium
1661 3646 1837 3737 virorum,
1876 3661 1935 3724 sed
1973 3662 2077 3731 etiam
2111 3666 2181 3735 alia

142 3756 255 3827 clesia
285 3770 415 3826 extaret
445 3754 614 3824 continua
647 3754 754 3825 series
778 3750 957 3825 historiae.
1015 3750 1139 3821 Voluit
1191 3748 1303 3817 multa
1331 3747 1503 3815 delectare
1533 3749 1608 3839 pias
1631 3765 1765 3822 mentes
1794 3772 1951 3844 possunt.
2010 3760 2182 3837 Videmus

141 3856 246 3931 enirn
266 3854 363 3926 Deus
386 3855 533 3950 posteris
557 3868 728 3927 retroacta
745 3869 902 3948 tempora
921 3855 1039 3925 omnia
1054 3866 1138 3923 nota
1191 3845 1267 3919 Deo
1282 3871 1385 3919 curae
1398 3870 1470 3917 esse
1484 3843 1677 3918 Ecclesiam
1692 3874 1809 3939 suam,
1830 3858 1911 3947 quia
1929 3863 2079 3934 subinde
2095 3867 2182 3937 tales

142 3980 246 4044 esse,
269 3972 310 4029 ut
325 3959 506 4031 doctrinae
519 3958 719 4028 testimonia
733 3971 827 4028 certa
843 3953 1025 4028 haberent.
1064 3954 1140 4025 No·
1191 3950 1223 4020 ci
1244 3949 1495 4040 gubernatores
1517 3950 1672 4035 addidit.
1700 3967 1735 4024 et
1756 3959 1949 4031 manifestis
1969 3966 2180 4039 testimoniis

141 4060 216 4133 luit
239 4062 333 4129 enim
348 4059 733 4150 Deusvagariauimos
754 4074 911 4145 nostros,
938 4060 1139 4149 ignorantes
1190 4052 1380 4122 declaravit
1405 4073 1442 4119 se
1466 4051 1596 4122 adesse.
1646 4052 1820 4128 Videmus
1837 4063 2181 4141 etdoctrinaeauto-

138 4161 277 4233 rnuudi
311 4162 474 4247 initium,
506 4161 690 4252 religionis
721 4162 884 4243 exordia,
915 4158 1140 4252 propagatio·
1191 4155 1329 4224 ritatem
1344 4152 1555 4225 coelestibus
1571 4156 1672 4227 iactis
1687 4159 1926 4234 confirmatam
1944 4191 2029 4239 esse.
2083 4169 2181 4241 Haec

142 4286 256 4348 nau,
277 4263 544 4356 depravationes
568 4278 603 4335 et
624 4263 873 4334 restitutiones.
926 4259 1010 4332 ldeo
1026 4257 1140 4332 histo·
1190 4254 1413 4327 considerare
1434 4254 1629 4345 plurimum
1655 4258 1764 4333 iuvat.
1815 4263 1867 4333 Ac
1884 4268 2013 4337 samnii
2029 4269 2081 4338 illi
2101 4272 2179 4357 viri,

141 4366 240 4439 riam
257 4367 419 4436 omnium
436 4380 635 4459 temporum
652 4367 794 4435 brevem
816 4364 981 4458 quidem,
1007 4365 1067 4434 scd
1084 4384 1139 4432 res
1191 4380 1280 4452 quos
1295 4357 1475 4440 recensui,
1501 4383 1575 4428 non
1590 4372 1728 4430 tautum
1746 4362 1783 4430 in
1805 4366 1901 4435 curia
1919 4368 2081 4442 dicebant
2099 4396 2181 4443 seu-

142 4488 304 4539 summas
320 4468 554 4559 complexam,
573 4491 712 4557 semper
725 4468 762 4535 in
773 4462 929 4536 Ecclesia
944 4480 1060 4536 extare
1076 4488 1139 4533 vo-
1192 4459 1336 4543 teutias,
1367 4460 1429 4527 sed
1455 4460 1615 4555 plerique
1639 4463 1797 4533 assiduos
1832 4482 1949 4537 coetus
1977 4473 2180 4547 auditorum

143 4568 217 4643 luit
244 4582 277 4639 et
300 4569 533 4643 conservavit.
591 4557 691 4657 Quid
713 4569 822 4659 igitur
838 4569 906 4639 fuit
926 4568 1015 4637 illud
1033 4563 1140 4636 colle-
1192 4558 1391 4647 habebant,
1416 4563 1546 4656 quibus
1561 4568 1773 4634 enarrabant
1789 4566 1899 4656 legero
1925 4583 1958 4638 et
1973 4575 2180 4662 promissio-

141 4672 245 4765 gium
263 4670 380 4756 aliud,
404 4671 475 4740 nisi
489 4665 609 4740 schola
624 4694 686 4740 seu
700 4668 891 4740 Academia
905 4670 1038 4759 optime
1054 4690 1140 4738 con·
1191 4685 1254 4734 nes
1269 4661 1428 4733 divinare
1453 4661 1491 4732 id
1507 4666 1602 4756 qnod
1609 4658 1731 4751 Elias,
1751 4660 1882 4749 Ettsei,
1905 4668 2180 4771 loannisBapti·

143 4772 296 4847 stituta?
335 4796 426 4866 quae
451 4772 593 4867 quidem
612 4794 726 4865 usque
753 4773 796 4840 ad
819 4765 1003 4841 Christum
1026 4789 1141 4839 annos
1191 4779 1264 4837 stae
1297 4778 1330 4835 et
1358 4760 1492 4836 Christi
1523 4760 1690 4836 historiae
1720 4768 1837 4857 palam
1864 4774 2067 4847 ostendunt.
2131 4776 2180 4851 Et

141 4874 290 4949 circiter
311 4875 411 4944 mille
433 4872 645 4968 quingentos
666 4873 849 4945 doctrinae
869 4872 1013 4943 divinae
1028 4873 1139 4941 inter·
1192 4864 1321 4939 Ebraei
1344 4867 1532 4938 adfirmant
1552 4864 1690 4963 Moysis
1711 4867 1933 4958 institutum,
1958 4876 2020 4968 qui
2037 4893 2180 4971 septua-

142 4998 230 5071 pres
254 4988 290 5047 et
313 4988 430 5047 custos
451 4975 531 5050 luit.
583 4974 799 5070 Quanquam
814 4974 909 5043 enirn
927 4996 1029 5066 saepe
1044 4971 1140 5043 Pon·
1192 4970 1288 5061 pau
1304 4969 1459 5039 seniores
1482 4967 1584 5059 legit,
1608 4983 1648 5040 ut
1672 4969 1839 5043 scribitur
1853 4971 1892 5044 in
1907 4975 2018 5066 capite
2033 4983 2181 5052 undeci-

144 5078 261 5151 tilices
278 5089 508 5148 exercuerunt
529 5075 774 5171 tyrannidem,
813 5088 847 5146 et
871 5098 1020 5166 magnae
1041 5088 1140 5145 tene·
1193 5096 1252 5140 mo
1273 5068 1529 5155 Numerorum,
1561 5071 1731 5142 mansisse
1760 5075 1803 5142 ad
1832 5100 1973 5146 omnem
1995 5083 2180 5172 posterita-

144 5182 236 5252 brae
258 5179 444 5249 doctrinae
465 5192 609 5271 propter
629 5178 807 5269 ignaviam
827 5179 1047 5248 sacerdotum
1064 5178 1140 5247 fue·
1193 5187 1283 5256 tem,
1307 5172 1415 5266 idque
1430 5171 1679 5244 deindefuisse
1694 5173 1880 5264 collegium
1896 5179 2180 5255 doctissimorum

146 5293 255 5355 runt:
282 5292 401 5351 tamen
417 5280 570 5350 subinde
582 5275 681 5351 Deus
694 5278 852 5351 excitatis
865 5274 1053 5370 Prophetis
1068 5292 1142 5349 stu·
1194 5270 1400 5360 hominum,
1440 5274 1538 5368 qnod
1571 5273 1802 5347 nominarunt
1828 5273 2049 5368 Sanhedrin,
2084 5286 2181 5378 quod

204 5386 384 5453 dissensu.
403 5386 507 5451 Orsa.
535 5385 616 5449 Vos.
634 5385 699 5455 Xl.
1498 5372 1549 5445 39
