4664 6022
152 344 226 417 819
612 339 773 413 onon.
813 335 1188 412 onrouantvn
1219 313 1734 417 nno1ouonran0.
2132 345 2204 418 sao

154 519 191 586 in
213 532 284 588 tam
308 515 409 588 brevi
434 515 526 585 vitae
549 514 745 599 curriculo,
780 514 851 583 nisi
873 515 935 584 illa
957 514 1089 585 mentis
1111 538 1152 584 ae
1203 510 1552 605 Regiomontanurn,
1582 538 1662 583 cum
1695 527 1843 584 naturae
1875 515 2009 605 vim-et
2040 516 2204 588 volunta-

153 621 307 713 pectoris
322 618 487 689 incendia
502 617 599 689 Deus
614 617 807 687 etfovisset
822 630 857 688 et
872 617 1083 688 adiuvisset:
1110 629 1152 687 ut
1204 629 1273 686 tem
1299 617 1531 687 adolescentis
1547 618 1821 697 considerasset,
1848 641 1923 687 non
1947 619 2067 688 solum
2082 610 2203 693 borta-

154 725 243 796 solet
267 724 439 792 immensa
461 721 620 792 bonitate
635 722 679 790 ad
701 720 939 792 restituendas
956 734 991 791 et
1006 744 1150 790 conser-
1204 734 1279 805 tor,
1304 721 1487 791 sedetiam
1511 723 1583 790 dux
1605 721 1672 790 suit
1693 722 1732 788 in
1749 721 1825 811 ipsa
1842 723 1947 815 adyta
1968 722 2203 794 sacratissima

153 829 287 898 vandas
302 841 395 898 artes
412 825 503 893 vitae
518 823 731 895 necessarias
748 824 786 891 in
804 825 903 892 omni
922 846 1048 913 genere
1066 825 1150 894 sub-
1203 818 1331 893 harum
1358 824 1499 894 artium.
1561 820 1702 895 Horum
1731 823 2049 910 consuetudinem,
2079 827 2204 913 studia,

152 931 238 999 inde
254 931 404 1000 excitare
426 943 459 999 et
475 927 644 997 adiuvare
660 927 821 1000 artifices.
874 925 1037 996 Profecto
1052 927 1149 995 enim
1203 926 1395 996 certamina
1412 928 1497 998 dum
1515 927 1644 1017 cogito,
1659 920 1798 995 veteres
1809 929 1915 996 etiam
1929 923 2072 998 scholas
2090 943 2203 999 mente

117 1031 119 1043 '
152 1031 220 1103 Dei
243 1033 396 1115 aeterni,
428 1032 491 1124 qui
513 1033 594 1099 fons
616 1043 668 1100 est
694 1029 904 1121 sapientiae,
938 1029 1148 1098 heneficium
1203 1028 1364 1114 intueor,
1390 1054 1542 1124 quarum
1565 1029 1748 1119 diligentia
1778 1025 1844 1099 hae
1873 1044 1966 1101 artes
1992 1028 2204 1123 propagatae

153 1150 215 1221 est,
237 1132 366 1205 artium
384 1147 418 1203 et
431 1133 675 1204 doctrinarum
690 1133 728 1200 in
745 1155 872 1221 genere
888 1125 1047 1202 humano
1064 1155 1150 1200 con·
1203 1146 1297 1202 sunt.
1341 1132 1402 1203 Sic
1417 1126 1616 1213 Theletem,
1644 1130 1828 1203 Melonem
1853 1147 1887 1202 et
1914 1127 2113 1204 Eudoxum
2129 1159 2205 1205 ern-

152 1238 317 1311 servatio.
358 1236 453 1307 lluic
469 1237 579 1327 igitur
594 1236 724 1326 gratias
740 1259 899 1324 agamus,
926 1234 1078 1304 subinde
1090 1259 1151 1303 re-
1203 1235 1346 1305 dierunt
1367 1237 1564 1306 sacerdotes
1586 1232 1772 1330 Aegyptii,
1808 1231 1982 1306 Eudoxus
2003 1234 2205 1313 Platonem.

152 1342 313 1412 stituenti
334 1343 451 1431 lucem
468 1339 733 1423 doctrinarum,
759 1351 794 1407 et
810 1361 968 1421 oremus,
993 1361 1039 1406 ne
1057 1338 1151 1407 sinat
1202 1337 1262 1408 Sic
1276 1352 1379 1409 antea
1396 1334 1497 1408 Atlas
1514 1337 1645 1408 dicitur
1655 1333 1789 1410 Orioni
1804 1331 1896 1409 hanc
1912 1339 2122 1410 doctrinam
2138 1355 2205 1413 trs-

143 1468 228 1515 ·eam
252 1443 420 1534 extingui.
473 1441 561 1512 Vult
584 1455 700 1512 autem
723 1442 767 1509 ad
785 1464 883 1510 suam
901 1440 1148 1511 liberalitatem
1203 1440 1351 1511 didisse:
1385 1442 1458 1510 imo
1483 1453 1522 1511 ut
1537 1440 1716 1526 existimo,
1743 1441 1792 1509 sic
1813 1439 1977 1532 longaevi
2001 1442 2063 1512 illi
2086 1445 2205 1535 primis

152 1548 256 1617 etiarn
275 1549 441 1616 accedere
457 1544 673 1615 mediocrem
695 1544 734 1612 in
759 1544 863 1612 nobis
878 1543 1101 1634 diligentiam
1117 1554 1150 1612 et
1204 1545 1330 1614 mundi
1356 1544 1596 1636 temporibus,
1621 1542 1757 1629 Adam,
1784 1538 1904 1630 Noha,
1930 1543 2038 1631 Sem,
2067 1542 2200 1640 loseph,

151 1650 392 1720 sedulitatem:
420 1649 498 1719 vult
514 1672 588 1716 non
604 1647 755 1717 fastidiis
772 1659 805 1715 et
822 1660 1027 1738 contemptu
1043 1645 1148 1715 abiici
1202 1647 1352 1739 posteris
1369 1643 1462 1715 hanc
1482 1646 1680 1716 doctrinam
1702 1646 1945 1728 tradiderunt,
1970 1672 2012 1717 ac
2034 1651 2195 1741 possessio

151 1776 212 1822 sua
236 1776 405 1835 munera,
439 1753 534 1844 quod
558 1751 597 1819 in
623 1750 789 1842 parabola
811 1750 856 1818 de
885 1749 1149 1838 negotiantibus
1202 1751 1278 1820 eius
1291 1751 1330 1818 in
1346 1743 1508 1844 Aegypto
1526 1762 1661 1821 retenta
1677 1763 1730 1819 est
1744 1749 1828 1818 inde
1841 1773 1955 1845 usque
1976 1747 2150 1844 aloseph
2163 1754 2199 1822 ad

153 1856 257 1926 etiam
291 1856 329 1923 in
361 1867 569 1943 argumento
599 1853 761 1944 graviore
787 1851 1016 1941 significatur.
1075 1849 1148 1921 Nec
1202 1851 1395 1923 Ptolemaei
1424 1864 1594 1936 aetatem,
1628 1864 1662 1921 et
1690 1851 1872 1946 aliquanto
1906 1853 2090 1946 amplius,
2130 1857 2203 1949 plus

151 1960 304 2028 absurde
329 1958 466 2036 dictumw
488 1971 539 2026 est
561 1981 580 2024 a
605 1956 753 2025 Platone
776 1955 839 2027 lib.
864 1951 901 2024 4.
928 1956 971 2022 de
993 1955 1146 2040 legibus:
1202 1958 1343 2026 duobus
1367 1955 1527 2024 millibus
1550 1978 1740 2027 annorum.
1793 1952 1967 2026 Tamdiu
1989 1959 2202 2030 stabilemet

151 2056 203 2141 ὥς
219 2056 308 2140 θεὸς
325 2053 397 2152 μὲν
412 2054 476 2130 καὶ
491 2053 618 2154 καιρὸς
633 2053 681 2130 τὰ
697 2051 925 2152 ἀνθρώπινα
946 2051 1149 2152 ὃιακαβερ-
1202 2073 1330 2130 certam
1349 2053 1434 2128 huie
1449 2057 1633 2128 doctrinae
1648 2059 1767 2127 sedem
1782 2052 1881 2129 Deus
1897 2061 2090 2148 attribuit,
2116 2063 2201 2132 inter

68 2173 72 2178 ’
150 2168 246 2236 auios
261 2156 481 2257 ξύμπαντα,
506 2153 744 2256 ἡμερώτερον
757 2155 835 2254 μὴν
851 2153 982 2254 τρίτον
1004 2160 1148 2258 ξυγχαν
1202 2163 1317 2231 varias
1349 2155 1637 2229 monarchiarum
1667 2160 1896 2236 mutationes.
1957 2161 2035 2234 Sed
2061 2188 2100 2235 ea
2122 2181 2198 2236 tunc

151 2271 263 2365 ρῆσαι
284 2259 429 2347 τούτοις
449 2261 531 2337 δεῖν
549 2263 706 2335 ἕπεσθαι
726 2258 870 2355 τέχνην.
898 2263 935 2331 id
951 2276 1019 2333 est:
1048 2265 1148 2334 Deus
1201 2265 1268 2334 luit
1284 2265 1555 2357 praecipuorum
1572 2257 1846 2333 monarcbarum
1862 2264 2057 2356 sapientia,
2079 2282 2194 2339 utnon

150 2372 313 2464 quidem,
341 2385 373 2440 et
392 2369 547 2447 occasio,
574 2366 733 2436 universi
751 2366 867 2456 operis
890 2389 1064 2436 summam
1082 2388 1147 2456 gu·
1201 2392 1281 2437 cum
1297 2367 1451 2451 artibus,
1478 2367 1540 2435 sed
1563 2390 1642 2435 cum
1661 2361 1823 2437 hostibus
1845 2367 1938 2437 bella
1958 2372 2110 2459 gerenda
2124 2394 2188 2440 esse

30 2544 35 2555 ,
150 2474 293 2543 bernat:
321 2475 382 2542 sed
398 2486 514 2542 tamen
531 2470 703 2563 placidius
718 2483 780 2554 est,
807 2470 1010 2553 concedere,
1036 2482 1147 2538 artem
1200 2470 1349 2555 scirent,
1377 2482 1410 2539 et
1432 2471 1471 2536 in
1487 2469 1613 2538 mediis
1628 2469 1731 2538 bellis
1746 2469 1929 2539 literarum
1949 2473 2140 2559 domicilia,
2160 2487 2192 2544 et

149 2575 566 2670 quoqueadiungendam
584 2597 667 2656 esse,
692 2585 731 2642 ut
748 2574 786 2641 in
803 2571 905 2657 navi3
932 2571 997 2640 etsi
1014 2584 1148 2663 tempe·
1200 2575 1387 2643 doctorum
1410 2585 1530 2642 coetus
1553 2584 1791 2663 protegerent.
1842 2570 1950 2643 Nunc
1973 2573 2193 2668 prohdolor,

148 2693 220 2748 stas
234 2679 451 2760 dominatur,
477 2688 595 2746 tamen
610 2700 684 2744 non
701 2677 773 2745 sint
789 2675 896 2745 ociosi
914 2675 1073 2764 remiges,
1098 2675 1146 2742 ita
1202 2690 1348 2766 vagatur
1363 2669 1449 2745 haec
1465 2675 1637 2766 sapientia
1661 2676 1738 2745 sine
1761 2675 1922 2766 patronis
1949 2690 1985 2748 et
2017 2681 2097 2752 sine
2116 2693 2191 2751 certa

137 2795 186 2858 et
215 2804 364 2850 munera
388 2779 510 2847 divina
540 2793 744 2849 reverenter
772 2777 1004 2867 accipiamus,
1037 2790 1072 2846 et
1097 2777 1147 2844 eis
1199 2781 1299 2862 sede,
1334 2793 1373 2847 ut
1395 2777 1563 2850 interitus
1586 2772 1712 2847 barum
1737 2779 1868 2848 artium
1900 2787 2124 2854 metuendus
2148 2784 2185 2854 sit.

149 2884 306 2955 studiose
328 2882 509 2964 fruamur,
537 2904 647 2974 eaque
672 2894 816 2972 propter
838 2879 987 2969 gloriam
1016 2875 1085 2947 Dei
1114 2892 1147 2947 et
1200 2880 1272 2952 Sed
1290 2878 1406 2951 Deum
1420 2893 1580 2949 autorem
1600 2904 1752 2961 oremus,
1777 2905 1822 2948 ne
1839 2905 1899 2950 sua
1915 2908 2075 2956 munera
2097 2888 2179 2981 perire

149 3008 373 3056 communem
393 2984 593 3067 utilitatem,
617 2997 790 3076 quantum
805 2982 976 3051 mediocri
992 2981 1147 3071 diligen·
1200 2985 1301 3057 sinat.
1353 2982 1444 3054 Cum
1467 2998 1582 3054 autem
1604 3007 1740 3053 summa
1765 2997 1853 3052 esset
1875 2985 2110 3063 familiaritas
2125 3012 2185 3057 cun

150 3091 198 3160 tia
212 3109 418 3179 possumus,
447 3100 620 3167 tueamur,
647 3099 688 3156 ut
702 3085 871 3175 scriptum
889 3098 958 3154 est:
986 3080 1066 3153 Hoc
1081 3086 1146 3154 tta-
1199 3081 1444 3167 Purbaecbio,
1472 3100 1507 3156 ct
1530 3087 1670 3156 assidua
1690 3085 1947 3159 sententiarum
1968 3093 2121 3166 collatio
2134 3091 2184 3160 cir·

148 3192 292 3281 gitatur,
317 3204 358 3261 ut
373 3190 492 3259 fideles
510 3189 630 3275 simus,
653 3201 759 3282 atque
772 3183 838 3257 hac
855 3189 929 3278 ipsa
943 3188 980 3254 in
996 3210 1035 3255 re
1050 3183 1146 3256 hunc
1200 3191 1286 3260 citer
1301 3190 1534 3275 decennium,-
1558 3190 1689 3260 multas
1704 3192 1871 3260 obscuras
1892 3195 2091 3279 materias,
2115 3193 2185 3266 utht

147 3291 475 3385 Regiomontanum
491 3292 690 3362 imitemur:
719 3292 776 3361 cui
795 3314 875 3359 eum
890 3287 987 3360 Deus
1011 3290 1145 3379 ingenii
1200 3287 1310 3365 σύατε
1331 3287 1414 3364 dciur
1443 3288 1661 3386 ἀρχομένω,
1695 3294 1894 3379 illustrant,
1927 3296 1987 3365 vel
2015 3301 2189 3371 observant

149 3411 185 3467 et
207 3396 366 3488 eorporis
389 3396 481 3464 vires
503 3395 652 3466 discenti
676 3394 909 3478 necessarias,
942 3410 1146 3484 praecepto·
1200 3409 1338 3474 motus,
1365 3420 1405 3464 ae
1421 3391 1696 3487 deprehendunt
1710 3394 1837 3466 Martis
1858 3408 2002 3468 motum
2020 3426 2102 3472 uon
2123 3422 2190 3471 con·

148 3525 223 3570 rem
238 3499 484 3582 excellentem,
506 3498 617 3568 libros
633 3497 834 3569 studiorum
849 3497 962 3567 socios
978 3496 1146 3581 dedisset,
1198 3522 1323 3589 gruere
1338 3500 1381 3566 ad
1401 3499 1559 3584 tabulas,
1584 3503 1643 3569 sed
1662 3502 1815 3568 duorum
1841 3523 2114 3597 nonnunquam
2128 3526 2190 3594 gra·

147 3599 211 3673 has
228 3602 429 3672 occasiones
446 3624 521 3671 non
538 3601 712 3690 neglexit,
737 3623 812 3668 non
826 3611 867 3670 ut
881 3599 986 3671 multi
1002 3599 1064 3669 alii
1081 3625 1146 3669 vo·
1198 3606 1311 3672 duum
1335 3625 1492 3671 errorem
1513 3625 1597 3672 esse.
1659 3600 1842 3693 Incipiunt
1863 3602 1976 3692 igitur
2000 3608 2190 3679 tabularum

148 3707 300 3797 luptates
318 3717 353 3774 et
366 3704 553 3795 pecuniam
569 3703 755 3793 praetulit,
780 3703 841 3771 sed
855 3703 1022 3772 omnibus
1045 3701 1145 3792 inge-
1198 3704 1494 3774 emendationem.
1557 3703 1664 3775 Forte
1697 3702 1907 3788 Bessarion,
1943 3708 2005 3778 vir
2032 3706 2192 3790 Graecus,

147 3808 201 3877 nii
225 3820 332 3901 atque
355 3803 467 3875 animi
488 3806 626 3876 viribus
649 3807 687 3874 in
712 3799 798 3875 haec
822 3806 937 3876 studia
970 3805 1146 3891 incubuit,
1197 3807 1358 3879 doctrina
1377 3808 1568 3892 excellens,
1594 3832 1676 3877 cum
1695 3821 1785 3877 esset
1799 3804 2025 3896 Cardinalis,
2054 3828 2142 3884 tunc
2157 3811 2191 3881 ad

148 3911 324 4004 quaesivit
345 3910 480 4002 ubique
496 3909 672 3989 eruditos,
698 3931 851 4001 quorum
872 3908 1044 4000 sapientia
1061 3933 1143 3978 eru·
1198 3910 1418 3981 Fridericum
1442 3912 1693 4001 imperatorem
1707 3908 1964 4002 Legatuserat.
2011 3911 2192 3987 lscumde

148 4014 303 4084 direturt
331 4025 364 4082 et
381 4012 556 4097 vicissim,
583 4026 755 4106 quantum
773 4011 907 4103 potuit,
932 4011 1006 4080 suis
1025 4011 1144 4102 operi·
1197 4011 1394 4083 Ptolemaei
1409 4013 1569 4083 doctrina
1586 4009 1849 4085 Purbaecbium
1871 4014 1985 4086 multa
2004 4018 2192 4090 sciscitatus

145 4119 214 4187 bus
238 4129 330 4185 artes
351 4114 554 4189 illustravit.
607 4114 728 4204 Quare
748 4128 783 4185 et
800 4113 875 4185 Deo
902 4136 1043 4204 agamus
1064 4136 1143 4202 gra·
1197 4129 1296 4200 esset,
1322 4128 1358 4184 et
1373 4116 1615 4186 dexteritatem
1632 4117 1708 4187 eius
1723 4118 1762 4185 in
1776 4116 1986 4206 explicando
2004 4122 2192 4191 admirare·
2233 4170 2235 4177 -

146 4221 227 4305 tias,
242 4217 305 4313 qui
318 4211 405 4285 haec
421 4241 485 4288 sua
501 4243 646 4288 munera
663 4242 738 4288 non
754 4216 903 4287 omnino
921 4215 1034 4307 perire
1047 4216 1143 4301 sinit,
1196 4230 1273 4298 tur,
1299 4216 1426 4309 petivit
1450 4219 1495 4288 ab
1518 4243 1559 4289 eo
1569 4274 1580 4311 ,
1605 4233 1645 4290 ut
1657 4215 1849 4310 Epitomen
1874 4240 2113 4313 componeret
2127 4224 2193 4295 eius

147 4337 182 4392 et
210 4321 450 4400 voluntatem,
487 4321 722 4392 intentionem
757 4334 792 4390 et
827 4318 1076 4388 adsiduitatem
1103 4319 1141 4387 in
1195 4320 1298 4405 libri,
1324 4320 1383 4391 cui
1406 4321 1532 4392 titulus
1555 4335 1607 4390 est
1625 4314 1768 4421 μεγάλη
1794 4312 1978 4404 σύνταξις.
2043 4324 2086 4395 ld
2112 4349 2191 4420 opus

143 4423 432 4514 Regiomontano
461 4423 662 4496 laudemus:
691 4445 778 4517 quas
799 4421 910 4512 ipsius
932 4420 1081 4490 virtutes
1104 4435 1143 4492 ut
1194 4424 1434 4515 interruptum
1478 4436 1593 4501 morte
1631 4419 1845 4496 Purbaecbii
1884 4421 2192 4516 Regiomontanus

143 4528 294 4621 propius
310 4526 504 4618 aspiciatis,
530 4528 656 4598 itinera
680 4525 757 4594 eius
773 4523 982 4613 cognoscite.
1036 4521 1142 4595 Postu
1194 4527 1364 4597 absolvit:
1400 4526 1483 4619 quia
1516 4538 1556 4596 ut
1591 4525 1666 4617 ipse
1700 4541 1840 4611 narrat,
1871 4528 2077 4602 moriturus
2110 4530 2190 4602 Pur·
2233 4612 2235 4619 Ι

145 4655 254 4725 quam
276 4631 316 4698 in
337 4629 449 4719 patria
468 4627 734 4700 Grammaticen
751 4625 894 4711 didicit,
921 4649 1009 4716 puer
1023 4622 1149 4698 adbuc'
1193 4624 1380 4709 bacchius,
1420 4627 1516 4698 inter
1551 4643 1704 4699 extrema
1737 4631 1902 4700 mandata
1935 4630 1975 4700 id
2011 4634 2189 4724 petiverat.

144 4732 310 4804 venitin
332 4730 561 4801 Academiam
593 4729 799 4826 Lypsicam,
837 4729 900 4800 ubi
924 4726 1140 4800 Dialecticen
1195 4731 1275 4822 Qua
1290 4733 1329 4800 in
1351 4754 1389 4800 re
1407 4731 1509 4798 valde
1529 4731 1733 4802 mirandum
1753 4745 1824 4812 est,
1848 4745 1934 4801 tunc
1951 4734 2032 4805 sine
2051 4734 2190 4807 Graecis

144 4850 177 4907 et
194 4836 368 4904 elementa
385 4835 424 4904 in
442 4830 624 4927 sphaerica
637 4833 840 4904 avidissime
860 4832 1021 4925 arripuit.
1068 4832 1139 4906 Sed
1192 4835 1353 4906 lontibus
1369 4834 1581 4903 sententiam
1599 4857 1658 4903 eos
1674 4859 1715 4903 ex
1739 4834 1811 4903 illis
1827 4832 2002 4907 Arabicae
2021 4839 2189 4910 versionis

142 4952 273 5010 natura
307 4939 459 5028 flagrans
489 4936 649 5005 discendi
687 4936 897 5027 eupiditate,
937 4937 1140 5030 requirebat
1191 4936 1347 5008 tenebris
1364 4959 1486 5005 eruere
1504 4935 1672 5027 potuisse.
1717 4935 1755 5005 ld
1771 4961 1855 5006 vero
1871 4936 1948 5008 fieri
1966 4964 2188 5039 nequaquam

141 5037 251 5113 h'uius
274 5042 385 5111 studii
410 5041 516 5108 duces
542 5063 582 5109 ae
605 5037 720 5108 socios
743 5036 975 5130 pulcherrimi
996 5039 1138 5119 laboris,
1191 5038 1382 5130 potuisset,
1404 5038 1473 5107 nisi
1496 5051 1642 5130 propter
1667 5062 1835 5129 magnum
1850 5061 1956 5111 usum
1977 5043 2019 5113 in
2034 5058 2112 5117 toto
2132 5045 2188 5115 illo

142 5159 177 5216 et
193 5143 369 5214 Viennam
393 5139 555 5213 audierat
575 5140 802 5233 praecipuum
827 5166 900 5212 esse
915 5140 1136 5209 domicilium
1188 5142 1320 5213 artium
1338 5141 1425 5210 orbe
1448 5143 1768 5213 demonstrationes
1789 5141 1839 5212 eis
1862 5143 2011 5228 obviae,
2039 5162 2075 5219 et
2094 5148 2190 5219 facile

142 5241 250 5317 huius
271 5236 535 5331 Philosophiae.
589 5243 710 5335 Quare
736 5244 773 5313 in
802 5243 984 5314 Austriam
1012 5244 1137 5312 admo·
1188 5241 1426 5337 penetrabiles
1447 5243 1607 5317 luissent.
1659 5245 1730 5317 Sed
1744 5258 1864 5315 tamen
1880 5240 1948 5316 hoc
1968 5248 2090 5341 ipsum
2105 5272 2188 5344 opus

142 5350 228 5419 dum
260 5344 463 5417 adolescens
494 5348 739 5438 proficiscitur.
798 5342 856 5415 Ibi
881 5344 1020 5415 invenit
1044 5344 1136 5415 Pur·
1186 5345 1497 5435 Regiomontanus
1519 5360 1637 5438 postea
1652 5345 1810 5428 Romae,
1836 5373 1915 5418 cum
1941 5348 2084 5423 Graece
2100 5353 2186 5421 didi·

141 5445 327 5521 bacchium
351 5446 545 5533 Bavarum,
579 5448 903 5540 ingeniosissimum
930 5449 1068 5531 virum,
1101 5464 1135 5519 et
1188 5449 1307 5531 cisset,
1334 5442 1572 5520 etTheonem
1590 5452 1786 5535 conferret,
1814 5454 2034 5525 emendavit.
2087 5452 2185 5528 Extat

140 5568 249 5626 aetate
281 5575 321 5622 ac
356 5552 544 5622 autoritate
575 5553 773 5623 florentem.
834 5548 904 5621 llic
933 5549 1134 5642 complexus
1185 5549 1348 5645 Epistola
1359 5547 1637 5640 Regiomontani
1652 5551 1756 5643 plena
1771 5554 1924 5646 pietatis,
1943 5554 1986 5626 in
2000 5582 2076 5653 qua
2090 5582 2183 5653 prae·
