4664 6022
132 326 209 405 w
580 303 743 385 unct„
780 297 860 377 DE
888 293 1075 379 meto
1106 296 1302 379 esunt:
1341 293 1494 373 DEUS
1522 293 1635 373 EST
1661 314 1747 377 etc.
2106 296 2169 375 ill

134 523 249 580 ιιιιιιιι
273 498 393 573 mum
415 486 603 563 Christum
628 482 843 577 planiorem
864 471 1072 561 constituit,
1104 487 1139 546 et
1186 486 1365 547 certarnen
1380 485 1416 542 et
1430 469 1469 540 in
1484 469 1596 541 adem
1609 470 1742 553 mittit,
1762 468 1827 541 ubi
1839 469 1931 541 alios
1939 466 1982 542 in
1999 470 2071 543 alia
2086 488 2172 565 parte

135 604 333 684 Ecclesiam
349 596 420 668 sibi
436 608 619 664 aeternam
633 611 674 656 ac
686 580 942 654 haereditatem
955 578 1032 648 blio
1054 599 1141 647 soce
1187 573 1458 669 gubernationis
1480 573 1573 647 vitae
1594 596 1756 645 exercere
1774 586 1915 665 oportet
1929 574 2062 661 lideru,
2084 576 2175 647 iuro-

135 704 324 798 Eraugelii
346 699 497 788 colligit.
548 691 713 782 Denique
733 684 832 779 quod
847 684 887 751 iu
903 705 983 771 meo
999 694 1141 773 pectore
1188 679 1385 758 cntionem,
1419 677 1606 765 timorem,
1641 676 1895 748 obedientiam.
1959 673 2064 748 Haec
2084 678 2190 751 initis·

139 807 331 901 Evangelii
362 805 480 873 lucem
512 794 686 867 accendit.
745 785 794 857 Et
819 810 902 869 oro,
934 798 975 853 ut
996 796 1143 874 propter
1189 808 1235 853 au
1251 782 1290 849 in
1308 793 1449 873 pectore
1463 793 1527 849 too
1543 802 1685 848 accensa
1702 778 1793 863 sint,
1823 777 2014 848 manifeste
2032 780 2175 851 iudicare

140 917 256 986 blium
285 932 392 980 suum
420 899 621 975 Dominum
652 893 770 963 lesum
802 882 987 959 Christum
1028 907 1143 954 meam
1191 898 1301 978 potes.
1359 880 1456 965 Scis,
1485 905 1533 950 an
1557 894 1596 950 ut
1611 878 1785 974 Cyclopes
1801 895 1864 953 aut
1882 876 2080 972 Epicurei,
2103 906 2176 953 tou·

141 1030 319 1098 mentem,
345 1031 490 1088 ιιιιειιι,
514 1001 651 1082 studia,
676 992 826 1065 consilia
843 992 979 1068 anania,
1005 986 1144 1079 Spiritu
1192 1005 1328 1059 temnas
1343 982 1473 1055 Deum:
1500 1007 1547 1052 an
1559 983 1853 1074 utaliisnperbi,
1873 979 2176 1077 quiPhilosopho

144 1144 209 1191 suo
226 1130 348 1187 sancto
362 1112 560 1203 gubernet,
584 1101 673 1169 sieut
685 1094 852 1189 promisit
862 1090 971 1162 iilius:
998 1088 1144 1178 Quanto
1193 1112 1273 1159 rum
1290 1086 1478 1178 opiniones
1493 1088 1537 1155 de
1551 1082 1628 1154 Deo
1643 1098 1782 1165 amant,
1807 1085 2014 1175 asperneris
2030 1083 2177 1177 Evange-

148 1222 259 1313 stragis
269 1233 369 1310 pater
387 1227 505 1283 cester
519 1195 968 1285 coelestisdabitSpiritum
984 1205 1145 1261 sanctum
1195 1192 1295 1261 linui.
1355 1189 1415 1259 An
1441 1212 1524 1257 vero
1551 1181 1642 1256 hauc
1670 1211 1780 1257 unam
1805 1187 2011 1257 doctrinam
2040 1192 2087 1259 de
2107 1186 2191 1274 Dm.

146 1320 378 1419 petentibus?
429 1312 527 1383 llaec
545 1320 647 1383 rota,
673 1325 764 1394 qnae
779 1322 881 1387 saepe
894 1295 1054 1387 qnotidie
1072 1316 1142 1359 me·
1196 1316 1259 1385 per
1282 1284 1497 1382 Prophetas,
1527 1284 1711 1361 Christum
1741 1302 1772 1357 et
1798 1288 1998 1380 Apostolos
2022 1314 2177 1384 propaga·

148 1454 230 1497 eum
247 1436 390 1514 repeto,
416 1437 513 1486 rrurtc
529 1411 622 1479 clara
637 1427 722 1473 voce
745 1401 783 1468 in
799 1396 956 1467 Ecclesia
972 1394 1040 1467 Dei
1058 1394 1148 1462 reci·
1196 1410 1287 1476 ιιιιι,
1313 1416 1430 1461 veram
1448 1415 1522 1460 esse
1538 1403 1686 1476 statuas,
1710 1405 1806 1461 etan
1818 1415 1893 1459 eam
1909 1416 2085 1463 normam
2099 1394 2177 1489 sequi

150 1546 207 1611 to,
241 1540 281 1598 ut
305 1548 370 1614 pro
393 1529 508 1589 meet
533 1535 598 1602 pro
627 1530 700 1575 sese
725 1500 856 1591 singuli
882 1523 960 1568 meo
987 1496 1147 1586 exemplo
1199 1495 1284 1564 velis
1308 1495 1346 1562 iu
1367 1495 1432 1565 liei
1451 1494 1676 1563 invocatione
1697 1492 2056 1571 etcaeterisofficiis.
2103 1494 2177 1569 llaec

150 1635 246 1703 idom
267 1636 475 1720 precentur,
501 1630 541 1685 ut
555 1613 650 1681 iilius
667 1606 733 1679 Dei
756 1602 926 1696 peculiari
943 1597 1150 1691 promissio·
1200 1596 1371 1683 intelligi,
1394 1595 1490 1665 cerni
1509 1609 1543 1665 et
1557 1595 1707 1665 iudicari
1727 1610 1884 1686 possunt.

152 1762 197 1805 ne
226 1747 452 1802 ιιιιιιιιιιιιιιιιιι
484 1714 722 1811 precationem
748 1704 909 1787 ornarit,
941 1704 1079 1772 dicens:
1110 1698 1150 1769 Si
1302 1696 1425 1789 ltaque
1453 1698 1515 1768 ubi
1547 1697 1616 1767 iam
1642 1712 1726 1768 sunt
1758 1693 1843 1767 haec
1868 1698 2016 1769 semina
2047 1700 2189 1791 pietatis,

153 1842 226 1906 cluo
245 1860 288 1903 ex
313 1829 414 1899 vobis
437 1815 684 1894 consenseriut
704 1812 743 1878 iu
764 1824 874 1889 terra,
902 1803 1071 1898 quiequid
1091 1825 1152 1891 pe·
1200 1803 1282 1896 qnia
1314 1800 1502 1870 difficultas
1527 1799 1794 1888 gubernationis
1822 1800 1938 1886 vitae,
1966 1816 2018 1872 -et
2047 1804 2179 1895 perieub

154 1954 248 2020 ιιιιι,
274 1933 419 2005 dabitur
434 1927 486 1995 eis
502 1948 521 1991 a
539 1933 637 2011 patre
652 1939 730 1982 meo
746 1908 899 1980 coelesti.
1201 1902 1371 1997 paulatim
1393 1902 1503 1993 magis
1526 1903 1814 1994 conspiciuntur,
1836 1903 2048 1973 multorum
2068 1906 2180 1977 animos

259 2036 362 2107 Νιιιιι·
382 2030 487 2098 verrio
508 2020 715 2091 adulteram
741 2015 811 2079 mei
829 2008 986 2079 muneris
1005 2019 1152 2098 partem.
1201 2009 1251 2078 ita
1268 2007 1456 2094 frangunt,
1480 2018 1523 2077 ut
1543 2007 1696 2097 quadam
1720 2004 1872 2075 mollitie
1885 2005 2069 2080 abiiciunt
2084 2010 2180 2097 lidan,

155 2146 269 2231 ὃιιιΊιιι
292 2151 408 2207 ranem
423 2131 466 2199 ad
483 2150 537 2193 me
552 2117 808 2192 consolandum
824 2126 858 2182 et
871 2109 1154 2181 confirmandum
1202 2121 1238 2177 et
1258 2103 1323 2175 hos
1344 2130 1489 2191 magnos
1508 2108 1666 2192 labores,
1691 2131 1781 2200 quos
1794 2104 1984 2178 Ecclesiae
2005 2108 2179 2204 propositos

157 2244 272 2331 cogito
307 2234 410 2309 l’anli
439 2231 596 2306 dic-trun,
627 2221 724 2314 quod
755 2229 849 2285 extat
873 2214 910 2281 in
938 2211 1084 2303 epistola
1108 2208 1154 2277 ad
1204 2209 1337 2278 vident.
1399 2206 1469 2281 llic
1495 2233 1635 2278 necesse
1663 2222 1717 2279 est
1747 2210 2009 2297 languentibus
2034 2212 2178 2286 auxilior

159 2342 424 2435 Philippenses:
465 2330 562 2401 Deus
584 2341 652 2405 est,
688 2319 750 2413 qui
774 2316 881 2387 efficit
903 2316 940 2382 in
963 2313 1086 2395 nobis,
1113 2322 1156 2379 ιιι
1205 2311 1408 2394 ostendere,
1432 2324 1466 2380 et
1483 2311 1697 2402 trepidantes
1713 2312 1937 2388 confirmare.

159 2448 294 2521 velitis,
321 2456 353 2511 et
369 2453 407 2509 ut
425 2429 631 2529 perficiatis,
654 2437 693 2494 ιιι
707 2423 827 2511 aliqua
842 2417 910 2507 ipsi
924 2430 1019 2505 grata
1035 2414 1130 2483 fiant.
1306 2411 1367 2482 Sic
1395 2436 1478 2502 ergo
1510 2407 1603 2482 hanc
1631 2413 1733 2484 Pauli
1763 2416 1984 2486 senteutiam
2010 2420 2176 2503 audiamus.

264 2546 358 2617 llaec
374 2535 547 2611 sententia
563 2553 642 2598 crim
658 2521 746 2593 mihi
763 2520 959 2591 admodum
973 2512 1156 2586 familiaris
1206 2538 1280 2585 non
1310 2528 1350 2585 ut
1378 2516 1529 2584 stoicum
1557 2516 1690 2585 dictum
1723 2517 1905 2585 deterrens
1928 2543 2026 2605 rios,
2056 2524 2176 2617 nequii

159 2656 226 2733 sit,
255 2672 350 2717 ιιιιιιι·
369 2663 510 2737 «piceique
532 2639 575 2705 de
590 2640 797 2719 acrgumeuto
815 2621 980 2711 cogitanti
1004 2642 1076 2687 sese
1090 2617 1155 2683 ols-
1207 2639 1369 2707 agamus,
1396 2619 1457 2687 sed
1473 2630 1512 2687 ut
1526 2618 1803 2687 consolationem
1817 2618 1856 2687 in
1873 2623 2042 2693 maxima
2058 2624 2174 2695 diffind-

162 2754 254 2825 tulit.
308 2750 430 2835 Qrirue
448 2764 526 2810 curu
545 2726 821 2807 corisolationem
839 2740 869 2793 et
887 2719 976 2790 mihi
993 2736 1026 2790 et
1041 2717 1158 2787 omni-
1208 2733 1276 2790 tate
1293 2719 1559 2809 gubernationis
1582 2721 1693 2803 vitae,
1723 2735 1755 2790 et
1777 2720 1814 2789 in
1831 2726 2170 2799 certaminibusscer·

163 2862 228 2927 lms
254 2855 319 2943 piis
345 2852 531 2918 salinarem
558 2833 756 2907 contiueat,
780 2824 924 2892 caeteris
941 2818 1158 2905 argumentis
1208 2821 1320 2892 rimis.
1379 2816 1516 2890 Omnes
1534 2820 1572 2889 in
1599 2822 1729 2914 quibus
1749 2823 1884 2892 semina
1910 2844 2005 2899 ιιιιιι
2030 2832 2164 2902 doctrine

162 2954 230 3027 lmc
248 2969 406 3039 temporo
423 2937 570 3017 relictis,
597 2928 688 3001 bam
704 2922 944 2996 dulcissimam
953 2920 1056 2993 Pauli
1072 2944 1158 2991 con·
1208 2922 1384 3008 coelestis,
1416 2925 1548 3017 quique
1570 2948 1647 2992 eam
1669 2926 1814 3009 amatis,
1840 2941 1874 2997 et
1895 2924 2025 3001 Deum
2050 2948 2157 3003 recte·

165 3058 304 3125 cionem
322 3065 487 3115 cancerare
505 3034 656 3103 decrevi.
1208 3027 1341 3097 lebrari
1357 3027 1506 3117 optatis,
1533 3021 1698 3098 inchoata
1720 3027 1837 3098 studia
1855 3040 1892 3098 et
1911 3030 2068 3104 labores
2080 3044 2162 3123 inger:

267 3152 338 3223 Nec
358 3148 438 3215 vaslo
461 3138 629 3211 altissime
647 3130 778 3213 ordiri,
806 3132 864 3197 scd
884 3152 1060 3200 summum
1077 3152 1174 3197 sen··
1208 3154 1273 3200 nec
1288 3153 1351 3198 ros
1362 3129 1532 3199 deterreri
1546 3130 1720 3199 malorum
1732 3130 1840 3214 odiis,
1863 3136 2178 3223 magnitudinem-¹

165 3260 296 3332 tentiae
323 3250 477 3321 breviter
497 3258 683 3327 exponere.
743 3232 923 3307 Nouvnlt
946 3230 1094 3313 Paulus,
1119 3243 1161 3300 ιιι
1209 3233 1384 3303 taminum
1408 3245 1441 3301 et
1465 3232 1704 3323 periculorum
1734 3232 1964 3304 existimetis:
2004 3242 2177 3329 necdespr·

166 3384 338 3433 cessenms
356 3346 492 3437 ignavi,
523 3353 555 3408 et
573 3336 679 3404 veluti
700 3334 839 3403 inutilia
858 3348 973 3403 terrae
991 3337 1161 3425 pondera,
1210 3348 1284 3404 rate
1293 3347 1440 3404 eventus
1456 3348 1490 3404 et
1500 3335 1612 3403 exitus
1627 3333 1799 3423 placidos,
1826 3347 1859 3406 et
1876 3338 2033 3423 scitote,
2060 3330 2180 3413 [leuel

166 3477 303 3533 tardum
331 3473 454 3521 ιιιιιιιιιι
479 3456 513 3511 et
537 3438 650 3506 ventri
674 3436 784 3507 dediti
808 3437 936 3519 sinms,
969 3450 1006 3505 ιιι
1031 3430 1161 3507 eutlnt-
1211 3437 1468 3529 opitulaturum
1484 3459 1556 3505 csse
1573 3435 1673 3504 vobis
1691 3438 2036 3524 etgnbernaturum
2051 3446 2176 3517 exitus·

165 3570 290 3633 siastae
314 3572 347 3625 et
374 3550 433 3618 alii
457 3544 588 3615 similes
614 3540 808 3619 brixerunt,
840 3541 1058 3630 ‹prraerendas
1088 3558 1161 3604 esse
1311 3536 1413 3606 Hanc
1429 3538 1705 3606 consolationem
1723 3538 1829 3608 tradit
1846 3534 1905 3610 hie
1921 3538 2088 3633 Paulus,
2109 3566 2185 3643 qiu

169 3664 338 3739 latebras,
369 3648 572 3741 fugiendam
603 3640 945 3710 administrationem
973 3636 1162 3721 Ecclesiae,
1211 3638 1442 3709 neeessariam
1473 3663 1548 3708 esse
1580 3640 1681 3708 vobis
1705 3641 1894 3731 omnibus,
1937 3644 2187 3721 facileem's

170 3763 309 3857 politias
325 3771 359 3827 et
375 3745 619 3823 oeconomias,
649 3756 682 3812 et
699 3743 735 3809 in
751 3741 827 3810 ocio
846 3742 1079 3831 expectandos
1095 3763 1162 3808 uo·
1211 3742 1360 3834 quisque
1387 3742 1567 3809 aeruumis
1598 3755 1633 3810 et
1665 3741 1831 3828 periculis
1858 3743 2074 3839 intelligere
2094 3760 2189 3843 potest.

168 3888 231 3933 vos
255 3862 426 3937 adllatus,
454 3848 636 3942 inquibus
658 3868 731 3913 ιιιιιι
747 3844 833 3911 fides
851 3843 993 3934 quidem
1009 3842 1163 3911 luctetur
1211 3842 1340 3933 Coepit
1354 3842 1483 3936 aliquis
1499 3844 1725 3931 gubernator,
1747 3844 2080 3935 utconstautinus,
2097 3850 2190 3923 Erar-

170 3992 250 4036 cum
279 3974 397 4031 risisti-a
429 3949 685 4024 imbecillitate:
723 3960 757 4016 et
785 3959 1024 4015 sustententur
1052 3941 1163 4012 animi
1212 3946 1343 4034 gelium
1369 3945 1552 4033 amplecti,
1586 3945 1694 4038 idque
1718 3959 1758 4016 ut
1778 3944 1876 4017 Deus
1899 3956 2193 4027 merainnoffl

169 4090 254 4133 vasca
280 4054 572 4151 prmuissiorlum,
605 4052 663 4119 sed
687 4062 880 4118 cernantur
900 4046 968 4114 alia
991 4047 1163 4137 qiraedam
1213 4060 1247 4116 et
1261 4047 1477 4129 celebretur,
1504 4070 1697 4137 propagare
1708 4050 1842 4132 studet,
1868 4065 1903 4121 et
1917 4064 2066 4129 statuas
2078 4072 2195 4129 eteoru-

170 4165 332 4237 coelestia
358 4157 566 4248 spectacula.
627 4143 1162 4221 llemorelraecaPaulidicto
1214 4147 1378 4218 meuticia
1394 4149 1541 4216 numina
1559 4150 1697 4220 evertit.
1759 4147 2196 4230 Hanetantameemcun

170 4268 319 4339 martinia.
369 4260 459 4330 Cum
476 4255 590 4326 Deum
610 4253 786 4331 ιιιιιιιίιιιιι,
820 4265 853 4319 et
868 4275 947 4318 cum
962 4251 1028 4332 ait,
1053 4249 1162 4319 alleo
1214 4245 1374 4333 inchoat,
1402 4250 1511 4318 cerialta
1526 4249 1779 4341 impedimenta
1794 4252 2036 4331 obiiciantur,
2082 4258 2196 4332 Diabas

172 4392 333 4441 accensas
357 4386 429 4431 esse
454 4372 590 4427 nostras
616 4369 768 4436 irretitos,
794 4352 1015 4442 loquitur-de
1037 4351 1111 4421 [leo
1128 4373 1164 4419 se
1214 4354 1270 4422 lus
1286 4353 1452 4420 adversus
1477 4376 1558 4419 euin
1581 4353 1697 4423 irritat
1719 4354 1865 4444 impios,
1889 4358 1956 4448 qui
1974 4374 2012 4431 et
2030 4362 2102 4454 ipsi
2118 4382 2197 4452 aegre

172 4470 401 4563 patefaciente
424 4485 486 4552 per
507 4456 753 4543 Evangelium.
811 4452 917 4522 Hunc
940 4451 1073 4534 Deum,
1102 4451 1165 4544 qui
1213 4456 1333 4524 ferrent
1349 4453 1624 4543 snasopiniones
1640 4455 1859 4539 lalaelactari,
1880 4472 1944 4528 aut
1959 4464 2199 4535 turbae-ismae

173 4572 340 4665 paturiens
353 4590 393 4633 en
410 4586 535 4632 areana
552 4584 612 4626 sua
630 4562 721 4637 sede,
746 4580 818 4624 sese
834 4555 937 4624 nobis
954 4550 1165 4623 voceEvan-
1216 4556 1520 4648 tranquillitatem.
1566 4554 1638 4626 Nec
1655 4557 1736 4625 talis
1752 4556 1808 4625 vir
1823 4573 1916 4629 recta
1934 4565 2115 4652 moliens,
2137 4582 2200 4637 tau

171 4674 252 4765 getii
277 4668 455 4761 pannea,
490 4662 565 4729 vult
597 4683 663 4726 ιιιιι
699 4681 884 4744 agnoscere
914 4673 946 4726 et
984 4657 1164 4724 imocare:
1216 4672 1291 4728 turn
1317 4659 1460 4746 angitur
1481 4658 1525 4726 de
1548 4659 1620 4728 suis
1644 4659 1826 4749 periculis,
1858 4664 1919 4730 sed
1950 4666 2201 4740 metuimitn

173 4776 268 4847 liciace
297 4773 345 4839 ait
371 4764 563 4836 Ecclesiam
595 4762 662 4827 sibi
691 4760 874 4847 colligere,
907 4784 946 4827 ac
978 4754 1164 4826 homiuum
1215 4775 1341 4842 tetros,
1368 4760 1517 4851 volquia
1531 4760 1726 4830 frustrares
1740 4773 1853 4829 tantas
1869 4782 2037 4855 moveat,
2065 4768 2201 4863 niquis

173 4894 305 4949 racemos
324 4896 363 4940 ex
382 4870 441 4937 illa
458 4862 592 4953 ingenti
611 4862 817 4932 confusione
841 4875 873 4929 et
889 4861 1044 4930 tenebris
1059 4882 1166 4949 geue-
1216 4864 1446 4953 imperiorum
1477 4862 1747 4932 dilacerationes
1780 4875 1814 4930 el
1846 4867 2013 4952 gentium
2054 4872 2202 4945 vastatio·

174 4988 222 5053 ris
241 4975 387 5046 liciniani
407 4973 449 5037 ad
473 4994 509 5037 se
527 4968 674 5036 ilectere.
1217 4989 1279 5033 nes
1293 4980 1476 5034 secuturae
1492 4965 1574 5032 sint,
2112 5012 2118 5025 ,

276 5077 351 5147 llac
369 5072 526 5150 retrusit,
551 5083 701 5136 sonante
717 5065 896 5147 doctrina,
918 5088 1024 5155 quiam
1042 5058 1166 5131 Eccle-
1307 5066 1363 5137 dn
1381 5061 1446 5133 hae
1463 5064 1804 5157 sollicitudinequid
1820 5066 1951 5140 saciet?
1985 5072 2205 5147 Haeserunt

170 5192 242 5261 siae
259 5204 340 5253 suae
360 5175 522 5251 tradidit,
551 5170 705 5260 prolecto
719 5168 793 5235 vuli
811 5190 874 5234 nos
891 5191 967 5234 eam
987 5165 1166 5253 amplecti:
1217 5169 1390 5238 solatione
1414 5181 1601 5245 sinstentet,
1635 5188 1739 5258 qrrcim
1764 5162 1822 5236 hic
1839 5169 1955 5241 Divus
1977 5173 2119 5250 Paulus
2133 5178 2206 5250 reei-

170 5316 242 5361 mm
261 5298 495 5372 repugnemus
511 5272 564 5353 ei,
590 5295 662 5338 mm
690 5269 934 5356 indulgeamus
951 5267 1081 5335 nostris
1098 5269 1165 5334 ιΙιι-
1218 5283 1284 5341 tat:
1315 5268 1424 5338 Dabit
1441 5267 1536 5338 Deus
1555 5284 1593 5337 ut
1611 5268 1819 5354 perficiatis,
1845 5286 1984 5348 avertet
2002 5282 2206 5353 vastationes

170 5386 406 5463 bitatmnibus
435 5393 468 5445 et
500 5373 769 5464 cupiditatibus,
803 5372 864 5439 sed
894 5371 1075 5437 doctrinae
1101 5371 1165 5436 ob·
1219 5395 1306 5461 qrras
1331 5373 1476 5449 raeticis,
1510 5385 1550 5441 ut
1574 5370 1660 5438 alibi
1686 5371 1857 5460 scriptum
1885 5389 1959 5447 est:
1996 5356 2230 5455 Corumrrrd!¹

171 5506 416 5584 *emper-emus.
465 5478 566 5566 Quae
577 5475 721 5571 quidem
738 5496 803 5543 nos
818 5473 938 5542 statim
955 5472 993 5539 in
1009 5470 1167 5539 medium
1218 5472 1296 5544 Deo
1312 5475 1404 5542 viam
1418 5485 1533 5557 ιιιιιιιι,
1560 5487 1593 5541 ιι
1605 5472 1679 5563 ipse
1691 5472 1805 5543 laciet.
