4664 6022
143 199 223 278 641
604 197 765 280 DECb.
797 196 874 276 DE
905 196 1071 276 DONO
1104 197 1725 284 INTERPRETATIONIS.
2106 215 2182 292 642

143 374 299 445 liorihus
319 394 356 442 se
371 371 589 460 temporibus
602 376 799 447 servabant.
850 370 983 444 Brutus
999 375 1037 442 in
1054 375 1140 467 ipsis
1189 373 1345 445 stantioo
1374 377 1417 445 ad
1449 374 1717 469 palaeologum,
1764 401 1878 453 annos
1909 380 2047 455 circiter
2077 385 2177 459 mille

142 477 271 547 castris
296 472 475 562 Pompeii,
502 474 605 544 etiam
627 471 817 566 Epitomen
841 470 1009 544 historiae
1030 473 1139 570 Poly·
1187 472 1499 559 fuissctEcclesiae
1514 476 1580 548 Dei
1603 474 1797 571 hospitium
1815 496 1848 553 et
1867 485 1966 554 sedes
1980 486 2176 574 doctrinae,

141 578 196 648 bii
219 575 429 664 composuit.
489 573 536 646 Et
556 589 673 666 postea
695 578 886 647 constituta
910 578 954 645 ab
976 572 1138 666 Augusto
1189 579 1283 645 unde
1314 577 1352 646 i'n
1374 576 1579 662 Graeciam,
1612 582 1649 648 in
1675 577 1796 650 Asiam
1824 596 1858 652 et
1882 583 2064 678 lllyricum
2094 590 2174 658 lite-

140 703 250 772 pace,
275 677 456 761 Trebatii,
481 676 622 746 Pisonis
637 693 671 749 et
685 676 869 769 Capitonis
884 678 1059 757 consiliis,
1086 680 1138 748 le·
1187 699 1246 745 rae
1269 693 1476 769 propagatae
1498 696 1600 765 sunt,
1624 693 1709 751 tunc
1725 707 1745 753 a
1761 677 1889 753 Turris
1906 709 2087 776 oppressa,
2113 713 2174 759 ve-

140 803 223 871 gcs‚
260 779 467 869 disciplina,
501 779 716 849 iudiciorum
745 781 913 850 autoritas
944 780 1136 850 instaurata
1186 791 1243 849 tus
1264 777 1354 848 illud
1376 804 1415 849 ac
1438 804 1560 850 verum
1586 783 1691 852 decus
1712 783 1841 859 amisit.
1891 782 1939 857 Et
1955 811 2034 857 cum
2050 789 2174 867 fuisset

141 896 206 953 est.
268 874 365 951 Idem
388 882 549 949 sutorum
571 893 643 962 cst,
668 878 744 950 Deo
766 884 891 963 dante,
919 880 1137 972 paulopost,
1186 903 1246 948 arx
1269 880 1430 971 imperii,
1455 883 1581 952 amissa
1606 906 1684 952 arce
1708 885 1822 955 victor
1846 887 1965 956 statim
1988 889 2174 982 occupavit

141 1007 227 1054 cum
249 982 357 1051 armis
379 982 566 1069 depositis,
592 982 635 1050 de
660 1007 762 1072 pace,
789 982 946 1061 iusticia,
973 983 1136 1052 debonis
1186 980 1338 1050 vicinam
1368 1006 1466 1051 oram
1497 997 1649 1053 veterem
1680 981 1866 1077 Mysorum
1897 990 2036 1072 sedem,
2069 988 2173 1060 Pelo-

142 1084 324 1162 moribns,
357 1084 400 1150 de
422 1078 600 1151 Ecclesiae
628 1084 886 1176 tranquillitate
908 1082 1135 1152 deliberatio·
1187 1106 1404 1171 ponnesum,
1430 1079 1665 1170 Corinthum,
1691 1084 1920 1180 Mitylenem,
1946 1104 1981 1160 et
1996 1089 2173 1179 ingressus

141 1208 208 1255 nes
231 1197 354 1253 errant:
382 1181 595 1275 Respublica
617 1186 801 1255 doctorum
824 1187 999 1268 virorum,
1025 1183 1135 1252 luris·
1185 1181 1364 1252 Barbarus
1386 1184 1425 1251 in
1445 1180 1587 1272 Asiam,
1613 1185 1754 1277 imperii
1778 1211 1893 1257 arcem
1918 1188 2063 1261 alteram
2079 1187 2173 1263 Tra-

140 1287 389 1358 consultorum
422 1309 544 1354 vocem
574 1298 607 1355 et
637 1285 846 1356 sententiam
870 1286 1004 1355 audiet:
1045 1310 1135 1378 qnae
1185 1299 1368 1375 pezuntem
1388 1286 1490 1376 cepit.
2085 1354 2089 1362 ,

140 1403 233 1460 tunc
248 1387 391 1480 quidem
407 1386 532 1456 llorere
557 1408 679 1456 rursus
700 1388 864 1480 incipiet,
889 1388 919 1457 si
941 1387 1135 1466 veritatem,
1272 1384 1544 1457 -Lamentantur
1568 1384 1767 1481 Prophetae
1795 1390 1934 1460 avulsas
1958 1414 1977 1460 a
2001 1389 2108 1477 Iuda,
2138 1406 2174 1465 et
2260 1423 2266 1444 ·

139 1489 285 1561 exclusa
300 1480 519 1578 sophistica,
544 1510 661 1557 amare
681 1490 845 1580 coeperit.
889 1488 1013 1558 Talem
1037 1503 1134 1559 tran·
1186 1486 1369 1576 dissipatas
1383 1489 1501 1557 decem
1518 1489 1643 1574 tribus,
1671 1492 1709 1560 in
1723 1490 1852 1583 quibus
1868 1492 2062 1562 floruerant
2075 1515 2173 1563 surn-

141 1589 358 1685 quillitatem
388 1601 427 1657 ut
449 1585 545 1659 Deus
568 1589 729 1663 restituat
752 1589 982 1676 Germaniae,
1013 1613 1135 1660 omnes
1185 1587 1236 1656 mi
1257 1584 1455 1677 Prophetae
1474 1585 1573 1659 Elias
1596 1605 1631 1661 et
1647 1589 1805 1676 Elisens,
1831 1605 2009 1663 eteorum
2031 1594 2173 1664 audito-

141 1691 325 1763 exanimo
341 1704 512 1782 optemus.
563 1689 657 1764 Dixi.
686 1706 691 1713 '
1185 1712 1251 1759 res.
1303 1686 1495 1760 Doleamus
1516 1704 1552 1760 et
1572 1715 1655 1778 nos,
1681 1691 1835 1763 Graecas
1856 1706 1891 1765 et
1911 1690 2082 1764 Asiaticas
2102 1691 2175 1766 Ec-

836 1784 839 1789 ’
989 1867 994 1877 Ι
1185 1789 1308 1858 clesias
1332 1803 1384 1861 tot
1403 1792 1535 1861 deletas
1557 1816 1651 1882 esse,
1677 1794 1769 1864 etin
1794 1816 1833 1863 ea
1858 1795 2003 1864 natione
2020 1795 2173 1867 extincta

885 1913 1136 1931 ·······-·····
1185 1890 1319 1975 studia,
1345 1893 1434 1983 qsrac
1455 1892 1679 1982 ingeniorum
1701 1894 1884 1985 sagacitate
1897 1896 2043 1966 caeteris
2058 1896 2175 1985 genti-

191 2064 205 2093 γ
638 2031 650 2050 ,
1186 1993 1252 2060 bus
1276 1993 1443 2064 omnibus
1466 1994 1689 2079 antecelluit,
1720 2010 1812 2066 artes
1833 1999 1973 2084 genuit,
2005 2009 2066 2065 aut
2089 1997 2174 2067 illu·

149 2059 327 2188 Μ
958 2068 1131 2188 Q
1187 2093 1329 2174 stravit,
1363 2108 1397 2163 et
1425 2095 1464 2163 in
1491 2095 1710 2185 possessione
1730 2097 1916 2166 doctrinae·
1934 2097 2002 2167 fuis
2020 2097 2173 2188 amplius

574 2279 583 2298 θ
851 2280 860 2300 .
930 2280 938 2299 ι
1187 2195 1702 2270 duobusmillibusannorum.
1743 2195 2174 2269 Haectantaornamentn

307 2277 382 2362 De
414 2278 532 2362 dotto
563 2287 970 2389 interpretationi&
1187 2297 1324 2385 generis
1344 2289 1492 2364 humani
1515 2297 1608 2366 intra
1630 2298 1749 2366 decem
1765 2320 1940 2368 annorum
1957 2296 2173 2368 curriculum

219 2438 251 2491 lu
279 2435 428 2491 Declsmst.
451 2435 547 2492 T.111.
571 2457 598 2507 p.
610 2436 661 2490 ⁴63
673 2454 750 2507 sqq„
781 2435 898 2492 Servest.
915 2437 949 2493 T.
964 2437 1011 2493 tlt.
1029 2457 1054 2508 p.
1067 2442 1137 2504 440,
1189 2409 1267 2489 pm
1290 2411 1426 2486 captam
1441 2395 1790 2517 §onstffmjmpfflm
1812 2397 1938 2480 obnm
1956 2412 2050 2473 ³⁰⁰1·
2100 2397 2175 2517 th

251 2506 359 2559 iteruin
377 2504 467 2558 Tomo
479 2504 523 2560 ΙΙΙ.
543 2505 708 2590 lisiardisno
727 2507 766 2587 lit.
778 2506 819 2575 K,
838 2507 862 2562 5.
880 2517 907 2559 et
925 2507 995 2590 sppd
1010 2507 1138 2592 Richard.
1188 2521 1272 2567 vero
1293 2510 1429 2568 lanium
1451 2500 1729 2569 Imbecilllldlem
1746 2523 1864 2569 rerum
1882 2494 2118 2570 humanarum
2134 2523 2174 2569 sn

254 2572 389 2724 latta:
403 2574 537 2696 itm
551 2576 1138 2712 *etantantoaaaron,⁰:22:
1190 2594 1255 2716 sae
1269 2599 1488 2717 ‚conatione
1512 2600 1753 2718 denotemus
1785 2600 1845 2671 sed
1870 2601 1974 2671 eoam
2141 2613 2175 2671 et

253 2727 345 2767 ssoues
362 2720 389 2763 et
400 2713 503 2783 scripta
521 2722 572 2768 stc.
590 2731 617 2782 p.
629 2711 690 2767 sto.
711 2713 758 2784 qni
770 2731 829 2766 casn
844 2713 970 2793 recitarit
981 2715 1009 2767 in
1023 2715 1137 2783 synodo
1187 2699 1698 2791 signtflcttitonesaspiciamus:
1725 2715 1943 2794 eiquanlum
1957 2703 2175 2792 fierlpoiesl,

252 2778 386 2836 '⁰⁰¹⁵⁴⁹·
1189 2823 1391 2885 caveamus,
1430 2825 1474 2871 ne
1502 2801 1678 2872 similibus
1708 2802 1965 2873 calamitatibus
1994 2802 2176 2893 opprima·

1189 2926 1281 2971 mur.
1338 2899 1430 2972 Sunt
1453 2903 1549 2971 enim
1574 2896 1811 2973 humanorum
1837 2904 2006 2975 scelerum
2032 2926 2178 2995 poenae,

1189 3025 1275 3094 quas
1290 3001 1385 3070 Deus
1400 2999 1576 3072 Ecclesiae
1593 3027 1708 3074 mores
1725 3027 1806 3074 suos
1821 3004 2043 3083 emendanti,
2070 3017 2103 3073 et
2119 3005 2177 3073 in-

142 3192 169 3275 l
610 3202 646 3273 D
872 3200 901 3273 P
993 3203 1025 3275 D
1189 3102 1329 3172 vocanti
1346 3101 1458 3171 lilium
1473 3101 1719 3188 Mediatorem,
1744 3129 1785 3174 ac
1797 3103 1965 3176 retinenti
1980 3105 2094 3175 lucem
2111 3105 2178 3174 do·

170 3203 263 3275 nitio
313 3202 418 3273 ratias
445 3228 462 3271 a
489 3226 588 3271 amns
649 3217 852 3274 coaeterno
903 3204 972 3274 atri
1028 3205 1140 3274 omini
1189 3203 1323 3274 ctrinae
1338 3216 1413 3272 tum
1429 3203 1597 3287 remittit,
1622 3218 1698 3274 tum
1712 3206 1788 3274 miti
1814 3218 1860 3279 at.

148 3304 264 3376 nostri
289 3226 367 3373 lgesu
383 3226 536 3389 chrihi,
561 3306 655 3396 qnod
672 3299 865 3373 Ecclesiam
891 3329 1007 3386 suam,
1033 3307 1140 3375 mini·
1290 3301 1385 3392 Ergo
1401 3320 1434 3375 ct
1448 3304 1530 3373 illae
1547 3305 1671 3374 ruinae
1688 3228 1874 3388 Graecgiae,
1899 3318 1935 3375 et
1949 3328 2043 3375 nssnc
2057 3327 2178 3375 recens

149 3406 299 3478 sterium
321 3402 523 3494 Evangelii,
557 3419 592 3475 et
621 3400 705 3475 haec
729 3407 844 3475 studia
867 3407 1068 3493 doctrinae,
1100 3408 1139 3476 in
1192 3405 1395 3473 incendium
1414 3403 1637 3485 Pannoniae,
1663 3430 1728 3475 nos
1743 3409 1786 3475 de
1803 3407 1853 3475 ira
1870 3402 1938 3474 Dei
1953 3408 2180 3490 admoneant,

150 3508 261 3579 tantis
290 3506 403 3575 ruinis
432 3507 681 3599 imperiorum,
721 3520 757 3577 et
784 3507 917 3577 diaboli
948 3509 1142 3594 furoribus,
1191 3519 1226 3577 et
1247 3507 1290 3575 ad
1308 3530 1447 3575 morum
1463 3506 1738 3576 moderationem
1755 3501 1954 3587 retrahant,
1980 3519 2013 3577 et
2030 3506 2180 3577 incitent

148 3634 228 3681 non
250 3608 335 3679 sinit
354 3608 487 3700 ubique
508 3608 635 3678 deleri:
662 3610 722 3678 sed
748 3609 919 3678 mirandis
939 3611 1054 3679 modis
1067 3636 1142 3681 ser·
1191 3609 1236 3677 ad
1258 3608 1468 3698 placandum
1485 3608 1609 3679 Deum.
1662 3606 1743 3680 Uno
1766 3622 1924 3700 pectore,
1949 3632 2023 3679 uno
2045 3607 2180 3697 gemitu

141 2941 320 3012 Orestion
344 2939 469 3028 cosp.
497 2940 744 3033 Crescigero
770 2943 955 3029 recitato,
982 2941 1138 3015 dedono

346 3043 678 3135 interpretationis
701 3045 742 3111 in
763 3043 941 3114 Ecclesia.

89 3752 91 3759 ·
148 3725 230 3796 vat,
252 3723 286 3780 et
306 3711 457 3779 subinde
477 3709 667 3795 instaurat,
692 3723 727 3780 et
743 3712 856 3779 lucem
870 3707 1055 3800 Evangelii
1071 3714 1141 3782 late
1192 3723 1226 3779 et
1254 3732 1325 3778 una
1357 3733 1442 3778 voca
1470 3710 1676 3780 clamemus:
1718 3705 1956 3800 Omnipotens
1983 3722 2019 3779 et
2040 3723 2181 3779 aeterne

148 3812 301 3906 spargit:
335 3836 374 3880 ac
400 3810 607 3879 ardentibus
633 3812 833 3881 animorum
858 3813 948 3882 votis
972 3827 1143 3904 petamus,
1192 3808 1307 3889 Deus,
1339 3825 1479 3881 aeterne
1498 3808 1604 3880 Pater
1626 3808 1774 3880 Domini
1798 3811 1911 3882 nostri
1935 3807 2014 3879 lesu
2035 3803 2182 3893 Christi,

89 3964 91 3973 =
148 3928 195 3987 ut
217 3913 351 3983 diutius
373 3913 478 3981 etiam
500 3911 569 3980 sibi
584 3908 776 3982 Ecclesiam
794 3914 953 4002 colligat,
979 3928 1013 3984 ct
1026 3915 1142 3984 studia
1194 3911 1358 3980 conditor
1387 3910 1547 3979 omnium
1578 3934 1716 3990 rerum,
1757 3923 1790 3980 ct
1815 3924 2058 3989 conservator,
2099 3933 2181 3979 cum

89 4154 96 4213 i

151 4011 361 4104 Evangelii,
387 4027 422 4084 et
435 4013 596 4082 omnium
610 4013 754 4099 artium,
778 4039 868 4105 qnae
881 4011 1057 4085 Ecclesiae
1072 4016 1143 4086 uti·
1192 4012 1286 4082 Filio
1307 4025 1368 4082 tuo
1390 4025 1574 4081 coaeterno
1595 4009 1750 4080 Domino
1780 4025 1901 4081 nostro
1924 4011 2003 4081 lesu
2026 4005 2184 4094 Christo,

151 4119 208 4189 les
228 4129 331 4195 sunt,
357 4115 524 4182 desendat
545 4128 578 4183 et
596 4113 758 4198 adiuvet,
779 4128 819 4185 ut
837 4129 928 4184 recte
945 4115 1144 4201 invocetur,
1195 4127 1363 4204 regnante
1379 4127 1512 4196 tecum,
1538 4124 1572 4181 et
1586 4113 1757 4202 patefacto
1772 4110 1810 4179 in
1823 4111 2032 4196 Ierusalem,
2054 4109 2183 4203 etSpi·

90 4238 93 4281 ἲ
152 4243 198 4291 ac
222 4219 313 4286 veris
340 4217 503 4285 laudibus
525 4217 735 4298 celebretur,
764 4230 798 4287 ct
820 4216 936 4312 aliqua
962 4218 1056 4288 inter
1079 4216 1145 4289 ho·
1195 4218 1268 4285 ritu
1291 4227 1413 4284 sancto
1434 4226 1515 4296 tuo,
1541 4213 1706 4282 miserere
1728 4207 1834 4282 huius
1849 4226 1988 4284 nostrae
2004 4209 2183 4284 Ecclesiae

153 4320 272 4391 sniues
289 4319 457 4390 virtutum
474 4317 637 4386 exercitia
653 4330 686 4387 et
702 4316 886 4386 seminaria
904 4334 1079 4394 maneant.
1196 4330 1229 4386 et
1265 4329 1383 4385 coetus
1419 4311 1640 4399 scholastici,
1684 4327 1829 4405 propter
1857 4312 1973 4384 lesum
2001 4308 2184 4384 Christum

260 4419 356 4490 Haec
371 4432 406 4489 et
419 4418 577 4512 quotidie
594 4419 743 4510 petenda
758 4432 851 4500 ssrsrt,
877 4432 912 4489 ct
927 4434 966 4490 ut
980 4420 1146 4491 iuventus
1197 4417 1308 4486 lilium
1331 4428 1453 4499 tuum,
1479 4439 1582 4507 quem
1604 4414 1747 4484 voluisti
1771 4440 1835 4506 pro
1859 4415 1963 4484 nobis
1986 4435 2058 4482 csse
2080 4410 2184 4508 victi·

155 4522 341 4596 admonita
365 4516 493 4590 horum
517 4532 696 4590 tantorum
718 4519 894 4590 bonorum
908 4544 990 4590 cura
1006 4522 1147 4591 adficia-
1198 4541 1312 4601 marn,
1335 4510 1399 4588 καὶ
1421 4512 1575 4608 μεσίτην
1598 4510 1662 4587 καὶ
1683 4511 1827 4607 ἱκέτην,
1854 4528 1887 4585 et
1903 4513 2039 4606 Spiritu
2061 4525 2182 4582 sancto

155 4639 239 4708 tur,
265 4619 305 4693 bi
328 4643 532 4712 congressus
555 4620 708 4691 instituti
730 4634 828 4690 sunt:
856 4622 894 4689 in
916 4623 1047 4715 quibus
1066 4624 1146 4695 ideo
1198 4633 1261 4689 tuo
1282 4641 1362 4707 rege
1386 4641 1501 4686 mores
1523 4630 1681 4703 nostros,
1705 4630 1740 4687 et
1762 4617 1843 4686 iuva
1861 4615 1977 4685 studia
1992 4612 2185 4698 doctrinae,

156 4728 206 4798 de
229 4723 411 4794 doctrinae
435 4737 469 4793 et
490 4725 533 4791 dc
553 4721 695 4792 virtutis
711 4722 839 4793 studiis
854 4722 1022 4804 dicimus,
1046 4740 1087 4796 ut
1103 4728 1148 4796 ad
1199 4731 1344 4815 propter
1377 4731 1473 4789 tuam
1508 4717 1666 4788 laudem:
1706 4741 1771 4786 nec
1799 4728 1860 4786 aut
1888 4714 2185 4793 Turricoiurorc,

157 4825 423 4901 invocationem
443 4824 516 4894 Dei
548 4836 583 4893 et
612 4825 657 4891 ad
687 4837 819 4892 caetera
852 4819 1000 4897 honesta
1034 4827 1149 4896 officia
1199 4834 1261 4892 aut
1287 4820 1369 4889 aliis
1400 4818 1657 4889 calamitatibus
1677 4814 1865 4906 Evangelii
1891 4816 2005 4887 lucem
2029 4813 2187 4905 extingui

157 4929 301 5023 aliquos
325 4926 566 4997 accendamus.
615 4921 773 4993 Maxime
795 4948 879 4994 vero
903 4920 962 4994 hic
986 4926 1061 4997 dies
1085 4950 1151 4998 nos
1201 4923 1306 4994 sinas.
1356 4918 1466 4991 Serva
1479 4917 1544 4991 has
1560 4919 1721 5011 politias,
1746 4940 1835 5011 quae
1850 4930 1933 4987 sunt
1948 4911 2102 5009 hospitia
2115 4912 2188 4986 Ec·

157 5029 326 5104 hortetur
342 5027 387 5096 ad
407 5025 662 5117 precationem,
687 5025 749 5119 qui
766 5026 871 5095 nobis
887 5026 927 5095 in
943 5029 1149 5099 memoriam
1202 5022 1326 5095 clesiae
1355 5032 1435 5090 tuae
1462 5033 1497 5090 et
1518 5019 1659 5114 piorum
1683 5018 1894 5091 studiorum.
1953 5012 2188 5107 Agnoscimus

89 5202 98 5227 ,
158 5129 295 5220 redigit
316 5128 474 5217 ingentes
498 5125 674 5198 Ecclesiae
696 5127 822 5197 clades.
889 5125 959 5198 llic
982 5142 1035 5200 est
1056 5131 1151 5200 enim
1203 5138 1238 5196 te
1264 5123 1355 5193 iuste
1379 5121 1483 5192 irasci
1507 5121 1629 5206 nobis,
1661 5132 1805 5215 propter
1825 5118 1936 5188 multa
1959 5117 2045 5191 vitia
2066 5129 2188 5187 nostra

157 5235 241 5309 dics
262 5244 382 5322 capsae
395 5226 741 5320 Constantinopolis,
762 5242 845 5298 ante
864 5252 977 5299 annos
990 5254 1105 5302 unum
1120 5245 1154 5302 et
1204 5241 1239 5297 et
1255 5223 1411 5314 ingentia
1426 5223 1569 5294 delicta:
1596 5223 1657 5292 sed
1670 5244 1751 5292 curn
1764 5220 1838 5310 ipse
1851 5243 1992 5290 revoces
2006 5241 2072 5288 uos
2085 5219 2130 5287 ad
2146 5229 2191 5300 te,

159 5332 378 5422 nonaginta:
413 5354 503 5425 quae
530 5354 610 5401 cum
638 5329 724 5400 inde
744 5353 857 5424 usque
878 5355 898 5401 a
918 5330 1034 5423 primo
1057 5331 1155 5405 Con·
1205 5340 1240 5398 et
1259 5348 1386 5396 arcano
1409 5349 1450 5396 sc
1469 5321 1702 5397 inenarrabili
1715 5319 1863 5393 consilis
1877 5317 2101 5392 constitueris
2114 5316 2193 5410 pls-

218 5433 405 5505 Mssssrn.
433 5435 538 5501 Orsa.
563 5434 648 5502 Vos.
673 5434 736 5500 xl.
1603 5419 1652 5495 41
