4664 6022
250 222 321 374 111
769 290 931 370 DECL.
966 289 1041 372 ΒΕ
1079 289 1286 373 PR'AEF.
1319 293 1382 370 ΙΝ
1418 292 1754 374 ttttstonttttt.
2212 302 2286 378 111

253 471 489 558 conservatis,
523 469 658 542 durare
694 466 821 558 religio
849 483 884 540 et
905 469 1021 538 honae
1050 470 1144 559 leges
1165 492 1241 538 non
1294 471 1453 540 alienum
1475 469 1648 561 flagitem,
1682 496 1884 567 qnauquam
1908 473 2029 544 videre
2057 498 2122 543 vos
2153 496 2281 564 magna

253 590 417 668 possunt:
446 554 624 665 praeterea
640 570 745 660 exigit
760 570 875 656 Deus,
901 587 942 642 ut
958 573 1090 642 liberos
1106 585 1241 643 vestros
1293 597 1334 642 ex
1352 587 1451 664 parte
1466 574 1682 660 existimem,
1706 599 1879 665 exponam
1902 589 2020 645 tamen
2047 576 2117 647 mei
2136 578 2282 649 'consilii

255 680 298 748 ad
322 678 489 750 virtutem
517 699 557 745 ac
579 672 787 763 religionem
817 660 1023 749 instituatis.
1085 671 1151 745 Est
1178 697 1243 743 au·
1293 676 1478 749 rationem.
1529 672 1605 765 Ego
1628 700 1766 767 semper
1786 702 1933 768 operam
1950 679 2047 761 dedi,
2075 694 2114 748 ut
2139 702 2199 747 eos
2220 705 2283 749 1111-

255 793 327 852 1101
350 803 424 849 000
448 780 555 848 modo
574 776 614 847 in
633 772 946 866 superosimpius,
973 778 1032 844 sed
1052 777 1156 868 plane
1171 770 1241 844 hu·
1294 793 1390 847 tores
1423 777 1525 847 vobis
1558 799 1814 870 proponetem‚
1857 778 1919 873 qui
1954 781 2060 849 simul
2094 795 2130 851 et
2164 805 2282 852 rernm

254 906 361 952 mana
394 881 508 972 specie
542 877 723 949 beluinam
757 892 911 972 mentem
945 877 1045 967 tegit,
1080 877 1242 970 quisquis
1294 880 1475 949 scientiam
1500 880 1654 964 alerent,
1680 895 1714 950 et
1739 884 1781 948 ad
1801 884 1992 969 parandam
2017 881 2280 952 sermonis'co·

254 1009 329 1054 non
349 986 408 1053 dat
425 993 643 1072 operam,ut
656 981 712 1050 sni
726 979 827 1049 liberi
842 979 1034 1049 rectissime
1050 979 1243 1049 instituan-
1295 983 1387 1073 piam
1423 974 1900 1077 plurimum‘conduqerent.
1967 983 2055 1052 Nam
2090 979 2156 1052 hae
2191 986 2312 1054 duae'

257 1102 336 1172 tur,
361 1082 429 1156 hoe
445 1086 536 1153 inter
552 1080 735 1153 hominem
751 1107 790 1150 ac
809 1083 948 1150 belnam
965 1083 1154 1151 discrimen
1177 1107 1243 1149 na·
1296 1097 1410 1175 partes
1428 1079 1637 1168 cohaerent,
1661 1099 1695 1154 et
1710 1085 1801 1154 sient
1816 1082 1988 1154 Horatius
2008 1086 2144 1179 iuquit,
2171 1085 2281 1156 amice

256 1204 335 1260 tura
358 1187 460 1271 fecit,
486 1188 580 1280 quod
607 1185 733 1253 beluae
757 1187 942 1274 deponunt
962 1208 1081 1252 euram
1099 1184 1245 1264 sobolis,
1296 1186 1549 1268 coniurarunt,
1576 1199 1616 1255 ut
1630 1187 1738 1256 altera
1755 1187 1900 1256 alterins
1916 1212 1981 1277 ope
1998 1201 2063 1256 stet
2080 1213 2119 1256 ac
2135 1189 2280 1258 nitatur.

256 1316 337 1362 cum
355 1287 530 1373 adolevit,
553 1281 694 1356 homini
708 1285 883 1376 iniunxit,
910 1298 951 1356 ut
966 1310 1007 1353 ex
1023 1309 1059 1354 se
1077 1311 1242 1377 procrea·
1294 1287 1418 1380 Neque
1452 1286 1546 1355 enim
1580 1289 1787 1359 benedicere
1817 1289 2024 1382 quisquam,
2059 1289 2128 1357 uisi
2163 1302 2282 1380 pectus

256 1407 311 1463 tos
337 1417 411 1461 non
433 1392 540 1460 modo
567 1389 604 1456 in
629 1389 739 1479 prima
763 1388 913 1458 infantia
931 1387 1022 1472 alat,
1050 1390 1109 1460 sed
1133 1383 1245 1458 m'ulto
1296 1388 1499 1478 cognitione
1526 1389 1740 1479 optimarum
1764 1415 1883 1460 rerum
1908 1391 2121 1462 instructum
2143 1386 2282 1478 haheat,

256 1496 387 1584 magis,
417 1505 459 1562 ut
483 1515 599 1561 mores
628 1515 773 1575 eorum,
806 1513 886 1558 eum
918 1489 1160 1575 adoleverint,
1201 1491 1244 1558 ad
1297 1504 1429 1584 potest,
1464 1505 1497 1560 et
1524 1515 1643 1573 rernm
1668 1489 1812 1562 scientia
1839 1516 1962 1562 manca
1994 1507 2063 1577 est,
2097 1494 2128 1561 si
2162 1494 2282 1567 lumen

257 1592 477 1667 honestatem
494 1595 635 1662 formet.
1297 1591 1472 1663 orationis
1488 1588 1658 1662 adhibere
1674 1618 1747 1662 non
1762 1593 1948 1684 possimus.
2001 1590 2047 1663 Et
2069 1608 2110 1663 ut
2131 1595 2175 1664 ad
2194 1607 2283 1665 certs

358 1694 478 1785 Quare
497 1695 533 1762 in
553 1693 675 1784 primis
700 1691 739 1763 in
764 1690 1073 1762 hene‘coustituta
1095 1691 1247 1770 civitate,
1296 1695 1411 1764 sidera
1431 1710 1557 1763 nautae
1572 1717 1714 1764 cursum
1732 1719 1873 1762 omnem
1892 1694 2068 1782 dirigunt,
2103 1694 2153 1765 ita
2171 1690 2282 1767 in'his

260 1794 391 1868 scholis
413 1820 501 1885 opos
527 1811 598 1878 est,
624 1795 687 1863 nbi
711 1795 881 1887 pueritia,
903 1817 994 1887 quae
1017 1794 1246 1861 seminarium
1300 1797 1430 1865 nostris
1455 1797 1581 1864 studiis
1607 1791 1678 1864 huc
1702 1797 1821 1864 omnia
1845 1798 2029 1864 referenda
2049 1811 2153 1876 sunt,
2184 1809 2227 1899 ut
2250 1810 2284 1869 et

262 1915 315 1970 est
348 1898 518 1983 civitatis,
553 1898 757 1980 erudiatur,
788 1897 890 1964 valde
920 1895 1016 1989 enim
1048 1896 1185 1966 fallitur
1217 1894 1248 1964 si
1298 1897 1479 1968 scientiam
1498 1911 1590 1965 reete
1606 1900 1649 1964 de
1671 1899 1852 1981 moribus,
1878 1899 1991 1989 deque
2014 1912 2141 1967 natura
2165 1922 2282 1969 rernm

261 2004 341 2095 quis
367 2002 443 2069 sine
464 1999 625 2069 doctrina
644 2000 795 2068 solidam
816 1997 982 2065 virtutem
1008 1989 1128 2087 parari
1149 2018 1249 2088 posse
1300 1998 1481 2067 indicandi
1501 2010 1536 2067 et
1557 1996 1756 2089 explicandi
1778 2023 1832 2067 res
1851 1999 2045 2088 graviores,
2069 1999 2282 2070 mediocrem

200 2178 202 2182 Α
262 2104 455 2185 existimat,
482 2126 545 2170 nec
563 2102 607 2168 ad
624 2097 782 2193 Respub.
799 2098 1046 2187 gubernandas
1062 2099 1248 2192 quisquam
1299 2101 1478 2194 quandam
1497 2099 1700 2168 facultatem
1726 2101 1829 2171 nohis
1852 2124 2034 2191 paremus,
2057 2098 2188 2171 utilem
2204 2125 2284 2174 vero

261 2207 345 2275 satis
372 2206 522 2273 idoneus
545 2216 614 2285 est,
640 2203 716 2270 siue
740 2201 884 2270 scientia
908 2222 1029 2268 earum
1051 2200 1249 2281 literarum,
1300 2205 1342 2270 ad
1367 2215 1547 2292 utrunque
1567 2197 1785 2286 Hesiodum,
1811 2227 2014 2294 quanquam
2040 2203 2165 2274 rustici
2186 2218 2284 2275 anto-

262 2306 392 2402 quibus
409 2305 500 2376 ratio
524 2301 642 2372 omnis
667 2305 899 2392 regendarum
926 2300 1110 2371 civitatum
1133 2301 1250 2369 conti·
1300 2328 1375 2373 rem
1393 2301 1581 2386 carminis,
1608 2301 1855 2390 Quintilianus
1871 2327 1944 2372 esse
1960 2304 2143 2376 iudicavit.
2182 2304 2285 2402 Prior

261 2425 377 2479 uetur.
430 2405 526 2476 Haec
549 2429 629 2474 cum
652 2405 870 2495 expendetis,
897 2424 972 2469 non
995 2401 1150 2488 invidia,
1175 2425 1248 2492 non
1300 2405 1416 2497 operis
1434 2426 1514 2494 pars
1530 2415 1601 2472 tota
1619 2418 1670 2473 est
1685 2399 1821 2497 ἠθικὴ,
1847 2406 2032 2474 continens
2048 2406 2141 2476 vitae
2157 2432 2200 2478 ae
2213 2432 2285 2479 mo·

139 2544 143 2551 ·
260 2512 345 2581 ullis
361 2511 440 2579 aliis
464 2507 732 2575 difficultatibus
759 2503 942 2595 patiemini
966 2526 1030 2571 vos
1050 2501 1250 2587 absterreri,
1302 2531 1383 2576 rum
1407 2507 1517 2594 leges,
1551 2505 1754 2597 profuturas
1786 2508 1888 2574 vobis
1919 2510 1961 2574 ad
1995 2510 2283 2580 consuetudinem

263 2638 334 2704 quo
357 2610 544 2680 minusad
570 2607 775 2677 discendum
799 2610 933 2675 vestros
962 2604 1054 2674 cives
1076 2606 1249 2674 invitetis.
1304 2609 1397 2677 vitae
1424 2620 1459 2676 11
1487 2608 1529 2674 ad
1566 2607 1795 2675 iudicandum
1821 2610 1864 2675 de
1887 2610 2136 2679 communibus
2161 2604 2286 2682 huma·

263 2712 315 2784 De
348 2711 606 2804 professoribus
633 2709 759 2777 vestris
779 2703 848 2776 hoe
870 2706 1030 2798 polliceri
1047 2707 1146 2776 vohis
1171 2732 1251 2797 pos·
1300 2709 1423 2779 nitatis
1442 2707 1584 2788 officiis,
1610 2733 1692 2776 nam
1711 2711 1755 2776 de
1771 2710 1941 2798 religione
1955 2735 2028 2779 non
2044 2711 2137 2784 dico.
2181 2711 2285 2802 Quod

261 2841 360 2898 sum,
387 2829 421 2882 et
447 2811 686 2881 eruditionem
712 2824 872 2900 suscepto
899 2808 1002 2876 oueri
1019 2834 1137 2900 parem
1166 2832 1251 2892 esse,
1302 2812 1331 2880 si
1357 2822 1520 2901 putamus
1542 2808 1878 2881 Iurisconsultorum
1907 2813 2200 2896 commentarios,
2230 2829 2286 2888 ant

263 2918 348 2987 etin
376 2916 557 3004 fungendo
587 2935 734 2981 numere
757 2934 929 2980 summam
954 2910 1058 2978 fidem
1086 2913 1253 2981 futuram.
1303 2906 1606 3001 Philosophorum
1630 2913 1886 3001 disputationes
1912 2915 2214 3004 discendas'esse,
2248 2931 2285 2991 ut

262 3015 443 3088 Christum
469 3037 591 3106 precor
616 3028 656 3084 nt
684 3013 848 3102 auspiciis
879 3011 1076 3101 gravissimi
1114 3011 1252 3099 negocii
1303 3015 1341 3081 iu
1359 3014 1523 3081 civilibus
1548 3012 1702 3101 negociis
1728 3013 1866 3082 facilius
1882 3016 2080 3106 prospicere
2101 3019 2284 3107 possimus,

262 3095 395 3201 faveat,
432 3133 465 3187 et
500 3131 613 3185 vestra
645 3115 792 3184 consilia
819 3113 1006 3205 studiaque
1041 3113 1251 3184 discentium
1304 3116 1388 3207 quid
1407 3138 1557 3206 aequum
1578 3115 1661 3206 quid
1681 3113 1848 3208 iniquum
1866 3117 1929 3199 sit,
1954 3131 1987 3185 et
2010 3142 2050 3185 ex
2071 3119 2225 3191 istorum
2242 3121 2283 3191 li-

262 3223 433 3291 fortuna,
485 3216 580 3289 Dixi,
1305 3219 1394 3286 teris'·
1405 3215 1601 3303 colligenda
1618 3239 1690 3284 esse
1704 3210 1917 3285 simulachra
1937 3219 2116 3306 iusticiae,
2131 3222 2286 3317 aequita-

1305 3320 1368 3402 tis,
1394 3331 1454 3386 aut
1469 3318 1617 3387 aliarum
1641 3318 1812 3388 virtutum
1830 3342 2029 3405 censemus,
2056 3322 2155 3394 iuvet
2170 3328 2284 3394 eadem

1304 3422 1348 3490 ab
1373 3415 1440 3489 hoc
1458 3419 1567 3490 Poiita
1591 3433 1729 3511 petere,
1765 3445 1806 3489 ex
1829 3446 1899 3513 qno
1928 3425 2101 3511 permulta
2134 3427 2281 3517 mutuati

1304 3535 1387 3591 suut
1412 3522 1467 3589 illi
1490 3521 1557 3611 ipsi
1577 3521 1695 3610 legum
1711 3522 1899 3613 scriptores
1919 3538 1952 3593 et
1966 3520 2191 3618 Philosophi.
2241 3524 2282 3599 Et

276 3603 342 3674 No·
361 3603 418 3671 13·
1070 3605 1254 3687 (115269)
1305 3637 1358 3693 est
1385 3623 1557 3715 quaedam
1584 3645 1626 3693 ex
1651 3623 1812 3694 fontibus
1835 3622 1918 3711 illa,
1945 3627 1973 3696 si
1999 3629 2112 3719 possis
2137 3623 2284 3714 haurire,

269 3696 447 3769 ’Μ
1083 3697 1248 3724 m
1304 3724 1487 3814 voluptas,

488 3802 652 3919 Proef.
683 3807 734 3890 in
763 3809 1028 3896 Hesiodum.
1354 3878 1433 3943 Nam
1456 3900 1629 3964 qumquam
1652 3903 1741 3964 ..por
1774 3896 1836 3961 est,
1870 3874 1928 3970 (ut
1950 3876 1998 3947 ait
2027 3874 2160 3977 Ovio.)
2194 3890 2282 3951 osan

205 4042 208 4046 ,
232 3950 239 4065 J
333 3989 413 4058 apua
433 3986 507 4042 cra.
525 3984 595 4055 nni.
623 4001 650 4055 p.
667 3983 745 4052 ets,
780 3982 809 4038 a
829 3958 979 4043 panna
998 3989 1033 4045 u.
1052 4008 1078 4058 ρ.
1095 3993 1134 4060 a,
1162 3993 1191 4047 t..
1209 3995 1254 4049 nt.
1716 3985 1812 4046 dulcis
1827 3989 1859 4045 tn
1875 3988 1973 4064 0111,

365 4057 482 4110 ⁵“'‘⁸¹‘
502 4055 537 4137 ll·
557 4071 585 4136 Ρ·
606 4059 647 4117 ¹⁶⁹
666 4053 793 4109 ffid‘ffll·
813 4057 847 4106 Τ·
865 4052 889 4109 ¹·
909 4077 934 4128 Ρ·
947 4058 1008 4139 ²9⁵·
1043 4058 1149 4116 Recuu
1168 4062 1197 4117 3¹¹
1210 4067 1253 4148 Ji·
1407 4077 1528 4143 Grotius
1544 4104 1583 4143 ex
1598 4086 1664 4164 ipso
1679 4085 1764 4148 fonte
1782 4090 1925 4148 bibuntur
1942 4109 2055 4170 equae,

367 4128 436 4179 bro:
455 4123 567 4177 Hesiodi
586 4141 687 4192 opera,
705 4140 773 4192 quae
791 4133 880 4177 extant
899 4144 990 4180 omma
1002 4147 1115 4199 graece,
1133 4152 1195 4187 curn
1209 4153 1253 4187 tn·

367 4193 560 4264 terpretatione
579 4192 661 4246 latina
679 4202 732 4247 etc.
751 4191 830 4251 Baril.
850 4194 927 4250 1564.
1352 4181 1393 4244 Et
1407 4189 1502 4264 tnagis
1517 4184 1645 4247 adducto
1662 4209 1787 4267 pomum
1801 4191 1957 4271 decerpere
1972 4213 2074 4268 ramo,

1408 4283 1511 4365 Quem
1526 4287 1563 4347 de
1578 4292 1687 4350 0111111
1701 4313 1817 4352 sumere
1832 4298 1916 4354 lance
1929 4297 2022 4355 iuvet.

376 4371 423 4438 ln
450 4365 653 4437 H0³i⁰d¹⁴m
674 4360 873 4458 Praefati‘)
899 4367 1013 4469 Phi-¹
1040 4374 1142 4445 Mel·
1304 4426 1393 4499 Nam
1418 4443 1452 4498 et
1473 4430 1601 4522 reliqui
1625 4434 1834 4523 scriptores,
1861 4437 1921 4529 qni
1946 4460 2085 4505 morum
2106 4451 2278 4531 praecepit

266 4506 374 4608 Quod
397 4517 434 4583 in
454 4513 616 4583 Plautina
630 4513 749 4581 fabula
767 4507 893 4582 histrio
911 4517 1102 4605 praefatur,
1122 4518 1252 4588 iustam
1305 4543 1335 4596 et
1353 4530 1443 4618 leges
1462 4532 1657 4614 tradidere,
1685 4553 1829 4627 propter
1852 4539 2038 4607 infantiam
2063 4553 2096 4607 et
2115 4540 2278 4620 sermonis

265 4647 301 4692 se
328 4645 399 4686 rem
427 4616 547 4684 venire
573 4629 709 4683 oratum
735 4628 768 4683 et
793 4614 953 4699 facilem,
988 4618 1024 4685 id
1053 4642 1115 4708 ego
1139 4622 1252 4691 multo
1305 4631 1460 4720 inopiam
1489 4633 1559 4700 vim
1583 4635 1725 4706 virtutis
1750 4663 1788 4707 ac
1810 4640 1959 4707 formam
1984 4662 2189 4729 germanam
2216 4662 2277 4712 non

267 4715 480 4792 rectiushoc
498 4718 630 4786 iss1020
649 4717 979 4808 Praefssrl'POSSUffl,
1006 4722 1091 4788 dum
1116 4747 1190 4790 non
1212 4738 1253 4793 ut
1305 4746 1495 4822 potueruut
1516 4736 1621 4803 nohis
1644 4741 1691 4806 ob
1709 4742 1834 4807 oculos
1851 4766 1991 4831 ponere.
2044 4739 2279 4816 AtHesiodttt

264 4822 327 4892 ille
355 4822 511 4890 ioculare
543 4816 756 4887 adulterium
788 4818 827 4886 iss
849 4822 1154 4908 Stessam'adfero,
1190 4827 1249 4894 sed
1304 4856 1498 4922 expressam
1527 4842 1703 4927 quandam
1734 4842 1922 4932 imaginem
1944 4844 2047 4943 ,vivis
2075 4826 2292 4918 illustratori

267 4923 470 5015 gravissima
502 4921 595 4992 vitae
630 4932 833 5009 praecepta,
868 4923 1039 5012 quosdam
1068 4925 1172 4992 etiam
1207 4928 1250 4996 de
1304 4936 1500 5018 coloribus,
1526 4961 1590 5006 nec
1612 4943 1787 5014 adscititio
1805 4946 1963 5014 vitiatam
1987 4948 2085 5030 fuco,
2111 4948 2279 5042 planeque

265 5039 394 5095 natura
421 5046 560 5106 rerum,
594 5020 813 5102 desiderum
835 5035 918 5090 ortu
941 5035 974 5090 et
996 5047 1121 5095 occasu
1144 5027 1250 5103 locos.
1303 5037 1426 5120 talem,
1462 5039 1599 5129 qualem
1622 5039 1758 5134 Apellis
1782 5049 1880 5115 color
1911 5049 1948 5116 in
1972 5049 2102 5116 fabulis
2126 5067 2279 5140 spectan-

265 5124 532 5196 Decreviesslffl
548 5122 697 5191 H2830dl
722 5118 813 5219 ἔργα
834 5118 1053 5218 καὶῆμὲρας
1076 5150 1250 5200 enarrare.
1303 5140 1384 5205 dam
1402 5135 1554 5209 exhibet.
1605 5142 1718 5214 Porro
1734 5160 1769 5214 ut
1797 5143 1976 5218 architecti
2002 5164 2124 5220 tenent
2147 5152 2185 5221 iu
2209 5151 2279 5222 ani·

267 5228 305 5298 ld
325 5251 389 5315 ego
406 5227 529 5314 poe'ma
547 5224 706 5315 postulo,
732 5237 773 5292 ut
791 5247 927 5293 summa
953 5250 1034 5294 cura
1048 5229 1251 5318 diligentia·
1303 5264 1360 5307 mo
1378 5240 1531 5310 inclusas
1550 5259 1661 5314 certas
1677 5248 1808 5316 formas
1824 5251 2082 5330 aedificiorum,
2102 5276 2191 5345 quas
2208 5254 2280 5323 imi-

266 5355 335 5423 que
351 5326 520 5397 studeatis
544 5349 764 5414 cognoscere.
819 5324 899 5414 Qua
921 5328 959 5396 in
984 5353 1039 5413 re,
1065 5357 1168 5425 quam
1194 5339 1249 5402 ni·
1304 5355 1424 5410 teutur
1449 5343 1485 5410 in
1508 5346 1743 5429 aedificando,
1768 5364 1859 5419 etnt
1884 5352 2010 5421 insidet
2035 5353 2209 5427 inruente
2230 5354 2277 5447 pi·

266 5428 317 5500 hil
334 5430 518 5522 iniquum,
544 5442 602 5496 aut
626 5427 812 5516 indignum
832 5429 953 5510 vobis,
979 5446 1041 5502 aut
1064 5437 1109 5505 ab
1131 5435 1249 5509 officio
1304 5447 1410 5512 ctoris
1453 5446 1584 5536 species
1626 5445 1903 5540 pulchritudinis
1942 5455 2071 5522 eximia
2105 5456 2281 5548 quaedami
