4672 6016
168 246 247 323 soe
643 244 816 335 ,naon
865 242 942 323 oa
974 240 1308 367 ratramno
1338 241 1746 328 aanoaaossa
2144 264 2222 340 sao

164 444 246 495 „ou
267 434 430 517 mm,
455 421 531 517 ξμς
551 421 592 493 in
613 421 689 495 πίε
713 422 811 495 inter
832 421 1084 515 ,mumanae
1099 447 1169 517 pu.
1221 418 1355 490 bellom
1397 421 1658 513 potentissimas
1691 449 1848 523 quasque
1885 428 2008 505 ltaliae
2046 437 2213 515 civitates.

161 546 297 617 gnare,
321 525 361 597 in
375 516 703 620 oppugnationibus
726 524 866 619 primns
883 529 1073 597 ascendere
1088 550 1168 599 mu·
1221 518 1434 611 Queruntur
1454 525 1524 595 sibi
1552 526 1608 596 ins
1629 534 1854 623 quarundam
1883 534 2066 609 civitatum
2090 542 2214 617 edem.

162 651 245 714 tos,
276 627 432 724 denique
462 628 755 723 praestantissimi
776 627 887 701 Ducis
917 641 953 701 et
981 628 1166 701 lectissimi
1219 636 1320 716 ptum
1339 648 1422 697 esse.
1475 624 1729 704 Hortantorut
1746 636 1996 707 commonibus
2013 642 2124 734 copiis
2140 642 2211 721 lta-

161 730 293 801 militis
306 754 413 825 opera
434 731 555 803 omnia
569 730 672 801 obire
686 730 835 805 solebat.
888 728 1011 825 ltaque
1027 754 1165 823 semper
1218 726 1287 797 liae
1303 726 1449 799 libertas
1464 728 1688 809 defendatur.
1739 730 1836 805 llaec
1858 738 2005 813 luerunt
2022 748 2208 838 asperrimi

160 833 320 905 munna
333 834 514 907 celeritate
526 833 686 924 ingentia
698 833 793 905 bella
808 835 970 905 confecit.
1001 830 1163 904 Primum
1216 839 1252 899 et
1271 828 1436 901 diuturni
1466 831 1553 901 belli
1580 832 1693 905 initia.
1751 834 1844 909 Cum
1864 855 1981 912 autem
2005 842 2208 923 Fridecicus

161 934 303 1007 bellum
324 960 405 1007 cum
420 934 534 1008 Danis
554 937 681 1027 gessit,
708 936 810 1008 cuius
827 934 942 1027 gentis
964 934 1051 1005 olim
1071 959 1163 1030 quo-
1216 928 1430 1024 intelligeret
1454 930 1593 1004 ltaliam
1620 950 1729 1008 totam
1754 939 1792 1008 in
1814 944 1921 1013 armis
1944 968 2035 1031 esse,
2067 973 2205 1026 summa

162 1061 237 1133 qne
260 1060 435 1109 summam
458 1039 706 1111 fortitudinem
727 1038 853 1123 fuisse,
875 1033 1044 1109 historiae
1064 1035 1163 1108 Cim·
1213 1032 1390 1105 celeritate
1405 1036 1596 1106 exercitum
1614 1037 1651 1107 in
1669 1037 1805 1111 ltaliam
1822 1044 1929 1118 (lucil.
1977 1044 2136 1124 Historia
2151 1069 2204 1128 est

160 1139 530 1226 ammoneantur,
556 1141 617 1236 qni
635 1164 742 1235 qnam
765 1139 1010 1211 formidabiles
1027 1139 1160 1209 suerint
1211 1133 1371 1225 longior,
1396 1161 1501 1230 quam
1527 1151 1566 1209 ut
1591 1139 1629 1209 in
1654 1142 1910 1216 declamatione
1932 1156 2105 1223 recenseri
2129 1169 2202 1230 tota

159 1242 249 1313 urbi
261 1238 413 1328 Romae,
439 1243 576 1337 quoties
593 1243 848 1315 trucidaverint
862 1239 1046 1314 Romanos
1061 1264 1159 1312 exer·
1211 1238 1332 1327 possit·
1366 1238 1434 1309 Sed
1452 1263 1634 1330 excerpam
1652 1247 1823 1337 quaedam
1840 1249 1948 1329 little,
1975 1276 2065 1345 quae
2083 1272 2203 1329 osten-

158 1343 275 1425 citus,
300 1370 374 1414 non
394 1346 574 1436 ignoratis.
625 1342 744 1415 Hodie
760 1345 865 1415 etiarn
884 1357 982 1416 tanta
1000 1340 1158 1415 Danicae.
1210 1340 1300 1408 dunt
1315 1352 1349 1409 et
1367 1355 1497 1433 quanta
1511 1342 1620 1411 animi
1643 1347 1888 1435 magnitudine
1905 1350 2010 1422 suerit
2030 1356 2104 1446 ipse
2118 1358 2200 1430 Fri-

157 1446 278 1537 gentis
293 1447 483 1533 fortitudo,
507 1461 630 1519 tantos
645 1471 730 1519 usus
748 1446 898 1517 militiae
912 1460 981 1532 cst,
1005 1458 1046 1517 ot
1062 1440 1156 1519 nihil
1209 1441 1363 1533 deciens,
1379 1454 1573 1537 etquaotos
1591 1460 1847 1542 motusqoanta
1863 1453 2038 1526 celeritate
2053 1484 2201 1552 oppres.

158 1550 393 1640 degcnerssse
422 1574 441 1620 a
470 1546 626 1621 Cimbris
657 1550 729 1619 illis
753 1549 931 1619 celeribus
958 1548 1157 1625 videantur.
1207 1542 1307 1614 serit.
1359 1542 1439 1615 ltali
1466 1544 1656 1618 exercitum
1689 1548 1727 1617 in
1751 1551 1920 1623 ulteriore
1949 1557 2025 1648 ripa
2048 1557 2200 1636 Abduae

157 1644 745 1742 OccupaverontDaniLubecam,
760 1666 795 1721 et
810 1651 982 1722 exercitus
999 1664 1074 1722 toto
1092 1650 1154 1721 illo
1207 1637 1403 1732 habebant,
1436 1643 1638 1719 Germanus
1660 1648 1697 1719 in
1722 1651 1899 1727 citeriore.
1950 1654 2113 1756 Cumque
2139 1689 2198 1736 ar-

157 1752 283 1823 littore
300 1747 475 1825 habebant
490 1754 720 1828 firmissimos.
769 1752 838 1825 Sed
854 1752 1153 1824 Fridericuscum
1207 1745 1425 1818 bitrarentur
1442 1747 1521 1819 ltali
1545 1773 1580 1819 se
1603 1764 1698 1824 totos
1714 1776 1787 1823 esse
1804 1771 1948 1848 propter
1967 1762 2121 1846 flumen,
2144 1770 2195 1838 ie.

156 1854 335 1925 indicaret
348 1856 575 1927 utilissimum
593 1880 679 1940 esse,
707 1855 861 1947 primum
881 1878 1002 1925 rursus
1019 1856 1154 1946 eripere
1205 1849 1335 1919 rociter
1349 1866 1543 1942 provocant
1560 1848 1779 1925 Germanose
1813 1858 1851 1927 in
1869 1859 1984 1951 ipsum
2003 1865 2107 1937 etiam
2126 1866 2197 1939 lm-

156 1952 324 2028 hostibos
341 1959 447 2039 belli,
472 1983 588 2027 arcem
605 1982 645 2028 ac
667 1974 842 2047 receptam
857 1954 1033 2027 Lubecam
1057 1956 1153 2027 obsi·
1205 1964 1401 2042 peratorem
1417 1954 1573 2025 convitia
1589 1957 1840 2048 superbissime
1858 1962 1993 2039 dicunt.
2034 1962 2111 2038 Etsi
2125 1970 2195 2042 llu-

154 2058 269 2129 dione
296 2059 426 2144 cinxit,
457 2082 603 2152 sperans
628 2060 723 2145 fore,
755 2073 795 2130 ot
820 2052 937 2128 hostes
967 2057 1152 2128 liberaturi
1205 2077 1287 2122 men
1311 2053 1544 2141 intumuerat,
1570 2072 1611 2128 ut
1632 2060 1746 2128 traiici
1762 2064 1933 2135 exercitos
1947 2068 2024 2136 sine
2036 2072 2193 2158 periculo

155 2161 286 2233 urbem
304 2162 484 2254 periculo,
510 2161 695 2254 pugnandi
711 2161 850 2253 copiam
866 2162 1034 2232 lacerent.
1076 2157 1151 2233 Nec
1203 2178 1277 2223 non
1293 2170 1429 2249 posset,
1454 2170 1572 2228 tamen
1589 2156 1790 2230 Fridericus
1806 2164 1993 2257 impatiens
2009 2185 2194 2245 contume-

152 2262 286 2335 iefellit
309 2264 536 2337 Fridericum
567 2260 635 2334 hoc
665 2262 865 2337 consilium.
924 2260 1048 2357 ltaque
1070 2286 1150 2331 cum
1203 2256 1290 2339 liae,
1326 2260 1508 2329 traducere
1537 2262 1735 2332 exercitum·
1759 2267 1908 2337 asseruit
1935 2283 1970 2339 et
1992 2270 2134 2344 flumini
2155 2302 2193 2348 se

153 2365 296 2460 aliquot
319 2366 480 2457 praeliis,
503 2391 594 2460 quae
615 2366 749 2435 interea
768 2365 995 2435 dnmurbem
1012 2363 1151 2434 obsidet
1202 2359 1339 2450 primus
1368 2362 1568 2437 committit.
1633 2359 1845 2455 Exemplum
1878 2369 2104 2463 lmperatoris
2134 2401 2191 2448 ee-

157 2468 479 2554 commissuram,
504 2468 666 2560 superior
681 2467 821 2551 luisset,
847 2480 984 2558 recepta
998 2462 1151 2551 Lubeca,
1202 2475 1363 2554 quuntnr
1381 2462 1534 2552 primum
1549 2464 1697 2559 equites,
1723 2468 1855 2537 deinde
1868 2484 1902 2541 et
1917 2472 2088 2566 legiones3
2117 2504 2191 2551 non

162 2570 368 2643 amnottet
385 2571 559 2663 implicari
574 2570 746 2648 diuturno
760 2569 865 2653 bello,
889 2567 1094 2659 praesertim
1110 2566 1149 2636 in
1202 2564 1410 2633 scaenaierrmr
1438 2563 1516 2633 ltali
1541 2581 1670 2649 castra,
1707 2593 1781 2637 aron
1805 2570 2047 2648 instruxerunt
2067 2581 2190 2662 aciem,

154 2668 230 2743 illis
246 2672 351 2755 locis,
377 2692 412 2745 et
424 2688 563 2763 gentem
580 2671 810 2743 fortissimam
824 2672 891 2739 sibi
910 2669 1099 2740 conciliare
1115 2684 1149 2741 et
1201 2665 1283 2757 qnia
1302 2665 1378 2733 loco
1396 2690 1433 2733 se
1448 2680 1547 2737 tartare
1561 2670 1635 2738 lore
1652 2684 1869 2760 patraverant.
1907 2672 1958 2746 lta
1978 2678 2015 2746 in
2036 2679 2190 2773 impara-

150 2774 350 2863 sdiungere
364 2776 468 2847 certis
484 2775 750 2846 conditionibus
765 2773 906 2859 mallet,
930 2772 1032 2842 facile
1053 2770 1149 2843 obti-
1200 2779 1254 2835 tos
1270 2767 1388 2837 subito
1407 2768 1487 2837 lacit
1507 2770 1677 2867 impetum
1693 2769 1913 2861 Fridericus,
1933 2791 1967 2848 et
1982 2792 2095 2851 totum
2116 2783 2190 2855 lta-

148 2876 239 2947 nuit
252 2877 440 2948 autoritate
451 2901 526 2957 sara,
548 2893 589 2949 ut
604 2875 683 2950 Rex
695 2874 853 2946 Danicos
869 2878 913 2945 ad
928 2898 965 2945 se
980 2875 1019 2944 io
1035 2891 1149 2945 castra
1200 2867 1307 2936 licum
1323 2870 1511 2939 exercitum
1527 2872 1619 2942 ludit
1633 2887 1665 2943 et
1684 2874 1791 2965 lugat.
1838 2874 1935 2948 llaec
1951 2904 2023 2954 una
2042 2884 2188 2960 victoria

149 2978 313 3062 reniret,
337 2981 382 3049 de
398 2980 746 3069 pacecollecuturus.
799 2974 853 3046 lbi
873 2977 1016 3065 exponit
1033 2972 1149 3068 lmpe-
1200 2972 1455 3061 propemodum
1477 2973 1585 3057 totins
1614 2973 1732 3044 ltaliae
1753 2980 2006 3068 possessionem
2032 2982 2190 3077 lmpera-

151 3093 253 3151 rator
276 3102 313 3149 se
335 3078 471 3147 bellom
492 3079 703 3167 suscepisse,
728 3101 803 3147 non
821 3093 858 3150 ut
874 3079 990 3148 aliena
1006 3092 1147 3169 appete·
1200 3073 1268 3141 tori
1303 3073 1472 3157 restitnit;
1523 3099 1604 3145 nam
1641 3071 1801 3148 hostibus
1836 3085 2020 3172 repressis,
2059 3090 2188 3162 multas

152 3197 229 3265 ret,
257 3182 326 3253 sed.
341 3192 381 3249 ut
402 3176 490 3247 fines
512 3198 596 3247 suos
612 3191 788 3248 tueretur:
812 3179 908 3249 idem
934 3180 964 3248 si
978 3177 1073 3249 Dani
1095 3178 1148 3247 sa·
1200 3172 1329 3241 deinde
1349 3174 1506 3244 civitates
1523 3178 1727 3266 occrrpavit,
1759 3180 1872 3250 socios
1889 3186 2128 3282 confirmavit,
2156 3206 2191 3265 et

151 3278 715 3369 cerentacsonregnncontenti
730 3293 865 3363 essem,
889 3301 1016 3348 senon
1030 3278 1147 3373 solnm
1199 3274 1373 3365 praesidia
1396 3274 1499 3344 certis
1518 3278 1659 3367 oppidis
1684 3279 1862 3370 imposuit.
1922 3282 2009 3359 Erat
2032 3289 2101 3359 iam
2122 3294 2187 3362 de-

153 3406 280 3474 pgoem
304 3406 384 3451 cum
402 3381 453 3451 ei,
475 3382 652 3451 facturum
674 3402 766 3466 ωε,
796 3382 858 3450 ,ed
880 3404 1002 3451 eorum
1024 3378 1148 3449 unrici.
1200 3374 1390 3460 bellatum,
1421 3376 1492 3444 nisi
1517 3378 1788 3449 ecclesiasticum
1810 3377 1961 3455 schisma
1982 3412 2105 3460 rursus
2129 3394 2188 3463 in-

152 3484 243 3553 tiam
268 3484 372 3555 etiarn
394 3498 571 3574 expetere,
598 3483 682 3576 quia
705 3481 839 3553 invitos
855 3483 989 3551 bellom
1010 3492 1148 3573 gereret
1197 3476 1408 3545 flammatsel
1433 3470 1501 3546 l10c
1533 3478 1678 3552 bellum.
1739 3476 1875 3552 Romae
1899 3486 1972 3557 dno
1996 3486 2186 3566 Pontifices

151 3609 237 3655 cum
251 3609 289 3654 ea
307 3585 463 3668 natione,
485 3610 592 3679 quam
608 3585 782 3656 iudicaret
794 3597 979 3674 cognatam
996 3580 1148 3654 Germa-
1197 3576 1304 3648 creati
1320 3589 1440 3662 erant,
1464 3602 1617 3672 quonum
1642 3582 1731 3652 alter
1745 3580 1965 3675 Alexander,
1990 3589 2186 3684 lmperato·

152 3687 266 3761 nicae.
300 3687 394 3759 Darei
410 3711 484 3756 non
503 3702 575 3759 tarn
590 3686 692 3758 fracti
709 3685 829 3771 armis,
849 3684 929 3779 (etsi
950 3683 1148 3777 lmperator
1196 3704 1271 3751 rem
1287 3675 1510 3750 anathemate
1523 3696 1721 3768 execrator,
1754 3695 2051 3785 proptereaquod
2069 3693 2186 3791 lmpe-

151 3814 228 3859 ooo
244 3791 360 3859 solum
383 3790 570 3880 prodentia
592 3803 624 3860 et
640 3788 851 3860 fortitudine
870 3787 1060 3877 singulari,
1083 3786 1145 3855 sed
1197 3795 1293 3852 rator
1309 3781 1489 3852 videretur
1503 3782 1604 3853 alteri
1621 3788 1731 3875 magis
1744 3786 1872 3859 lavere.
1917 3790 2082 3867 Incendit
2097 3793 2184 3871 alle-

151 3891 260 3963 etiam
295 3914 424 3979 magna
456 3889 646 3961 faelicitate
679 3890 814 3960 bellum
851 3890 942 3959 illud
974 3884 1145 3983 gesserat)
1196 3884 1331 3955 rander
1352 3884 1552 3953 nniversam
1573 3883 1732 3972 ltaliam,
1760 3912 1799 3959 ac
1817 3892 2002 3985 praecipue
2018 3894 2185 3990 Venetos,

152 3982 387 4087 quam⁰capti
419 3992 559 4064 iusticia
591 4006 626 4061 et
658 3986 880 4063 humanitate
906 3990 1146 4082 lmperatoris,
1196 3982 1614 4059 adversusFridericom.
1653 3988 1801 4080 Senrper
1814 3993 1961 4066 ambitio
1978 4000 2184 4088 pontificum

152 4095 249 4188 pacis
266 4094 490 4165 conditiones
506 4093 695 4184 accipiunt.
748 4091 800 4163 lta
819 4093 951 4163 bellum
974 4093 1099 4185 ingens
1112 4105 1145 4161 et
1196 4101 1232 4158 et
1262 4086 1431 4157 ordinum
1467 4087 1781 4162 ecclesiasticorum
1814 4092 1972 4184 ingentes
2009 4103 2184 4177 tumultus

154 4199 393 4290 periculosum
418 4221 493 4267 non
514 4196 632 4266 solnm
656 4194 782 4281 armis,
809 4197 868 4265 sed
893 4194 997 4265 etiam
1022 4194 1146 4288 aequi·
1197 4190 1342 4281 peperit.
1392 4185 1476 4259 Non
1493 4190 1619 4261 leviter
1630 4206 1746 4260 autem
1770 4194 1873 4265 initio
1889 4201 2115 4289 perturbatos
2131 4220 2184 4277 est

151 4300 236 4373 tatis
252 4299 424 4390 opinione
446 4298 597 4369 coniecit
614 4309 649 4369 et
663 4294 798 4387 Regem
820 4295 978 4367 vicinum
998 4296 1067 4367 sibi
1083 4297 1146 4364 de·
1196 4288 1398 4361 Fridericns
1412 4291 1595 4362 mentione
1611 4286 1854 4383 anathematis,
1878 4300 2001 4373 scribit
2016 4305 2059 4373 ad
2076 4306 2185 4379 rolle-

151 4401 303 4477 vinsit..
331 4400 428 4472 llaec
444 4398 585 4490 Regum
605 4397 752 4470 societas
770 4410 875 4493 atqoe
891 4396 1045 4469 amicitia
1064 4396 1147 4468 diu·
1196 4393 1292 4484 gium
1311 4388 1569 4477 cardinalium,
1593 4408 1706 4466 utres
1721 4396 1973 4473 diiudicentur.
2009 4402 2080 4475 Sed
2097 4404 2184 4477 Ale-

151 4520 296 4573 turoam
312 4518 345 4574 et
360 4519 490 4575 certam
504 4526 625 4595 pacem
640 4501 712 4571 illis
729 4501 816 4570 locis
832 4501 979 4593 peperit.
1018 4497 1145 4569 Postea
1196 4496 1328 4565 xander
1343 4504 1435 4563 vetat
1451 4494 1704 4585 cognitionem,
1726 4514 1910 4592 propterea
1927 4504 2021 4597 quod
2038 4502 2183 4583 baberet
2201 4552 2218 4588 ·.

151 4609 332 4695 ingressos
349 4607 506 4689 ltaliam,
527 4600 666 4677 Romae
687 4605 732 4674 de
752 4626 850 4675 more
870 4614 1058 4673 coronatus
1080 4615 1143 4673 est.
1197 4596 1235 4665 in
1259 4596 1420 4690 partibus
1443 4596 1612 4667 maiorem
1629 4596 1750 4669 ltaliae
1773 4616 1906 4692 partem
1931 4615 1965 4673 et
1980 4602 2122 4694 Gallos3
2149 4627 2184 4685 et

150 4708 195 4779 ln
212 4733 254 4777 eo
272 4708 399 4778 itinere
416 4706 704 4777 Mediolanenses
727 4729 802 4773 non
821 4719 892 4776 tam
915 4703 1143 4797 amnisquam
1197 4698 1340 4793 nequid
1360 4694 1540 4767 aCaesare
1557 4700 1704 4791 periculi
1719 4715 1819 4788 esset,
1845 4703 1974 4794 recepit
1989 4727 2026 4775 se
2039 4708 2077 4777 in
2094 4708 2185 4783 Gal-

150 4810 343 4882 autoritate
356 4808 580 4901 compescuit,
603 4808 667 4902 qui
683 4806 874 4899 cupiditate
889 4806 1145 4877 dominationis
1197 4802 1293 4876 liam.
1347 4797 1465 4870 Movit
1488 4794 1574 4871 haec
1600 4804 1813 4873 contumelia
1839 4804 1998 4875 animum
2028 4805 2186 4887 hominis

151 4913 290 4982 vicinas
323 4913 493 5005 quasdam
525 4909 684 4981 civitates
715 4908 847 4979 iniuste
876 4921 1145 5000 occupaverant.
1196 4900 1326 4987 suevi,
1348 4924 1458 4995 qnare
1478 4900 1607 4990 iratus,
1632 4904 1766 4976 bellurn
1780 4906 1948 4976 acerrime
1962 4911 2070 5000 gerit,
2092 4919 2187 4987 mut.

151 5017 225 5087 sea
244 5009 329 5083 haee
345 5013 472 5083 lenitas
489 5025 608 5104 postea
626 5011 762 5081 occasio
777 5009 845 5081 suit
869 5010 1022 5101 ingentis
1042 5009 1144 5079 belli:
1196 5018 1251 5075 tos
1265 4998 1422 5076 hostium
1440 5004 1610 5077 exercitus
1627 5006 1730 5079 delet
1771 5000 1919 5101 lltqnia
1934 5008 2186 5087 Mediolanen-

153 5132 342 5209 postquam
360 5118 557 5205 imperator
569 5115 607 5181 in
616 5110 848 5193 Germaniam
865 5113 983 5197 rediit,
1002 5108 1147 5182 Medio-
1196 5107 1288 5177 sium
1306 5103 1513 5199 praecipuae
1526 5105 1669 5178 fuerant
1686 5107 1725 5176 in
1741 5128 1781 5176 es
1795 5110 2040 5186 coniuratione
2060 5132 2199 5208 partes,

153 5214 754 5308 lanenseslmperatorislenitatem
773 5214 1052 5307 interpretantur
1073 5234 1146 5282 esse
1199 5207 1444 5278 Mediolanum
1481 5206 1516 5275 vi
1546 5222 1687 5303 captum
1717 5206 1863 5301 diripit,
1902 5212 2014 5287 diruit
2045 5241 2084 5286 ac
2111 5223 2187 5293 ⁸010

130 5333 289 5391 metum
303 5333 365 5389 ant
381 5319 492 5389 aniani
507 5317 707 5387 mollitiem.
758 5313 879 5405 Quare
901 5316 973 5387 iam
988 5318 1147 5407 despon-
1198 5321 1342 5405 aequat;
1373 5307 1510 5403 reliqna
1532 5306 1783 5400 Lougobardia
1802 5326 1959 5404 recepta,
1981 5316 2021 5384 in
2036 5314 2189 5392 Germa·

151 5423 240 5492 dent
261 5421 331 5493 sibi
358 5421 549 5513 imperium
570 5417 860 5509 Langobardiae,
887 5417 1082 5489 sollicitant
1102 5416 1146 5486 ad
1173 5502 1176 5507 Ι
1200 5414 1299 5483 niam
1323 5411 1462 5483 reducit
1476 5412 1695 5582 palmitum,
1719 5410 1804 5506 quis
1822 5410 1924 5487 ltalia
1946 5430 2086 5509 pacata,
2112 5446 2191 5497 eae.
