4672 6016
126 294 180 371 aa
861 296 1023 374 naen.
1054 296 1129 374 nn
1159 294 1427 375 necteus.
1681 256 1686 265 '
2116 304 2166 378 aa

124 467 375 554 committunt,
411 492 494 540 curn
517 467 668 554 Solone,
698 469 730 540 si
751 470 859 555 libet,
889 472 1122 563 expostulent,
1170 470 1331 562 capitalis
1349 484 1437 541 esset
1453 468 1606 555 desidia,
1627 471 1783 561 graviter
1801 473 1977 544 audiebat·
2030 470 2163 548 Furem

124 593 202 641 non
219 592 378 656 mecum,
403 571 468 665 qui
489 573 533 641 ad
551 571 805 644 consociandos
828 572 922 643 inter
939 598 976 644 se
990 575 1121 645 civium
1169 573 1429 657 abominamur,
1455 575 1550 664 quod
1565 573 1603 640 in
1620 595 1701 642 eum
1716 575 1922 664 gravissime
1936 577 2160 647 animadver-

124 671 269 745 snimos
298 685 436 744 tantum
468 673 582 745 lacere
608 688 829 745 momentum
855 675 1003 767 scriptas
1028 676 1121 766 leges
1169 686 1282 760 tatur,
1315 688 1489 767 augetque
1512 673 1646 743 crimen
1672 699 1806 766 poenae
1828 677 2003 748 atrocitas.
2053 677 2162 749 Prae-

124 773 361 858 existimavit,
386 787 427 845 ut
441 799 483 846 ex
497 799 560 847 suo
581 776 731 847 arbitrio
747 774 978 866 Magistratus
991 779 1048 849 ius
1064 777 1121 847 di·
1168 777 1273 846 donis
1294 777 1374 847 loco
1398 771 1507 846 babes
1527 800 1629 860 eum,
1653 778 1716 869 qui
1731 778 1902 879 debjtoris
1921 804 1998 848 rem
2014 792 2075 849 aut
2098 804 2161 873 pe-

124 900 206 949 cere
220 876 383 948 vetuerit.
419 875 490 949 Sed
507 879 613 949 recita
632 878 879 949 iusiurandum
895 874 1119 973 ἡλιαστικόν,
1168 879 1314 949 cuniam·
1324 892 1482 968 usurpot,
1505 878 1575 946 nisi
1590 891 1715 968 sponte
1728 879 1858 950 datam.
1909 879 2051 974 Peperit
2065 877 2160 952 ha'nc

124 978 175 1050 sic
194 977 292 1048 enim
310 973 563 1049 Demosthenes
577 993 690 1051 vocat.
742 978 902 1052 Fuerunt
917 995 951 1052 et
969 977 1120 1052 haesere
1167 980 1373 1070 opinionem
1393 979 1468 1060 lex,
1494 1004 1585 1072 quae
1604 982 1834 1070 pronunciat,
1859 982 1932 1050 vim
1950 1005 2040 1067 esse,
2068 1008 2160 1076 quo-

124 1104 253 1153 oausae
288 1103 352 1148 cur
383 1079 542 1153 Romani
566 1083 694 1173 scripto
723 1083 800 1152 iure
831 1083 885 1152 uti
915 1084 1117 1155 maluerint.
1169 1082 1233 1152 ties
1256 1083 1334 1175 quis
1358 1082 1394 1151 id
1419 1084 1515 1173 quod
1538 1082 1659 1151 deberi
1689 1082 1882 1164 existimat,
1911 1108 1974 1176 per
2003 1085 2159 1155 iudicem

124 1181 288 1255 Nimium
302 1180 372 1250 sibi
385 1184 562 1275 principes
575 1186 773 1255 sumebant.
823 1183 929 1254 Plebs
945 1185 1118 1255 nonsatis
1167 1184 1329 1274 reposcit.
1369 1179 1471 1253 Nihil
1486 1197 1602 1251 autem
1619 1207 1698 1252 cum
1715 1184 1965 1275 opinionibus,
1991 1199 2065 1256 tum
2078 1211 2158 1255 mo·
2256 1252 2261 1274 ,

126 1298 200 1357 tuto
229 1283 397 1352 creditam
421 1282 653 1376 optimatibus
679 1287 877 1358 libertatern
904 1288 1120 1371 existimans,
1167 1285 1267 1354 ribus
1284 1285 1416 1355 nostris
1440 1284 1642 1354 instabilius
1665 1298 1771 1372 esset,
1795 1287 1865 1355 nisi
1889 1311 1930 1356 ex
1952 1287 2055 1357 certis
2071 1289 2158 1378 legi-

126 1409 227 1478 sacpe
259 1384 448 1477 imperinm
477 1388 791 1482 auctoritatemque
816 1390 1046 1475 detrectabat,
1075 1390 1120 1458 de
1168 1389 1234 1457 bus
1249 1399 1549 1480 compararentur.
1596 1382 1687 1457 Nam
1703 1401 1743 1456 ut
1758 1402 1886 1457 nautae
1900 1413 2040 1459 cursum
2059 1390 2104 1458 ad
2118 1413 2159 1458 ea

124 1489 203 1561 iure
225 1509 331 1575 saepe
355 1489 611 1560 dissentiebant
632 1489 725 1560 inter
746 1514 784 1560 se
804 1491 910 1561 etiarn
931 1492 1019 1562 boni
1037 1490 1118 1560 viri.
1164 1489 1301 1574 sidera,
1336 1512 1426 1583 quae
1449 1490 1572 1557 eodem
1593 1512 1730 1579 semper
1754 1489 1833 1558 loco
1858 1489 2162 1580 circumaguntur,

124 1588 223 1661 llaec
236 1590 427 1679 coegerunt
445 1604 519 1660 tum
536 1593 649 1683 plebis
665 1593 917 1678 temeritatem,
945 1605 1022 1665 tum
1038 1590 1119 1663 Ma-
1165 1589 1342 1679 dirigunt,
1369 1590 1418 1660 ita
1433 1613 1496 1679 par
1511 1603 1580 1669 est,
1605 1605 1645 1660 ut
1662 1590 1706 1658 ad
1730 1591 1841 1680 leges,
1866 1615 1956 1684 quae
1980 1593 2160 1682 asapien-

124 1693 339 1783 gistratuum
358 1692 430 1759 vim
455 1694 560 1763 certis
582 1693 939 1785 legibus-moderari:
965 1708 1118 1788 suntque
1165 1692 1310 1764 tissimis
1324 1686 1530 1762 bominibus
1544 1691 1654 1775 latae,
1680 1705 1712 1761 et
1729 1692 1871 1761 virtutis
1892 1693 1985 1762 viam
2002 1694 2158 1765 rectissi-

124 1792 315 1865 duodecim
332 1791 414 1862 illae
427 1794 578 1880 tabulae,
603 1795 682 1865 lons
699 1794 788 1866 iuris
805 1797 932 1881 nostri,
959 1798 1118 1889 pruden·
1165 1818 1221 1863 me
1236 1793 1409 1876 indicant,
1435 1804 1471 1863 et
1483 1793 1538 1861 sni
1554 1817 1736 1885 nunquam
1754 1794 1943 1863 dissimiles
1959 1808 2053 1880 sunt,
2077 1795 2159 1885 opi·

124 1895 344 1969 tissimorum
367 1887 556 1966 bominum
578 1896 710 1966 iudicio
734 1899 947 1988 propositae.
1000 1896 1040 1969 ld
1061 1897 1119 1968 iu·
1164 1896 1290 1966 niones
1312 1908 1449 1964 nostras
1477 1895 1664 1983 exigamus.
1716 1893 1786 1965 Sed
1808 1910 1846 1965 ut
1869 1897 1969 1964 nulla
1992 1897 2082 1967 ratio
2100 1896 2161 1982 sit,

124 2022 207 2092 gum
226 1996 354 2087 cupide
368 1997 533 2068 universa
558 1997 681 2069 civitas
703 1999 854 2091 accepit,
873 2023 954 2069 cnm
971 1998 1119 2069 sentiret
1164 2022 1228 2067 cur
1241 1996 1373 2088 scripto
1391 1997 1467 2065 iure
1483 2010 1643 2076 utamur,
1669 2009 1759 2064 certe
1776 1993 1960 2069 Romanae
1976 2000 2066 2087 leges
2080 2022 2157 2066 me·

124 2102 249 2173 orbem
272 2122 345 2168 non
362 2098 426 2169 diu
446 2100 602 2173 loturam
625 2100 861 2182 incolumem,
887 2100 958 2169 nisi
980 2101 1119 2191 legibus
1163 2100 1352 2182 rebantur,
1376 2120 1463 2191 quas
1480 2091 1549 2166 huc
1565 2096 1847 2189 importaremus.
1901 2097 2021 2188 Quare
2043 2100 2159 2167 maio-

124 2202 336 2275 muniretur.
1018 2285 1020 2288 Α
1164 2224 1243 2268 rnm
1266 2212 1469 2269 nostrorum
1497 2200 1720 2289 prudentiam
1744 2200 1872 2285 laudo,
1897 2204 1993 2294 quod
2020 2198 2158 2272 Roma-

215 2302 331 2373 Porro
348 2324 428 2371 cum
445 2300 603 2372 civitates
620 2301 716 2371 orbis
730 2316 904 2372 terrarum
920 2300 1117 2391 Principes,
1164 2325 1228 2370 nas
1244 2301 1465 2392 potissimum
1480 2300 1573 2389 leges
1589 2301 1816 2389 delegerunt,
1841 2326 1927 2395 quas
1945 2303 1983 2370 in
2006 2304 2084 2372 iure
2099 2304 2158 2371 di-

124 2404 278 2498 megerit
302 2403 490 2473 necessitas
513 2428 602 2494 pene
624 2400 819 2474 Diomedes
841 2404 934 2492 leges
952 2406 1116 2481 condere,
1164 2406 1276 2472 cendo
1294 2415 1534 2494 sequerentur.
1586 2399 1633 2471 Et
1650 2403 1793 2493 qnando
1811 2397 1981 2472 hactenus
2003 2403 2159 2492 benigne

124 2509 202 2607 quis
226 2508 330 2577 luror
353 2517 423 2584 est,
458 2507 550 2594 apud
573 2528 639 2574 nos
663 2505 732 2573 iam
759 2528 826 2576 usu
850 2521 1006 2596 receptas
1026 2503 1117 2572 velle
1164 2499 1254 2572 milri
1268 2504 1466 2585 audiendo,
1491 2526 1634 2593 operam
1651 2503 1822 2587 navastis,
1848 2506 1962 2574 favete
1977 2528 2106 2596 quaeso
2122 2517 2158 2575 et

130 2614 294 2701 abrogare
318 2631 358 2675 ac
383 2606 574 2675 iuducere?
613 2605 746 2696 Magna
776 2606 1045 2677 consuetudinis
1062 2605 1117 2673 vis
1163 2606 1319 2697 reliquae
1342 2604 1508 2674 orationi.
1560 2599 1745 2694 Exponam
1768 2605 1862 2673 enim
1888 2606 2059 2685 breviter,
2092 2628 2160 2676 cnr

133 2726 198 2798 est,
219 2732 308 2805 quae
331 2729 447 2778 mores
467 2731 607 2794 omnes,
627 2711 757 2801 quibus
778 2709 961 2780 assuefacti
984 2730 1117 2792 sumus,
1163 2721 1345 2797 tantopere
1361 2707 1476 2790 iuvet,
1502 2730 1520 2773 a
1539 2704 1712 2776 Romanis
1730 2706 1822 2795 leges
1837 2708 2005 2776 mutuari.
2044 2705 2159 2777 Vetus

128 2814 198 2885 sinc
239 2810 510 2904 perturbatione
550 2811 694 2902 publica
730 2811 862 2882 mutari
902 2835 977 2881 non
1017 2809 1115 2878 sinit.
1163 2804 1221 2878 hic
1237 2832 1313 2878 mos
1327 2821 1397 2889 est,
1421 2807 1466 2876 ab
1481 2808 1613 2898 optime
1631 2808 1830 2877 constitutis
1842 2809 2012 2894 urbibus,
2038 2833 2156 2878 exem·

128 2914 244 3005 Quare
269 2914 362 3002 leges
386 2912 441 2980 vel
466 2906 534 2982 hoc
556 2912 720 2997 nomine,
747 2914 843 3006 quod
867 2910 1115 2983 consuetudini
1164 2912 1220 3001 pla
1235 2925 1366 3005 petere.
1406 2901 1508 2979 Nihil
1524 2909 1652 3000 puduit
1666 2911 1814 2990 Atticos,
1841 2909 2032 3004 Aegyptias
2048 2934 2157 3004 quas·-

125 3040 198 3089 soos
220 3016 398 3104 gerendus
418 3028 490 3098 est,
520 3015 679 3104 oportuit
703 3015 915 3085 conservari.
969 3009 1017 3084 At
1034 3036 1113 3083 cum
1162 3016 1242 3083 dam
1260 3013 1352 3102 leges
1370 3034 1586 3101 usucapere,
1613 3008 1873 3081 utHerodotus
1890 3024 2046 3083 testatur.
2082 3011 2158 3082 Ne-

125 3120 163 3190 de
184 3118 296 3187 rebus
321 3112 487 3185 harmanis
508 3114 612 3184 etiam
636 3116 725 3184 bene
752 3131 972 3201 mereantur,
995 3114 1115 3206 publi·
1162 3139 1220 3185 mo
1244 3112 1419 3184 Romanis
1443 3113 1529 3182 vitio
1553 3113 1675 3194 vertit,
1702 3116 1900 3204 quodcum
1925 3127 2065 3203 cogeret
2089 3138 2157 3204 pu·

126 3244 198 3290 cam
215 3216 510 3309 tranquillitatem
526 3230 559 3284 et
575 3217 773 3285 libertatern
790 3229 950 3299 tuentur,
968 3217 1116 3285 obsecro
1162 3217 1254 3284 blica
1269 3215 1455 3285 necessitas
1473 3213 1565 3303 leges
1581 3214 1819 3299 conscribere,
1846 3215 1883 3282 in
1900 3212 2087 3284 Graeciam
2104 3216 2157 3283 le-

126 3345 195 3393 uon
215 3319 418 3397 insaniunt,
444 3312 508 3405 qui
521 3315 666 3401 refigere
679 3315 829 3386 iubent?
861 3314 992 3385 Actum
1008 3317 1117 3384 luerit
1162 3331 1259 3406 gatos
1280 3317 1427 3399 misere,
1452 3318 1513 3406 qui
1536 3315 1623 3386 inde
1642 3315 1760 3403 legum
1777 3317 1948 3384 formulas
1963 3317 2157 3395 adferrent,

127 3424 162 3493 de
177 3419 368 3505 religione,
394 3414 439 3482 de
454 3408 686 3497 humanitate,
702 3416 746 3482 de
759 3416 864 3487 rebus
878 3416 984 3484 bonis
998 3415 1117 3483 omni·
1162 3427 1197 3484 et
1220 3417 1263 3484 de
1279 3415 1422 3505 Repub.
1445 3415 1661 3484 instituenda
1687 3437 1843 3484 summos
1864 3417 1902 3483 in
1919 3414 2071 3486 Graecia
2085 3413 2154 3485 bo-

127 3524 203 3608 lus,
233 3518 303 3587 nisi
318 3527 436 3584 coetus
452 3509 641 3584 bominum
658 3514 735 3585 iure
751 3529 923 3608 cogantur
937 3540 977 3585 ac
993 3516 1117 3585 delen·
1163 3517 1277 3586 mines
1292 3516 1531 3588 consulerent.
1583 3514 1624 3585 ld
1644 3527 1678 3584 et
1697 3540 1776 3584 cum
1799 3516 1949 3587 maiores
1966 3519 2079 3587 nostri
2102 3519 2155 3587 le-

127 3628 265 3697 dantur.
306 3616 429 3709 Neque
445 3638 530 3686 vero
547 3615 641 3685 inter
660 3630 794 3688 caetera
813 3618 929 3707 legum
947 3617 1114 3687 beneficia
1163 3617 1294 3702 cerint,
1318 3641 1398 3686 rum
1416 3617 1721 3708 Romanaelleip.
1737 3618 1897 3687 instituta
1915 3620 1958 3686 ad
1976 3642 2041 3689 nos
2059 3633 2156 3690 attu-

127 3718 505 3813 bccpraetereundum
527 3730 600 3803 est,
628 3721 785 3811 quodde
806 3720 1030 3811 expetendis,
1056 3719 1115 3787 lu·
1160 3719 1287 3803 lerint,
1311 3718 1395 3811 quid
1415 3742 1544 3811 quaeso
1561 3719 1772 3809 peccarunt?
1823 3718 1924 3807 Quae
1939 3725 2081 3791 tandem
2096 3742 2157 3790 ars

129 3824 329 3917 giendisque
353 3820 478 3903 rebus,
519 3833 631 3889 rectas
651 3820 789 3892 civibus
810 3821 998 3912 opiniones
1020 3821 1129 3888 inse--
1161 3845 1201 3890 ex
1215 3820 1480 3890 liberalioribus
1495 3821 1567 3889 illis
1580 3821 1678 3890 domi
1693 3821 1797 3890 nobis
1812 3834 1893 3889 nata
1908 3823 1983 3893 est?
2004 3820 2155 3907 Literas,

129 3941 218 3999 runt.
270 3926 310 3994 ld
330 3924 417 3990 adeo
434 3921 476 3988 ad
492 3920 698 3992 formandos
713 3947 838 4008 mores,
865 3946 1031 4012 magnum
1049 3916 1113 3989 lta·
1160 3936 1360 4012 temporum
1384 3922 1608 4004 discrimina,
1640 3924 1795 3991 siderum
1820 3937 1919 3992 ortus
1940 3936 1974 3994 et
1996 3946 2153 4004 occasus,

129 4029 431 4100 betmomcntum.
479 4017 611 4092 Errant
629 4024 725 4093 enim
742 4025 945 4094 mortalium
962 4023 1114 4112 ingenia,
1160 4019 1490 4107 architectonicam,
1529 4022 1703 4111 Musieam
1735 4024 1843 4093 exteri
1872 4025 2040 4104 docuere,
2074 4024 2155 4094 sine

131 4130 191 4201 nisi
208 4129 312 4199 certis
329 4125 522 4219 praeceptis
544 4140 729 4214 regantur,
755 4142 790 4198 et
809 4141 849 4197 ut
866 4127 1024 4220 quidque
1039 4149 1112 4193 ma·
1160 4149 1310 4219 quarum
1328 4126 1529 4215 cognitione
1552 4127 1623 4196 vita
1649 4125 1755 4214 plane
1771 4149 1893 4195 manca
1915 4141 1983 4196 est:
2016 4128 2054 4195 in
2070 4127 2152 4220 qui-

130 4220 457 4317 xindcommodum
478 4226 517 4293 in
535 4227 728 4316 praesentia
745 4229 902 4308 videtur,
930 4228 976 4295 ita
1002 4226 1112 4294 maxi·
1161 4229 1229 4297 bus
1253 4228 1282 4296 si
1304 4223 1397 4296 nihil
1421 4228 1571 4296 offendit
1596 4227 1844 4315 peregrinitas,
1869 4229 1954 4318 quid
1976 4242 2070 4300 vetat
2090 4253 2153 4296 ex-

131 4355 177 4405 ose
192 4333 300 4402 licere
321 4342 464 4422 putant,
492 4328 615 4396 oculos
633 4343 858 4422 mentemque
881 4329 992 4398 libido
1013 4352 1113 4418 prae·
1160 4329 1270 4398 ternis
1294 4329 1430 4417 legibus
1452 4329 1530 4398 uti?
1580 4328 1671 4417 Quis
1694 4329 1834 4400 dubitat
1858 4345 1978 4402 nostra
2002 4332 2154 4399 cultiora

134 4434 273 4524 stringit,
291 4445 332 4502 ut
348 4432 442 4524 quod
462 4429 612 4499 maxime
628 4430 800 4520 cupimus,
826 4454 939 4521 saepe,
965 4430 1034 4498 nisi
1050 4432 1113 4498 de-
1160 4454 1250 4510 esse,
1278 4445 1313 4500 et
1328 4431 1439 4500 literis
1454 4443 1488 4500 et
1503 4430 1640 4517 legibus
1653 4426 1828 4500 Romanis
1842 4432 2016 4516 advectis,
2042 4454 2151 4524 qnam

133 4528 283 4608 hortetm
296 4535 412 4623 legum
426 4530 628 4614 auctoritas,
652 4530 827 4620 optimum
843 4555 918 4600 esse
932 4532 1112 4601 ducamus.
1159 4533 1258 4603 luere
1271 4532 1386 4623 prisco
1402 4532 1465 4600 illo
1481 4532 1631 4601 barbaro
1647 4532 1785 4615 secedo,
1809 4555 1888 4599 cnm
1907 4557 1970 4601 nec
1986 4530 2153 4620 ingenuis

135 4634 261 4709 dracus
286 4632 379 4704 nihil
400 4656 473 4701 esse
496 4632 575 4704 vitii
593 4630 631 4701 in
653 4632 799 4703 foenore
817 4633 977 4703 iaciendo
994 4633 1113 4702 existi·
1159 4634 1297 4703 artibus
1310 4634 1420 4701 animi
1434 4647 1635 4702 nostrorum
1652 4634 1817 4723 privatim
1833 4634 2060 4722 fingerentur,
2085 4656 2152 4701 nec

135 4754 203 4827 fltt,
227 4753 267 4811 at
282 4738 313 4807 si
329 4736 485 4805 valerent
500 4734 609 4822 leges,
636 4757 726 4825 quae
741 4735 1023 4805 foeneratoribus
1037 4760 1112 4803 ma·
1159 4735 1421 4826 publicolam,
1453 4749 1515 4805 aut
1535 4750 1628 4805 certa
1654 4735 1842 4825 disciplina
1869 4735 2152 4807 mansrreliere‘nt.

137 4835 232 4913 locem
244 4838 411 4911 mulctam
427 4836 705 4918 constituerunt,
730 4862 836 4929 quam
853 4837 1007 4921 t‘uribus,
1031 4837 1113 4928 quis
1159 4836 1260 4906 Adeo
1277 4860 1322 4904 ne
1337 4837 1573 4926 praesentium
1591 4836 1758 4926 poenitet,
1781 4849 1820 4903 nt
1837 4848 1975 4905 mutare
1991 4861 2072 4905 cum
2088 4860 2152 4904 vem

137 4960 193 5013 ton
213 4952 438 5012 execraretur
459 4936 609 5007 foenus?
640 4936 733 5008 Sunt
751 4961 840 5031 quos
855 4962 980 5029 parurn
1002 4939 1113 5028 pudet
1159 4951 1273 5008 terum
1288 4938 1452 5007 barbarie
1468 4939 1599 5007 libeat?
1623 4962 1712 5031 qnae
1728 4937 1925 5005 cuiusmodi
1940 4938 2067 5018 suerit,
2092 4937 2149 5004 vel

137 5040 276 5128 mentiri,
288 5055 324 5112 at
339 5065 418 5111 curn
433 5063 475 5108 ex
491 5040 565 5128 lege
580 5039 767 5108 duodecim
782 5040 983 5109 tabularum
995 5064 1014 5108 e
1028 5063 1112 5108 saxo
1158 5064 1200 5109 ex
1214 5063 1255 5108 eo
1271 5053 1386 5130 potest
1400 5040 1599 5121 aestimari,
1624 5041 1718 5132 qnod
1737 5032 1901 5106 humanis
1914 5034 2039 5109 hostiis
2054 5041 2148 5130 apud

138 5136 276 5239 Tarpeio
291 5141 541 5219 deiiciebatur,
566 5140 627 5234 qni
648 5141 774 5209 lalsum
800 5141 1040 5212 testimonium
1055 5142 1111 5209 di·
1158 5136 1224 5211 hos
1236 5140 1377 5214 litatum
1392 5155 1454 5215 est.
1504 5139 1601 5211 Eant
1615 5164 1704 5233 quos
1719 5152 1902 5229 tantopere
1917 5155 2070 5210 vetustas
2086 5143 2147 5209 de-

138 5243 210 5318 sisse
229 5245 413 5318 convictus
436 5256 529 5322 erat,
555 5265 641 5311 cane
665 5242 763 5329 peius
779 5258 812 5313 et
833 5267 947 5331 angue
963 5246 1110 5312 menda·
1157 5244 1279 5328 lectat,
1315 5256 1350 5313 et
1376 5243 1566 5332 glandibus
1589 5244 1693 5312 etiam
1715 5256 1911 5316 vescantur.
1970 5241 2044 5311 lam
2067 5265 2148 5309 enm

140 5344 213 5418 tium
233 5350 358 5419 oderat
378 5344 583 5416 multitudo.
639 5341 853 5434 Perpetuam
874 5347 991 5415 ocium
1014 5369 1110 5416 nunc
1158 5342 1315 5416 Romani
1332 5345 1451 5418 literas
1470 5368 1535 5414 nos
1549 5358 1640 5415 artes
1658 5340 1813 5434 aliasque
1830 5344 2033 5422 docuerint,
2060 5341 2147 5434 qnid

140 5439 167 5515 ie
178 5449 266 5523 lanta
281 5448 374 5520 vitae
388 5459 487 5541 parte
501 5456 656 5538 ponunt,
682 5459 718 5516 at
732 5468 814 5517 curn
828 5443 957 5519 Atticis
971 5447 1109 5539 legibus
1155 5446 1224 5516 luit
1239 5472 1305 5520 rur
1318 5471 1392 5518 non
1408 5447 1554 5519 illorum
1571 5446 1664 5536 leges
1679 5444 1783 5514 etiam
1798 5445 2039 5530 imitaremur,
2065 5467 2147 5513 cum
