4664 6022
140 256 217 333 sn
287 284 292 293 ·
716 240 879 318 ouer.
928 236 1004 319 nu
1045 238 1304 320 scnrrro
1343 204 1489 319 runa
1523 260 1616 331 erc.
2118 248 2226 329 ,ω

144 449 266 525 parem
286 416 527 517 eloquentiam
541 424 660 513 tantae
683 432 806 482 causae
822 409 979 496 adferre,
1004 406 1142 479 medio·
1196 435 1280 481 men
1294 426 1414 507 postea
1430 409 1601 504 scriptum
1618 407 1674 479 ius
1690 408 1954 502 expetiverunt,
1978 411 2017 482 id
2033 426 2104 501 eat,
2128 412 2194 489 Ag.

144 533 252 606 criter
271 526 455 599 declarant
471 542 576 589 strum
599 513 755 586 studium
780 525 816 596 et
831 512 1017 588 iudicium,
1069 508 1144 583 Alii
1197 513 1266 585 tica
1281 527 1315 611 et
1328 512 1511 598 Romana,
1536 525 1577 583 nt
1591 512 1679 581 certi
1697 511 1785 583 iuris
1806 513 1996 586 autoritate
2013 528 2091 587 tuta
2106 534 2196 595 esset

144 635 227 729 plus
256 630 424 700 adfemnt
447 620 504 690 vel
532 616 730 689 autoritatis
759 615 816 684 vel
846 612 1042 699 facultatis,
1083 613 1143 682 sed
1199 616 1355 690 libertas,
1397 613 1514 704 Quam
1531 614 1635 706 pauci
1650 613 1722 684 sint
1738 614 1825 684 boni
1839 612 2036 709 Principes,
2060 619 2195 693 dictum

146 752 267 808 tamen
292 730 374 825 quia
396 719 488 794 mihi
511 721 607 791 utrne
627 714 694 789 hae
718 712 835 810 parles
856 716 1001 787 dicendi
1023 738 1044 785 a
1066 714 1146 784 viro
1197 716 1341 790 Claudii
1366 716 1550 789 cuiusdam
1571 715 1721 801 indicat,
1751 716 1816 809 qui
1833 718 1899 791 ait:
1926 714 2109 793 Omnium
2130 724 2196 797 ho.

147 832 345 910 clarissimo
356 827 500 916 Decano
510 821 661 911 Collegit
675 819 804 901 nostri,
827 819 974 889 domino
993 815 1146 887 Doctore
1199 844 1331 891 norrun
1345 818 1555 911 Principum
1575 817 1746 910 imagines
1764 819 1801 888 in
1823 845 1897 890 nno
1919 823 2056 893 annulo
2079 827 2196 919 sculpi

146 940 395 1030 Hieronymo,
419 938 643 1019 praeceptore
661 935 783 993 nostro
800 944 938 992 summa
953 921 1148 989 observan-
1200 947 1315 1015 posse.
1371 919 1513 991 Deinde
1537 934 1573 991 et
1598 921 1683 990 boni
1712 921 1816 991 facile
1839 925 2081 1014 depravantur
2104 927 2196 1001 inter

150 1044 220 1126 tia,
246 1040 385 1127 fideque
402 1030 564 1109 colendo,-
590 1026 776 1094 mandatae
792 1037 893 1106 sunt,
918 1046 1070 1115 aequum
1087 1036 1150 1104 est,
1200 1039 1254 1097 tot
1276 1025 1505 1115 cornrptelas.
1556 1021 1630 1093 Nec
1656 1024 1700 1092 de
1721 1020 1836 1094 nihilo
1860 1041 1928 1110 est,
1954 1030 2053 1121 quod
2074 1029 2138 1101 ille
2159 1032 2196 1103 in

150 1166 214 1214 vos
231 1160 371 1235 quoque
386 1144 531 1224 propter
547 1129 771 1197 autoritatem
787 1124 957 1215 Collegii,
983 1150 1038 1192 me
1057 1126 1148 1193 hona
1201 1127 1400 1218 Tragoedia
1416 1126 1480 1197 ait:
1505 1120 1555 1194 Ut
1571 1149 1675 1194 nemo
1691 1127 1815 1196 doceat
1832 1127 1983 1213 fraudes,
2005 1143 2044 1201 et
2054 1132 2196 1205 sceleris

152 1269 233 1317 cum
248 1242 352 1309 venia
368 1234 512 1316 audire,
539 1229 676 1300 etiarnsi
697 1253 770 1297 non
789 1253 931 1320 possum
949 1252 1014 1318 pro
1030 1227 1149 1318 digni·
1200 1231 1294 1311 vias,
1323 1251 1472 1318 regnum
1488 1226 1640 1300 docebit.
1693 1224 1805 1320 Saepe
1825 1254 1908 1299 vero
1926 1230 2074 1323 optimis
2090 1246 2129 1305 et
2143 1235 2195 1305 vi·

152 1362 224 1421 tate
242 1339 334 1413 banc
351 1349 510 1407 nostram
527 1333 728 1403 doctrinam
745 1354 883 1399 ornare.

257 1471 452 1548 Suetonius
472 1465 596 1537 scribit
615 1463 835 1553 Caligulam,
862 1464 925 1555 qui
944 1461 1063 1535 verius
1083 1463 1151 1534 fuit

154 1572 513 1668 immanisquaedam
528 1569 629 1640 belua
648 1563 972 1659 quaurlmperator,
996 1566 1033 1635 si>
1045 1565 1153 1634 vixis-

155 1698 224 1768 set,
249 1679 467 1750 aboliturum
486 1672 592 1741 fnisse
606 1668 726 1738 omnia
743 1669 871 1759 scripta
887 1665 1151 1738 lureconsulto-

155 1811 249 1859 rum.
300 1779 394 1852 Sunt
424 1788 634 1844 autemnon
661 1770 763 1861 pauci
787 1765 854 1838 hoe
878 1782 1057 1860 tempore,
1087 1792 1149 1861 qur

158 1888 322 1961 similiter
347 1882 500 1950 odernut
523 1876 578 1943 ius
594 1871 777 1962 scripturn,
803 1873 864 1940 sed
888 1873 1074 1962 praecipue
1099 1884 1152 1941 ta-

157 2013 242 2061 meu
265 1979 589 2055 iurisconsultorum
615 1974 834 2056 doctrinam,
866 1998 906 2041 ac
929 1973 1075 2044 mallent
1098 1997 1152 2042 res

159 2087 312 2164 iudicari
345 2081 502 2154 arbitriis
536 2089 737 2168 potentum,
781 2099 856 2143 uon
891 2076 1022 2166 scripto
1058 2075 1153 2158 iure,

159 2173 1153 2290 wmwmfflfflmmwmfflffle

159 2297 331 2369 barbarae
354 2286 516 2357 nationes
534 2302 653 2370 regere
669 2302 750 2348 suas
767 2278 946 2375 civitates,
972 2291 1005 2347 et
1022 2280 1153 2347 indicia

160 2417 319 2471 exercere
339 2390 416 2460 sinc
438 2385 571 2476 scripto
591 2383 686 2451 iure:
714 2376 843 2450 borum
859 2403 1014 2451 errorem
1034 2382 1154 2451 brevi-

160 2516 214 2575 ter
234 2493 404 2568 refutabo.

264 2629 365 2720 Quae
383 2638 466 2697 sunt
483 2636 600 2693 antem
618 2642 741 2689 causae
757 2642 866 2712 quare
887 2631 1047 2709 potentes
1068 2619 1154 2687 ode-

163 2751 252 2827 runt
268 2735 324 2804 ius
349 2724 545 2820 scriptum?
578 2721 769 2800 Priorem,
792 2719 875 2812 quia
891 2721 1021 2790 nolunt
1037 2721 1154 2807 legum

162 2835 316 2911 vinnrlis
337 2828 509 2909 coerceri,
536 2823 666 2893 nolunt
688 2845 767 2891 suas
792 2822 1001 2913 cupiditates
1021 2821 1155 2891 frenari

163 2940 351 3015 autoritate
375 2931 462 3002 certi
494 2928 601 3010 iuris,
640 2926 700 2993 sed
732 2937 901 3015 expetunt
932 2924 1155 3018 tyrannicam

163 3040 358 3117 licentiam,
374 3050 408 3104 et
424 3029 576 3100 faciendi
593 3041 627 3097 et
643 3026 856 3095 decernendi
870 3026 1039 3118 quicquid
1057 3027 1156 3098 libet.

163 3145 287 3218 Altera
305 3146 496 3219 causaest,
519 3132 618 3225 quod
639 3127 808 3198 nonnulli
828 3129 1004 3212 fremunt,
1029 3150 1065 3196 se
1082 3128 1156 3197 suis

164 3239 421 3319 lureconsultis
442 3237 480 3303 in
498 3232 638 3324 Repuh.
659 3243 828 3322 tanquam
852 3243 967 3301 mutas
987 3254 1156 3321 personas

165 3374 258 3428 esse,
285 3342 381 3439 quod
404 3339 502 3407 velut
520 3336 558 3403 in
575 3334 689 3402 aliena
712 3332 820 3400 tutela
837 3354 928 3412 esse,
954 3345 991 3404 et
1006 3335 1050 3402 ad
1068 3332 1154 3401 alie-

166 3475 254 3523 num
271 3442 524 3542 praescriptum
540 3439 728 3506 decernere
744 3446 927 3523 cogantur.
961 3431 1063 3504 Hanc
1082 3458 1156 3503 ser-

164 3554 326 3632 uitutem,
351 3560 390 3616 ut
404 3542 490 3635 ipsis
505 3563 578 3608 esse
595 3537 747 3618 videtur,
770 3558 871 3625 aegre
890 3536 1030 3620 ferunt,
1057 3561 1157 3627 prae-

165 3655 287 3725 sertim
313 3649 341 3716 si
366 3647 426 3738 qui
450 3656 532 3712 sunt
552 3638 786 3709 ferocioribus
816 3637 967 3724 ingeniis
995 3639 1156 3728 praediti.

164 3757 256 3829 Nam
278 3763 319 3821 ut
348 3761 473 3816 natura
498 3742 559 3811 alii
586 3738 893 3830 temperantiores,
923 3738 1063 3807 facilius
1095 3764 1157 3829 pa-

164 3859 306 3928 tiuntur
320 3853 428 3920 iustas
447 3849 558 3935 leges,
583 3841 646 3910 alii
669 3840 944 3930 intemperantes
967 3840 1086 3909 minus
1107 3841 1157 3910 eis

166 3971 251 4030 sunt
275 3950 463 4040 morigeri,
498 3948 547 4016 ita
580 3944 620 4012 in
645 3963 772 4031 genere
802 3940 857 4027 frt;
893 3941 982 4010 aliae
1011 3957 1158 4012 naturae

166 4060 278 4148 magis
302 4067 525 4124 contumaces
542 4059 643 4128 sunt,
670 4056 705 4111 et
721 4041 839 4110 minus
862 4042 1032 4132 patientes
1055 4045 1158 4117 freni.

166 4160 230 4232 Ηὶἱ
253 4171 336 4228 sunt
353 4153 428 4223 odii
450 4152 566 4219 fontes
577 4170 668 4238 quos
683 4143 767 4213 dixi.
820 4141 926 4233 Quod
944 4168 1023 4214 enm
1040 4147 1084 4216 sit
1101 4148 1159 4215 in-

166 4264 319 4342 iustum,
350 4268 386 4324 et
417 4263 543 4321 noceat
571 4245 724 4336 Reipub.
754 4267 951 4334 repugnare
979 4247 1094 4317 bonos
1124 4263 1158 4318 et

166 4367 359 4457 prudentes
379 4353 480 4423 omni
504 4352 623 4421 studio
646 4350 763 4429 decet,
789 4369 834 4415 ne
847 4347 978 4417 abolita
996 4351 1156 4420 doctrina

167 4459 515 4544 lureconsnltorurn‚
549 4450 687 4520 infinita
719 4450 881 4541 tyrannis
907 4475 947 4520 ac
978 4452 1159 4523 barbaries

168 4580 347 4662 sequatur.

268 4697 380 4769 Vetus
396 4708 448 4764 est
463 4705 579 4761 autem
595 4687 807 4780 disputatio,
832 4699 953 4757 utrum
967 4691 1079 4781 magis
1098 4717 1158 4762 ex.

167 4804 305 4897 pediat,
330 4797 404 4886 regi
428 4794 587 4865 civitates
611 4789 769 4859 arbitriis
790 4787 1090 4878 gubernatorum,
1112 4818 1155 4863 an

167 4905 298 4996 scripto
321 4902 416 4982 iure;
455 4896 514 4964 sed
536 4915 618 4962 cum
643 4903 805 4982 oporteat
834 4889 889 4960 ius
911 4914 986 4961 esse
1012 4910 1158 4978 certum,

166 5007 367 5076 voluntates
385 5012 500 5068 autem
515 4995 790 5083 gubernatorum
805 4990 879 5063 sint
893 4993 1058 5077 incertae,
1080 5018 1156 5065 sae-

166 5133 210 5200 pe
235 5106 339 5176 etiam
362 5122 507 5192 pravae,
537 5119 675 5165 necesse
699 5107 748 5163 est
765 5107 882 5164 extare
903 5109 1034 5167 certam
1053 5120 1156 5186 regu-

164 5211 253 5293 lam,
280 5228 369 5299 quae
390 5200 594 5270 dominetur
615 5198 653 5264 in
676 5196 816 5265 iudiciis
832 5208 866 5265 et
890 5196 1157 5285 gubernatione.

165 5310 252 5381 ldeo
289 5301 606 5400 praestantissimae
639 5296 799 5388 Respnh.
827 5296 966 5366 etiarnsi
1000 5299 1154 5391 primum

164 5427 302 5484 tantum
318 5403 475 5481 consiliis
494 5402 698 5492 Principum
713 5395 978 5468 administratae
995 5402 1077 5482 sint,
1104 5416 1156 5473 ta-

1201 1332 1405 1423 gilantibns,
1424 1344 1543 1400 tamen
1560 1329 1647 1399 falsa
1662 1330 1748 1400 recti
1764 1332 1895 1421 species
1911 1332 2077 1424 imponit.
2112 1332 2194 1411 ldm

1203 1456 1395 1504 corasensus
1429 1432 1646 1526 prudentum
1676 1443 1843 1513 testatur,
1880 1435 2008 1505 melius
2034 1459 2113 1507 esse
2144 1438 2193 1513 uti

1203 1536 1333 1628 scripto
1351 1535 1443 1621 iure;
1470 1548 1576 1629 atque
1592 1532 1639 1603 ita
1653 1534 1869 1625 pronunciat
1882 1533 2114 1627 Aristotelea,
2137 1565 2194 1613 cu·

1203 1639 1258 1709 ius
1275 1639 1380 1706 verba
1398 1630 1567 1730 tanquam
1582 1636 1765 1706 oraculum
1781 1636 1964 1723 inculcari,
1989 1644 2193 1732 praesertim

1139 1770 1148 1786 ·
1204 1753 1344 1809 nostrae
1362 1739 1485 1809 aetatis
1509 1733 1717 1808 hominibus
1737 1739 1913 1829 oportuit,
1937 1740 1989 1810 sic
2009 1743 2112 1814 enim
2135 1748 2193 1817 aits

1205 1842 1276 1932 Qui
1303 1841 1417 1931 legem
1432 1840 1511 1911 vult
1531 1839 1729 1925 dominari,
1756 1841 1832 1910 vult
1848 1865 2006 1932 praeesse
2021 1840 2144 1917 Deum
2163 1863 2194 1923 et

1204 1947 1316 2035 leges;
1341 1942 1408 2037 qui
1418 1958 1535 2015 autem
1550 1937 1707 2011 hominis
1721 1943 1870 2012 arbitrio
1886 1946 1965 2016 vult
1980 1947 2057 2037 regi
2074 1949 2192 2023 civita

1204 2062 1294 2132 tem,
1320 2044 1558 2115 saevissimam
1580 2043 1722 2114 beluam
1744 2045 1855 2115 addit.
1905 2044 1996 2117 Nam
2022 2051 2193 2142 cupidita·
2235 2038 2239 2109 l

1204 2163 1255 2218 tes
1271 2161 1304 2217 et
1326 2147 1378 2215 ira
1401 2150 1653 2236 gubernatores
1671 2147 1884 2237 depravant,
1910 2149 2050 2221 etiamsi
2068 2153 2193 2227 fuerint
2237 2172 2239 2177 '

1205 2248 1330 2341 optimi
1357 2248 1446 2331 viri,
1480 2271 1590 2342 quare
1613 2248 1668 2317 lex
1692 2261 1743 2319 est
1772 2273 1871 2317 mens
1894 2252 1970 2320 sine
1994 2255 2191 2346 cupiditate.

1206 2350 1277 2422 Nec
1301 2350 1490 2442 disputabo
1516 2352 1560 2419 de
1586 2373 1624 2420 re
1648 2350 1833 2421 manifesta
1862 2353 2062 2443 prolixius,
2095 2380 2190 2429 uem

1206 2452 1300 2522 enim
1323 2475 1430 2522 sanus
1452 2475 1528 2522 non
1550 2452 1649 2523 videt
1670 2452 1798 2521 melius
1821 2477 1895 2522 esse
1918 2455 1973 2526 uti
1995 2473 2098 2531 certo
2111 2459 2191 2546 inte,

1206 2569 1379 2649 quantum
1394 2554 1470 2624 fieri
1486 2567 1618 2646 potest,
1644 2579 1751 2647 quarn
1767 2554 1914 2630 incerto.

1306 2654 1521 2750 Quanquam
1540 2670 1656 2725 autem
1676 2656 1750 2740 illi,
1774 2657 1835 2749 qui
1860 2674 2000 2729 nostrae
2017 2662 2195 2735 doctrinae

1206 2757 1324 2852 iniqui
1339 2772 1440 2844 sunt,
1473 2781 1547 2826 non
1564 2758 1767 2848 praedicant
1790 2782 1826 2828 se
1844 2752 1911 2828 hoc
1926 2762 2037 2849 velle,
2063 2780 2105 2837 ut
2120 2766 2195 2837 nul

1205 2861 1260 2929 lae
1274 2873 1392 2931 extent
1406 2858 1556 2951 scriptae
1572 2860 1675 2949 leges,
1701 2862 1759 2929 sed
1779 2860 1857 2929 illas
1875 2863 1997 2954 longas
2013 2866 2194 2941 doctorum

1206 2962 1482 3053 disputationes,
1508 2975 1543 3032 et
1555 2963 1684 3030 molem
1712 2968 2049 3037 commentariorum
2069 2969 2199 3065 impres-

1206 3066 1291 3134 bare
1318 3089 1353 3133 se
1381 3066 1516 3134 dicunt.
1575 3063 1656 3134 Scio
1683 3057 1750 3133 bac
1785 3065 1823 3132 in
1849 3089 1889 3135 re
1916 3068 2047 3139 multos
2076 3097 2198 3163 errare,

1207 3167 1312 3235 etiam
1329 3191 1370 3236 ex
1386 3162 1624 3248 Scholasticis,
1639 3165 1702 3259 qui
1719 3166 1959 3256 imaginantur
1974 3169 2065 3242 iuris
2080 3176 2197 3269 scripti

1207 3268 1460 3360 possessionem
1484 3267 1561 3336 sine
1586 3269 1826 3358 disputatione
1853 3270 2092 3362 interpretum
2117 3277 2199 3349 reti-

1207 3372 1284 3440 neri
1311 3394 1430 3463 posse,
1455 3371 1516 3441 sed
1540 3371 1644 3460 longe
1668 3370 1852 3444 falluntur.
1905 3371 2051 3445 Tollere
2070 3380 2198 3459 doctri-

1208 3497 1310 3560 nam,
1337 3486 1388 3542 est
1407 3473 1444 3540 in
1464 3472 1670 3542 universum
1687 3472 1829 3542 abolere
1851 3473 1906 3543 ius
1920 3476 2113 3567 scriptum3
2138 3506 2196 3553 nec

1207 3576 1302 3645 enirn
1319 3576 1412 3664 leges
1427 3573 1503 3642 sine
1520 3574 1593 3643 illis
1608 3575 1728 3641 lumen
1747 3568 1877 3644 habere
1891 3593 2059 3668 possunt,
2086 3606 2193 3679 neque

1208 3689 1333 3745 natura
1361 3679 1508 3766 patitur,
1540 3689 1578 3745 nt
1610 3676 1723 3743 ullum
1744 3699 1894 3769 usquam
1917 3678 1973 3747 ius
2002 3696 2096 3754 extet
2125 3686 2196 3758 slus

1208 3778 1527 3869 disputationibus,
1567 3777 1659 3847 sicut
1688 3779 1893 3871 gravissime
1926 3781 2062 3853 dictum
2097 3799 2197 3859 ests

1208 3878 1408 3972 Pomponio
1423 3880 1607 3969 indigestis
1624 3881 1759 3967 legibus
1776 3880 1856 3950 latis
1874 3897 2001 3953 natura
2020 3885 2196 3961 lireteva·

1210 3983 1305 4066 nire,
1331 3996 1370 4051 ut
1391 3982 1633 4073 interpretatio
1649 3982 1824 4051 desideret
1847 3986 2077 4073 prudentium
2099 4005 2197 4062 auto-

1209 4084 1348 4154 ritatem
1376 4099 1410 4153 et
1427 4083 1658 4153 necessariam
1676 4083 1964 4176 disputationem.
2006 4085 2104 4163 Haec
2121 4116 2195 4165 seu-

1209 4185 1338 4269 tentia,
1364 4209 1443 4254 cnm
1467 4186 1514 4257 sit
1538 4185 1740 4269 verissima,
1765 4187 1875 4275 gratia
1892 4189 2012 4280 potius
2038 4186 2196 4267 habenda

1209 4302 1260 4359 est
1281 4286 1423 4379 peritis,
1454 4288 1516 4381 qui
1540 4287 1810 4358 illustraverunt
1832 4288 1926 4379 leges
1942 4293 2016 4362 suis
2032 4293 2195 4368 lucubra-

1208 4390 1387 4473 tionibus,
1420 4414 1526 4481 quam
1547 4384 1841 4479 reprehendenda
1860 4391 2048 4468 industria.
2101 4397 2195 4471 Sem-

1211 4516 1271 4582 per
1293 4491 1459 4562 omnibus
1483 4490 1627 4572 seculis,
1653 4494 1692 4560 in
1716 4491 1920 4563 civitatibus
1935 4496 2026 4568 bene
2045 4503 2195 4585 moratis,

1210 4593 1465 4684 disputationes
1497 4597 1541 4662 de
1576 4592 1712 4682 legibus
1744 4594 1954 4682 extiterunt3
1997 4601 2195 4676 scribuntur

1210 4696 1304 4765 enim
1334 4695 1428 4784 leges
1452 4697 1495 4765 de
1518 4696 1677 4763 moribus
1707 4709 1741 4764 et
1772 4690 1958 4767 hominurn
1991 4686 2209 4791 actionibus,¹

1210 4798 1340 4890 quibus
1355 4792 1447 4865 nihil
1464 4810 1517 4867 est
1531 4797 1723 4867 flexibilius
1740 4810 1772 4866 et
1789 4799 1900 4889 magis
1916 4802 2065 4876 varium.
2119 4806 2194 4879 Non

1211 4913 1471 4990 proponuntur,
1490 4913 1529 4969 ut
1543 4899 1582 4966 in
1595 4894 1813 4984 Geometria,
1827 4903 2022 4974 sententiae
2038 4906 2084 4975 de
2101 4934 2194 4979 men·

1208 5024 1288 5069 sura
1307 5001 1423 5093 aliqua
1446 5000 1661 5070 immutabili
1686 5001 1898 5090 figurarum,
1925 5018 2100 5080 ettamen
2115 5032 2195 5105 oput

1210 5118 1260 5173 est
1275 5104 1393 5192 regula
1409 5117 1443 5173 et
1459 5117 1552 5183 arte,
1579 5127 1669 5197 quae
1686 5104 1831 5193 negocia
1847 5107 1891 5174 ad
1916 5107 2031 5178 fontes
2052 5126 2193 5195 revocet,

1210 5219 1250 5273 ut
1267 5205 1302 5272 id
1321 5208 1415 5297 quod
1436 5219 1582 5275 naturae
1599 5203 1744 5296 propius
1761 5220 1811 5274 cst
1830 5209 2050 5280 decernatur.
2091 5213 2189 5284 Vide·

1211 5306 1254 5374 tis
1270 5307 1306 5374 in
1318 5302 1545 5398 'l'heologicis
1558 5307 1764 5396 praeceptis,
1792 5309 1930 5378 tametsi
1948 5336 2056 5400 pauca
2073 5331 2108 5388 et
2122 5331 2192 5389 tan·

1210 5421 1286 5478 turn
1304 5409 1516 5478 universalia
1540 5410 1631 5492 siut,
1657 5421 1776 5477 tamen
1792 5406 2033 5483 adhibendam
2053 5441 2127 5490 esse
2140 5444 2190 5488 ex·
