4664 6022
142 264 218 353 196
640 260 802 340 DECL
836 261 897 339 ΙΝ
928 261 1180 345 LAUDEM
1211 252 1396 341 Anus
1426 250 1708 348 manteau
2121 276 2197 359 190

140 443 253 534 signis
273 440 421 517 utilitas.
480 439 542 513 Sic
572 438 678 509 etiam
699 435 904 509 Medicinae
926 462 1000 508 non
1022 436 1143 508 minus
1196 435 1320 537 millia
1344 460 1492 511 aureum
1524 453 1560 512 et
1590 439 1756 533 amplius,
1771 445 1935 518 trecentis
1959 445 2000 519 in
2032 447 2194 542 singulos

141 544 336 636 voluptatis
356 559 391 615 et
411 544 528 615 bonae
543 541 677 633 frugis,
701 564 809 632 quam
831 541 1016 632 dignitatis
1039 540 1145 626 inest,
1197 562 1312 611 annos
1331 540 1549 634 stipendium
1571 543 1696 615 fuisse:
1722 569 1789 617 nae
1812 546 1870 617 illi
1892 550 2005 642 probe
2028 553 2194 626 maiesta-

142 646 216 718 nisi
240 645 322 741 quis
347 659 451 738 putat
471 645 609 738 aliquid
636 643 764 712 melius
792 657 826 716 et
853 644 1048 737 optabilius
1071 666 1145 713 esse
1197 654 1270 713 tem
1290 654 1327 713 et
1346 666 1492 734 operam
1508 641 1713 717 Medicinae
1732 663 1956 742 perspectam·
1973 646 2195 746 habnmunt,

142 751 242 821 bona
255 748 474 831 valetudine,
494 769 585 840 quae
597 742 803 817 Medicinae
815 746 989 819 beneficio
1002 769 1147 816 conser-
1199 757 1235 818 et
1257 743 1385 816 melius
1404 759 1439 818 et
1461 746 1649 818 candidius
1672 750 1718 820 de
1738 746 1898 824 honestis
1922 754 2031 827 rebus
2054 756 2197 832 indies-

144 867 271 932 vatnr,
294 864 331 921 et
345 851 504 920 eiusdem
519 872 626 939 opera
641 848 850 921 labefactata
865 862 1029 935 curatur;
1053 871 1145 942 quae
1197 860 1295 919 runt.
1347 843 1505 937 Quidam
1525 848 1735 923 liberalibus
1753 855 1919 945 praemiis
1939 855 2058 930 bonos
2071 859 2196 935 Medi-

145 979 190 1025 es
213 952 323 1023 variis
346 947 468 1021 herbis
487 973 612 1022 succos
632 950 813 1044 quantivis
834 951 944 1044 precii
971 950 1089 1040 erugit
1108 950 1146 1018 in
1199 972 1258 1020 cos
1287 944 1524 1022 honestarunt
1552 963 1723 1046 tantoque
1744 955 1848 1027 illum
1868 957 2033 1030 ordinem
2055 955 2195 1036 honore

146 1052 363 1127 valetudinis
384 1050 606 1137 subsidium,
630 1052 723 1124 sicut
744 1077 829 1147 apes
853 1078 895 1125 ex
914 1053 1023 1124 variis
1046 1051 1148 1127 flori·
1199 1051 1405 1124 affecerunt.
1456 1047 1507 1125 At
1520 1076 1618 1123 nunc
1631 1078 1673 1124 eo
1689 1056 1880 1130 deventum
1894 1073 1964 1147 est,
1993 1075 2034 1134 ut
2049 1086 2093 1135 es
2107 1064 2196 1137 libi-

145 1158 216 1229 ω
232 1154 417 1225 materiam
432 1153 627 1245 colligunt,
651 1156 748 1226 unde
768 1156 841 1227 mel
862 1155 1041 1239 conflent,
1065 1154 1149 1248 qui·
1200 1154 1306 1238 dine,
1325 1176 1401 1224 non
1419 1177 1460 1224 ex
1480 1178 1566 1227 vero
1593 1155 1806 1231 iudicemus:
1833 1184 1875 1230 ex
1892 1161 2023 1252 gratia,
2050 1189 2130 1237 non
2151 1191 2195 1241 ex

146 1261 216 1331 bur
229 1256 367 1328 nobisa
383 1258 521 1327 morbis
536 1256 788 1331 circumventis
803 1273 838 1332 et
850 1258 1027 1351 oppressis
1043 1280 1147 1348 opem
1199 1255 1328 1327 merito
1355 1253 1573 1343 tribuamus;
1618 1258 1780 1353 fiuntque
1810 1263 1982 1355 paulatim
2015 1267 2194 1343 deteriora

146 1362 256 1445 ferat,
281 1358 346 1453 qui
368 1358 475 1431 nobis
497 1383 517 1428 a
538 1360 676 1446 fronte,
702 1374 820 1453 tergo,
845 1360 1035 1445 lateribus,
1060 1358 1148 1429 insi-
1200 1357 1342 1443 omnia,
1374 1359 1472 1429 etin
1498 1358 1599 1452 peius
1621 1361 1847 1440 delabuntur.
1904 1363 2029 1462 Neque
2050 1370 2194 1457 dmi,

147 1464 225 1533 ἀίω
239 1463 403 1546 tendunt,
425 1476 466 1535 ut
483 1486 529 1531 ne
549 1458 656 1535 lanus
669 1454 876 1557 quidem'ab
892 1458 948 1534 bis
962 1476 1060 1535 tutus
1074 1483 1148 1539 esse
1200 1459 1332 1554 quibus
1356 1483 1453 1531 nune
1469 1458 1650 1533 Medicina
1667 1465 1805 1548 sordet,
1828 1492 1919 1560 quae
1941 1468 2029 1541 olim
2052 1474 2193 1565 magnis

147 1577 273 1661 queat,
297 1563 419 1634 sinon
435 1563 618 1636 Medicina
634 1565 743 1650 adsit,
768 1589 860 1660 quae
877 1566 1036 1637 abomni
1050 1577 1149 1657 parte
1201 1577 1235 1633 et
1251 1562 1468 1654 sapientibus
1482 1563 1569 1634 viris
1584 1564 1674 1637 tanti
1690 1566 1805 1642 fiebat.
1841 1567 1914 1642 Sed
1929 1571 2019 1665 quid
2033 1574 2194 1648 mirum?

147 1669 296 1740 morbos
308 1681 478 1761 tanquam
494 1668 667 1760 especula
683 1669 859 1754 observet,
883 1683 917 1739 et
933 1667 1075 1761 nosqui
1088 1688 1148 1735 eos
1200 1661 1251 1737 Ut
1272 1665 1369 1734 enirn
1391 1666 1549 1738 scarabei
1574 1667 1720 1758 preciosi
1742 1671 1918 1761 unguenti
1935 1674 2048 1746 odore
2078 1677 2192 1749 olien-

148 1770 381 1861 sffugiamus,
417 1782 578 1855 moneat,
611 1771 669 1841 vel
693 1771 738 1841 ab
766 1767 823 1841 bis
847 1794 1051 1863 oppressos,
1084 1792 1149 1839 ceu
1201 1768 1355 1851 duntur,
1380 1779 1416 1840 et
1430 1790 1510 1839 sues
1522 1768 1716 1860 amaracini
1729 1771 1932 1861 fragrantia,
1956 1772 2062 1849 siehi
2078 1781 2193 1853 nostri

149 1872 312 1944 emortis
326 1872 490 1943 saucibus
505 1871 643 1965 eripiat.
696 1870 808 1945 Casius
822 1874 874 1942 rei
890 1873 988 1943 testis
1001 1885 1053 1942 est
1068 1894 1149 1961 gra·
1202 1866 1357 1939 scarabei
1381 1882 1416 1939 et
1443 1892 1540 1955 sues,
1573 1873 1769 1963 praeclaras
1792 1887 1827 1945 et
1850 1870 2015 1949 honestas
2040 1903 2100 1953 res
2121 1906 2193 1955 non

148 1974 411 2061 vissimusille,
438 2000 512 2046 non
531 1973 676 2046 dicendi
692 1977 821 2060 modo,
845 1975 904 2046 sed
923 1975 1028 2044 etiam
1044 1974 1151 2044 intel·
1201 1971 1332 2042 ferunt.
1383 1968 1454 2043 sed
1477 1970 1558 2064 quis
1579 1972 1666 2043 istos
1689 1999 1764 2046 non
1779 1979 2004 2052 contemnat?
2028 1982 2192 2080 nisiquis

148 2076 286 2170 ligendi
314 2093 522 2170 praeceptor
543 2092 578 2149 et
601 2077 767 2170 magister
790 2076 934 2163 Cicero,
966 2076 1149 2170 inquiens:
1201 2073 1317 2143 levem
1331 2085 1366 2144 et
1378 2072 1560 2164 impurum
1574 2098 1716 2147 servum
1728 2073 1926 2175 Caryonern
1941 2085 2038 2176 apud
2052 2083 2192 2160 Aristo·

150 2178 330 2251 Valetudo
353 2194 572 2252 sustentatur
592 2181 726 2267 noticia
747 2180 804 2252 sui
827 2179 1005 2272 corporis,
1032 2192 1065 2249 et
1084 2178 1149 2248 ob·
1202 2168 1356 2267 Ph²¹¹⁹¹¹¹
1388 2174 1608 2246 ‘Udlffldum
1634 2190 1752 2269 P¹³²³¹2
1782 2179 1846 2275 ‘1¹¹i
1868 2181 1985 2255 Visum
2009 2183 2191 2261 M‘dlmm

149 2283 351 2356 servatione
382 2307 505 2353 eanrm
529 2307 669 2369 rerum,
703 2308 795 2378 quae
818 2306 875 2352 res
897 2295 961 2353 aut
984 2282 1150 2372 prodesse
1202 2270 1460 2366 scatopfflssfflv
1492 2275 1531 2346 ld
1560 2291 1629 2364 “ia
1660 2282 1827 2353 ”mm
1853 2301 2056 2360 mmmm
2084 2307 2189 2375 '⁰⁰⁸¹’

150 2387 305 2473 soleant,
330 2401 391 2457 aut
414 2388 548 2457 obesse.
600 2383 649 2457 Aa
672 2386 747 2455 sola
772 2384 953 2454 Medicina
977 2384 1151 2465 observat,
1202 2401 1283 2447 cum
1301 2376 1439 2447 nemini
1453 2371 1640 2449 hominurn
1653 2382 1845 2455 obscurum
1861 2385 1925 2474 sit,
1949 2391 2047 2484 quod
2073 2393 2186 2485 lingua

150 2490 282 2585 quibus
312 2502 434 2558 nostra
465 2505 593 2560 nutvrra
625 2482 852 2556 vehementer
890 2485 1087 2555 oblectetur
1115 2496 1151 2552 et
1202 2493 1265 2564 cst,
1291 2493 1331 2550 ut
1345 2478 1406 2548 ille
1422 2477 1550 2573 inquit,
1575 2505 1657 2579 pars
1670 2485 1822 2575 pessima
1837 2488 1945 2562 servi.
1995 2489 2185 2589 Nequeisti

150 2590 348 2675 reficiatur,
375 2589 549 2683 quibusve
566 2588 721 2677 graviter
734 2588 907 2670 laedatur,
930 2609 1040 2679 quare
1054 2585 1149 2653 idem
1202 2593 1434 2666 veteratores,
1457 2582 1588 2674 quibus
1604 2585 1697 2655 mala
1714 2611 1826 2676 mens,
1848 2591 1962 2664 malus
1976 2593 2122 2669 animus
2134 2610 2189 2683 est,

151 2707 258 2764 ,ugos
280 2692 401 2776 addit,
429 2690 670 2761 valetudinem
695 2688 884 2759 sustentari
913 2700 989 2758 arte
1012 2708 1150 2770 eorum,
1202 2683 1307 2752 aliter
1323 2682 1477 2767 faciunt,
1500 2685 1669 2777 aquibus
1684 2688 1895 2781 vituperari,
1920 2693 2020 2766 laudi
2034 2697 2187 2771 ducitur:

152 2819 307 2891 quorum
334 2796 378 2862 ad
407 2792 591 2862 scientiam
617 2786 704 2860 haec
730 2789 929 2881 pertinent;
970 2801 1148 2859 ettamen
1202 2786 1395 2876 prudentes
1416 2783 1486 2854 viri
1518 2801 1612 2858 recte
1634 2788 1805 2867 iudicant.
1863 2792 1955 2875 istos
1979 2798 2090 2870 etiarn
2111 2825 2188 2873 eon·

152 2910 253 2982 runt,
279 2896 341 2989 qui
367 2889 454 2963 haec
475 2906 681 2962 mouentem
704 2914 781 2959 non
797 2891 967 2972 audiunt,
992 2888 1148 2982 quitum
1202 2886 1413 2957 temnendos
1434 2887 1544 2977 duco,
1577 2888 1640 2982 qui
1659 2891 1751 2963 ebrii
1773 2893 1868 2967 inter
1888 2898 2016 2990 pocula
2032 2915 2186 2977 eructant

151 2999 298 3067 demum
314 3019 377 3066 sua
390 2992 550 3079 consilia,
572 2992 645 3061 imo
658 2993 892 3062 temeritatem
905 3002 1150 3073 contemnunt,
1203 3000 1239 3058 et
1260 3002 1421 3079 crepant:
1462 2986 1537 3076 Qui
1569 2991 1705 3062 medice
1732 2995 1841 3083 vivit,
1874 3000 2074 3074 miserrime
2096 3004 2187 3092 vivit,

152 3123 234 3169 eum
257 3098 328 3167 iarn
345 3111 407 3167 aut
425 3094 516 3165 iehri
538 3094 813 3177 concutiuntur,
838 3105 901 3163 aut
917 3092 1045 3163 morbo
1063 3115 1149 3161 con·
1203 3089 1365 3159 videntes
1381 3088 1537 3184 aliquem
1546 3093 1788 3167 continentiae
1802 3113 1838 3171 et
1850 3100 2185 3202 fnrgabtatisqnsm

152 3200 351 3273 tabescunt.
402 3194 525 3267 Veluti
541 3189 798 3281 Athenienses,
823 3193 948 3287 quide
969 3218 1053 3285 pace
1076 3216 1149 3262 non
1201 3191 1366 3285 crapulae
1382 3192 1629 3271 amantiorem.
1671 3194 1742 3268 Sed
1759 3224 1867 3294 quarn
1884 3204 2011 3276 misere
2025 3204 2186 3282 istaelto-

153 3300 225 3375 „iri
251 3298 379 3395 pullati
401 3297 672 3378 consultabant,
703 3297 794 3368 sicut
816 3291 991 3366 Demades
1020 3294 1148 3390 inquit.
1200 3294 1340 3364 minum
1362 3293 1482 3366 larvae
1498 3295 1671 3380 delirant,
1696 3301 1760 3393 qui
1775 3304 1977 3379 existimant
1993 3307 2104 3383 istum
2123 3310 2187 3383 ani·

155 3400 202 3479 Bt
219 3404 363 3474 discunt
379 3402 436 3472 isti
459 3398 525 3471 lari
548 3420 676 3489 magno
689 3420 754 3469 suo
771 3398 884 3479 malo,
912 3410 1004 3468 recte
1017 3420 1150 3490 sapere,
1202 3419 1277 3466 sere
1300 3394 1451 3501 vivere,
1468 3397 1530 3492 qui
1552 3401 1688 3471 medice
1713 3403 1815 3478 vivit:
1848 3431 1916 3478 nae
1929 3408 1989 3482 isti
2014 3409 2186 3505 ignorem

153 3520 190 3577 et
224 3528 280 3577 res
309 3528 391 3575 vere
418 3502 523 3573 utiles
547 3522 624 3570 non
648 3512 779 3571 temere
812 3499 1040 3591 negligendas
1066 3522 1149 3571 esse.
1202 3498 1289 3593 quid
1305 3499 1460 3584 mederi,
1485 3513 1549 3572 aut
1560 3499 1762 3591 Medicina,
1786 3523 1850 3581 aut
1863 3508 2027 3584 Medicus
2042 3514 2108 3589 sits
2129 3512 2185 3611 qui
2228 3502 2230 3575 j

156 3606 338 3677 usiliarius
363 3628 469 3691 vero,
493 3603 523 3673 si
546 3600 620 3671 ulls
639 3622 696 3671 res
716 3601 806 3686 alia,
831 3602 934 3671 nobis
957 3601 996 3671 in
1023 3600 1150 3693 primis
1202 3601 1233 3670 si
1254 3600 1495 3690 intelligerent
1514 3604 1642 3688 verba,
1673 3605 1824 3680 iuvandi
1847 3625 1882 3683 et
1899 3613 2101 3688 auxiliandi
2117 3616 2181 3687 vim
2228 3610 2230 3619 ¹

155 3706 350 3779 succussis
366 3717 430 3787 est,
452 3704 555 3775 cuius
568 3724 677 3795 opera
692 3701 889 3773 incolumes
904 3719 939 3776 et
954 3703 1043 3772 salvi
1060 3702 1151 3771 vivi·
1202 3697 1351 3787 babere,
1377 3717 1472 3773 certe
1488 3702 1592 3775 aliter
1612 3707 1826 3786 iudicarent.
1876 3711 2053 3811 Ssdquid
2076 3740 2185 3793 mora·

154 3834 246 3883 usus.
302 3806 407 3894 scits,
430 3806 533 3897 igue,
562 3828 655 3899 aqua
681 3816 718 3875 et
746 3826 828 3874 sere
856 3804 1022 3898 denique‘
1045 3803 1150 3875 citius
1203 3827 1284 3875 mur
1301 3798 1386 3890 hos,
1410 3805 1540 3898 quibus
1562 3831 1666 3879 nemo
1687 3833 1795 3884 sanus
1814 3818 2185 3916 respondendum'pn·

152 3908 373 3995 carebimus,
396 3931 505 4005 quesn
521 3902 716 3981 Medicina.
765 3902 859 3975 Nam
874 3919 1027 3997 praestat
1040 3906 1150 3977 semel
1202 3919 1272 3992 tat,
1297 3907 1358 3976 sed
1374 3901 1597 3979 helleborum
1617 3912 1890 4005 porrigendum,
1914 3931 1955 3991 ut
1969 3935 2121 4013 purgato
2135 3946 2185 3997 ee·

154 4011 247 4085 seusei
269 4026 306 4085 et
329 4008 469 4103 magssis
488 4007 644 4081 miseriis
661 4005 828 4098 defungi,
853 4030 960 4101 quam
978 4008 1017 4078 ia
1032 4007 1150 4098 longis
1202 4010 1327 4090 cebro,
1365 4009 1531 4083 desinant
1564 4011 1744 4086 delirare?
1806 4015 1931 4115 Neque
1964 4018 2184 4099 Medicorum

153 4113 309 4201 matris,
332 4112 466 4207 quibus
479 4108 627 4181 liberari
643 4132 813 4205 nequeas,
837 4109 1005 4181 miserum
1020 4112 1150 4182 ducere
1201 4109 1324 4182 ordini
1347 4110 1464 4182 fraudi
1487 4135 1561 4183 esse
1586 4115 1690 4187 debet
1712 4123 1937 4214 quorundam
1958 4126 2184 4201 temeritasel

153 4214 337 4309 spirirum,
361 4234 468 4309 arspse
480 4210 682 4283 infoelieem
698 4212 818 4283 vivere
831 4211 957 4297 vitam,
983 4212 1149 4307 aquibus
1201 4211 1360 4299 inscitia,
1383 4212 1447 4308 qui
1460 4214 1536 4287 eius
1550 4215 1638 4288 artis
1654 4216 1759 4291 titulo
1774 4244 1813 4294 ae
1829 4224 2076 4316 venditantes,
2096 4228 2183 4303 rnul-

155 4316 260 4391 masiti
285 4315 336 4387 sie
359 4328 592 4407 premuntur,
616 4338 637 4385 s
656 4312 861 4386 Medicinae
883 4314 1017 4386 auxilio
1039 4315 1148 4384 desti·
1201 4316 1247 4389 tis
1259 4317 1380 4388 fucum
1393 4315 1548 4400 iaciunt,
1574 4318 1706 4413 quibus
1721 4322 1752 4393 si
1767 4322 1847 4420 quis
1867 4326 2011 4400 titulum
2025 4324 2183 4405 deusb·

153 4419 239 4507 testi,
262 4430 300 4489 ut
322 4416 391 4489 silsi
405 4440 534 4487 rasuras
552 4417 692 4489 satem
710 4440 785 4487 uon
801 4416 978 4489 dubitent.
1026 4412 1148 4506 Quare
1200 4430 1274 4500 ret,
1299 4417 1394 4489 idern
1410 4438 1496 4490 sane
1510 4419 1561 4492 eis
1575 4421 1768 4506 accideret,
1793 4429 1890 4520 quod
1905 4427 2070 4507 Cumano
2083 4431 2181 4520 leoni,

153 4518 312 4597 usuusui
325 4515 492 4591 Caesares
504 4518 617 4591 videri
631 4532 781 4613 possunt
795 4518 1022 4601 intellexisse,
1040 4544 1147 4614 quam
1200 4521 1263 4616 qui
1279 4522 1371 4613 pelle
1385 4522 1554 4608 nudatus,
1577 4522 1829 4603 asinusbebat.
1867 4528 1974 4602 Tales
1988 4534 2182 4627 nonmsu's

154 4618 326 4695 utinam
358 4634 394 4693 st
425 4621 612 4695 necessarii
644 4635 760 4694 esseut
792 4622 879 4691 boni
906 4619 1040 4693 Medici
1072 4619 1147 4694 Re-
1200 4621 1404 4694 Medicinae
1435 4625 1576 4696 officere
1604 4626 1754 4714 debent,
1800 4654 1908 4725 quam
1938 4629 2180 4711 brundulus

153 4722 307 4815 tmpus„
326 4718 390 4817 qui
417 4724 469 4797 eis
497 4722 536 4795 iu
559 4722 719 4815 singulos
746 4746 861 4795 anuos
889 4723 1146 4817 amplissimum
1199 4721 1466 4817 Theologorum
1481 4725 1614 4811 ordini,
1632 4729 1840 4803 triobolares
1855 4733 1915 4806 isti
1929 4731 2180 4832 Theologastri,

153 4823 372 4919 stipendium
387 4824 539 4897 duemta
554 4840 589 4899 et
604 4826 864 4923 quinquaginta
877 4824 1035 4899 sestertia
1057 4850 1146 4919 peu-
1183 4828 1282 4923 qui,
1316 4853 1381 4900 ceu
1403 4830 1526 4900 foedae
1538 4826 1722 4927 Harpyae,
1754 4846 1790 4906 et
1810 4857 1925 4923 sacra,
1949 4850 1985 4910 et
2008 4840 2178 4919 unctissi-

151 4924 305 5019 Mssa,
331 4926 421 5001 sicut
435 4926 574 5001 Pliuius
595 4944 699 5001 aretur
722 4942 796 5014 est,
823 4953 904 4999 cum
924 4942 1043 5001 umen
1061 4929 1146 5000 reli·
1200 4956 1296 5002 mum
1305 4927 1517 5020 Theologici
1532 4933 1690 5004 nominis
1701 4934 1864 5007 ordinem
1879 4938 2178 5040 deioedantatqut

151 5050 305 5127 quarum
329 5028 600 5123 disciplinarum
622 5020 887 5125 ‘professoribus
910 5044 1057 5103 centena
1090 5054 1144 5101 se·
1197 5048 1444 5128 conspurcant.
1482 5026 1536 5108 Ut
1549 5037 1644 5106 enim
1661 5031 1757 5108 inter
1770 5033 2028 5131 pulcherrimas
2042 5060 2175 5137 segetes,

150 5126 273 5203 stanis
288 5132 396 5201 ruodo
409 5130 447 5203 iu
462 5158 598 5207 assssuus
616 5134 850 5207 numerarim.
903 5132 1015 5206 Cuius
1037 5158 1144 5227 pecu·
1196 5137 1356 5208 triticum
1380 5152 1415 5209 et
1434 5137 1631 5227 siliginem,
1655 5139 1788 5210 zizania
1810 5155 1844 5212 et
1867 5143 1994 5216 lolium
2018 5145 2092 5220 sibi
2112 5166 2175 5220 esse

151 5230 233 5305 raiae
251 5229 281 5299 si
304 5231 478 5305 escum
496 5262 595 5309 mesre
608 5251 732 5310 nostro
751 5236 917 5320 iuberis,
948 5236 1144 5329 comperies
1195 5239 1324 5312 volunt
1344 5240 1483 5323 locum,
1515 5239 1564 5311 ita
1587 5256 1620 5311 et
1643 5241 1774 5332 perditi
1796 5243 1943 5338 quidam
1964 5240 2171 5321 bominesin

151 5326 375 5409 dilectoribus
392 5352 428 5411 et
441 5334 559 5413 Poetis
579 5342 646 5415 tris
663 5340 775 5413 millia
792 5363 940 5413 aureum
956 5352 989 5411 et
1004 5353 1142 5411 trecen·
1194 5336 1380 5412 honoratis
1405 5341 1567 5413 virorum
1593 5344 1950 5444 ordinibusquoquo
1973 5352 2082 5422 ruodo
2110 5371 2172 5422 east

150 5444 208 5507 tm
221 5434 366 5527 vigim
379 5454 534 5537 quanm
548 5456 772 5535 usurparetur,
795 5440 946 5517 Medicis
961 5468 1045 5515 vero
1059 5456 1139 5516 octo
1192 5445 1338 5533 volunt,
1364 5445 1427 5540 qui
1443 5442 1544 5536 digni
1559 5459 1659 5528 sunt,
1684 5459 1725 5519 ut
1743 5447 1782 5518 in
1799 5471 1923 5522 corvos
1940 5454 2169 5545 deponentur.
