4664 6022
141 258 210 343 rsa
574 258 740 337 ouen.
788 257 867 335 oa
905 220 1743 340 u1san11'sennnaoooonun.
2102 230 2213 343 ιιι

136 435 227 528 Quis
246 458 329 509 non
355 435 458 507 malit
481 435 521 505 in
543 436 695 528 pistrino
719 435 874 518 molere,
908 462 1015 530 quam
1037 433 1129 508 hanc
1180 461 1246 508 nec
1268 436 1417 510 accendi
1436 438 1511 509 ulla
1528 437 1667 510 ratione
1683 451 1852 529 possum,
1878 440 1988 529 magis
2011 440 2090 529 cogi
2110 466 2174 510 vo-

134 556 203 615 tam
232 540 424 612 molestam
453 539 671 633 plenamque
700 533 873 609 stomachi
895 539 1128 632 pervicaciam
1179 542 1260 643 lunt
1273 553 1446 635 tanquam
1462 542 1625 634 pecudes.
1677 539 1817 612 Deinde
1834 566 1900 613 nec
1913 542 2030 614 laudis
2053 567 2173 613 amore

131 642 280 737 gerere?
333 640 404 715 Sed
427 643 483 711 iac
507 641 617 712 istum
631 644 776 712 tandem
792 642 947 734 coepisse
963 644 1130 729 scribere,
1179 645 1406 736 nec'pudore
1433 644 1715 733 extimulantur.
1753 643 1866 733 Porro
1883 670 1964 716 cum
1980 641 2171 716 hominnm

130 746 336 841 plurimum
352 768 482 837 operae
495 743 536 813 in
553 745 803 815 emendatione
823 745 1039 837 scriptorum
1063 771 1131 840 po·
1178 760 1326 819 naturae
1351 746 1496 839 proprie
1519 749 1638 839 pudor
1660 747 1789 819 insitos
1806 747 1873 834 sit,
1898 749 1985 841 quid
2011 771 2084 819 esse
2104 773 2172 818 no-

130 850 298 921 uandum
317 862 382 922 est.
432 843 498 919 Est
523 847 620 917 enim
641 849 830 918 sceleratus
845 862 1051 941 praeceptor
1067 850 1130 944 qui
1177 862 1270 921 stros
1293 873 1424 942 pueros
1447 850 1583 935 dicam,
1612 874 1700 944 quos
1723 851 1811 920 adeo
1834 875 1908 921 non
1933 853 2043 944 pudet
2063 851 2172 921 insci·

129 948 195 1025 bre
220 952 265 1023 in
279 974 321 1023 re
339 962 467 1035 cessat,
490 950 521 1021 si
541 949 693 1021 Horatio
715 950 914 1037 credimus,
938 951 1001 1044 qui
1024 968 1130 1042 negat
1178 953 1274 1024 tiae?
1299 976 1363 1043 ego
1379 953 1498 1023 verius
1513 968 1672 1024 monstra
1690 947 2051 1040 hominumdixerim,
2063 978 2170 1049 quarn

130 1058 268 1129 bonum
295 1055 415 1125 virum
445 1075 537 1138 esse,
570 1054 636 1146 qui
660 1077 741 1124 cnm
768 1075 895 1123 censor
925 1054 987 1123 fiat
1019 1055 1127 1125 alieni
1178 1055 1240 1151 qui
1272 1055 1409 1125 mutilis
1443 1057 1614 1126 membris
1639 1070 1701 1126 aut
1725 1058 1816 1127 caeci
1841 1071 2045 1132 nascuntur.
2105 1052 2171 1127 Est

133 1156 280 1253 scripti,
312 1157 404 1228 vitia
427 1156 503 1227 non
527 1151 786 1248 reprehendam
824 1169 880 1255 εει1
900 1156 998 1230 enim
1021 1173 1129 1230 notus
1178 1158 1273 1229 enim
1289 1158 1403 1228 levius
1419 1158 1573 1250 malum,
1599 1159 1727 1229 mutilo
1747 1160 1836 1250 pede
1856 1184 1950 1244 esse,
1975 1184 2081 1254 quam
2100 1154 2170 1229 hu-

136 1261 352 1335 rersieolus:
471 1306 474 1313 ·
1177 1284 1282 1331 mana
1297 1275 1415 1331 mente
1430 1285 1561 1331 carere:
1598 1262 1657 1332 isti
1680 1262 1776 1330 enim
1790 1262 1998 1354 simpliciter
2013 1257 2170 1332 humana
2240 1302 2246 1314 ·

1177 1364 1292 1456 specie
1307 1364 1469 1433 beluinos
1492 1378 1627 1434 mentes
1644 1378 1787 1454 tegunt,
1819 1389 1908 1458 quos
1925 1365 1964 1434 in
1980 1387 2018 1434 re
2035 1365 2169 1456 turpis·

1176 1465 1263 1536 sima
1279 1466 1623 1560 flagitiosissimeque
1638 1468 1693 1537 sui
1710 1463 1803 1535 nihil
1820 1470 1941 1558 pudet.
1981 1464 2168 1538 Postremo

130 1566 297 1655 Primum
339 1577 458 1637 autem
490 1564 530 1634 ln
563 1564 782 1655 corrigendis
822 1564 998 1635 sermonis
1029 1562 1127 1634 vitiis
1176 1592 1365 1663 nunquam
1383 1569 1571 1664 quisquam
1589 1585 1660 1642 tam
1676 1571 1782 1640 foelix
1797 1582 2003 1661 praeceptor
2016 1570 2095 1654 fuit,
2110 1570 2169 1638 cui

129 1670 296 1745 amiotus
312 1680 520 1762 praereptor
533 1690 608 1737 non
620 1666 816 1758 simplicem
830 1667 991 1737 laborem
1005 1668 1126 1752 sumit,
1177 1673 1226 1742 ita
1247 1673 1501 1763 obtemperarit
1522 1672 1734 1763 discipulus,
1768 1687 1808 1743 ut
1832 1672 2082 1764 praescriptam
2111 1672 2169 1739 di-

128 1770 476 1863 dmn‘grammatie'a
508 1783 623 1840 errata
645 1781 776 1855 mutat,
807 1770 893 1840 dum
918 1771 1068 1841 obscure
1092 1785 1125 1840 et
1175 1775 1296 1846 scendi
1320 1775 1493 1844 rationem
1517 1788 1657 1846 secutus
1679 1775 1743 1859 sit,
1773 1788 1813 1845 ut
1847 1777 1893 1844 ad
1928 1770 1994 1844 hos
2027 1788 2167 1845 autores

129 1876 297 1966 moigne
312 1871 406 1943 dieta
422 1872 606 1965 perspicue
626 1871 791 1963 explicat,
813 1874 901 1943 dum
927 1874 1124 1965 impropria
1175 1879 1391 1947 evolvendos
1413 1877 1552 1967 alligari
1575 1903 1611 1949 se
1634 1900 1755 1969 passus
1777 1878 1841 1961 sit,
1868 1880 1906 1945 in
1930 1878 2163 1970 quibuscum

127 1978 295 2070 corrigit,
326 1977 414 2046 dum
439 1968 597 2045 horridis
617 1975 718 2045 addit
740 1974 915 2060 nitorem,
949 1989 983 2047 et
1000 1977 1122 2061 figuris
1174 1981 1259 2051 solis
1286 1981 1418 2050 versari
1450 1993 1558 2073 atque
1595 1981 1807 2050 commorari
1846 1994 2017 2074 tanquam
2065 1979 2163 2048 domi

127 2080 334 2163 illuminet,
362 2080 400 2149 et
416 2079 572 2167 gratiora
586 2076 847 2170 blandioreque
863 2077 958 2171 lacit.
1008 2075 1124 2147 Porro
1173 2105 1257 2153 suae
1272 2095 1480 2174 praeceptor
1494 2084 1654 2167 volebat,
1679 2095 1721 2152 ut
1736 2085 1779 2151 ad
1798 2096 1936 2171 tempus
1953 2083 2083 2172 scripta
2098 2082 2164 2150 ab·

127 2184 287 2275 relegere
307 2182 428 2273 inepte
456 2180 587 2272 ser'ipta
621 2202 815 2271 puerorum
848 2179 1038 2250 molestum
1072 2193 1124 2249 est
1173 2185 1336 2268 solverit,
1362 2198 1402 2254 ut
1417 2209 1463 2285 xea
1489 2210 1579 2278 quae
1602 2184 1746 2255 edidicit
1762 2185 1861 2254 statis
1878 2179 1976 2254 horis
1992 2184 2163 2252 memoria

127 2284 296 2383 quamvis
308 2283 461 2376 patienti
476 2282 708 2375 praeceptori,
723 2295 857 2377 quanto
875 2283 988 2372 magis
1002 2306 1122 2351 emen·
1173 2287 1396 2379 repetiverit,
1418 2301 1459 2357 ut
1482 2310 1644 2356 sermone
1662 2287 1883 2376 castigatiore
1907 2288 2000 2377 apud
2026 2284 2165 2354 sodales

126 2389 225 2461 (latio
253 2385 402 2475 fatiget?
441 2385 650 2477 praesertim
682 2410 764 2456 eum
797 2385 997 2478 plerunque
1030 2385 1121 2454 ratio
1172 2412 1258 2460 usus
1274 2389 1331 2463 sit.
1390 2388 1512 2458 Nostri
1535 2389 1680 2481 quidem
1704 2386 1796 2456 nihil
1822 2384 1950 2457 horum
1973 2400 2165 2479 praestant,

126 2492 317 2563 ειίεωοιιι
333 2488 519 2587 quippiam
534 2486 702 2573 mutarit,
727 2487 917 2556 indicanda
936 2486 991 2559 sit.
1026 2486 1122 2557 Tum
1172 2492 1212 2560 in
1233 2513 1407 2561 carcerem
1431 2514 1466 2560 se
1492 2490 1628 2559 includi
1651 2490 1967 2580 citiuspatientur,
1990 2513 2096 2582 quam
2124 2490 2163 2557 in

127 2590 325 2685 ratigandi
335 2584 338 2589 ’
348 2590 465 2661 acrius
485 2590 549 2685 qui
565 2587 801 2683 negligentius
818 2590 1008 2681 scripsere,
1032 2584 1122 2659 hor·
1171 2617 1246 2665 nno
1263 2605 1388 2663 autore
1402 2593 1568 2664 detineri.
1621 2590 1782 2662 Varietas
1796 2606 1893 2682 grata
1909 2574 1961 2662 εει
1975 2592 2031 2659 illi
2045 2591 2165 2664 aetati.

125 2696 228 2783 tandi
247 2693 314 2767 alii
335 2705 377 2765 ut
397 2693 579 2787 inceptum
608 2715 751 2762 cursum
776 2706 936 2783 urgeant.
994 2689 1120 2786 Neque
1173 2693 1296 2790 ltaque
1317 2697 1435 2780 varia,
1461 2696 1522 2764 sed
1546 2695 1744 2789 plerunque
1766 2695 1942 2764 deteriora
1965 2693 2107 2784 legunt,
2129 2694 2164 2764 si

125 2810 369 2873 verotantum
384 2795 558 2867 sermonis
574 2795 658 2865 vitia
679 2797 911 2889 monstranda
932 2808 1032 2877 sunt,
1058 2797 1119 2864 sed
1171 2813 1289 2869 tamen
1305 2799 1442 2892 aliquid
1463 2799 1595 2884 legunt.
1649 2796 1722 2868 lam
1746 2797 1868 2866 fodere
1893 2796 2032 2867 malunt
2054 2819 2162 2889 quam

126 2902 165 2975 io
193 2896 255 2973 his
287 2899 353 2996 qui
383 2898 456 2969 iam
485 2893 653 2968 nonnihil
686 2909 963 2992 promoverunt,
997 2919 1118 2967 rerum
1170 2901 1378 2970 memoriam
1394 2913 1454 2970 aut
1478 2900 1638 2990 linguam
1654 2923 1825 2972 exercere.
1877 2898 1937 2970 Sic
1952 2911 2036 2969 sunt
2059 2898 2162 2990 pueri

129 3004 230 3079 ειὶεω
272 2996 440 3073 habenda
472 3001 582 3086 ratio,
621 3015 655 3071 et
695 2999 896 3071 voluntates
934 3000 1118 3088 regendae.
1170 3003 1208 3071 in
1231 3026 1379 3093 genere,
1405 3002 1467 3071 alii
1492 3003 1623 3092 magis,
1656 3004 1717 3072 alii
1744 3003 1863 3071 minus
1887 3002 2019 3091 ignavi.
2069 2999 2161 3070 Nam

129 3104 312 3199 Quosdam
325 3104 422 3175 enim
437 3104 593 3181 convitia
607 3103 801 3187 delectant,
827 3103 866 3171 in
888 3102 967 3171 aliis
992 3114 1043 3172 est
1067 3102 1118 3171 ri·
1169 3105 1307 3175 etiamsi
1325 3105 1404 3197 quis
1419 3105 1542 3174 indole
1562 3128 1730 3195 generosa
1747 3117 1818 3188 est,
1843 3117 1960 3174 tamen
1983 3128 2023 3173 ea
2047 3116 2161 3173 aetate

126 3210 245 3283 ditula
269 3207 409 3280 vanitas
434 3219 469 3277 et
491 3204 609 3276 inanis
639 3204 826 3290 iactantia,
850 3217 884 3274 et
904 3205 976 3274 lere
1002 3228 1118 3274 mores
1170 3232 1295 3299 pamm
1319 3208 1358 3275 in
1380 3207 1508 3276 animis
1523 3208 1665 3277 roboris
1680 3219 1743 3276 est.
1792 3202 1840 3275 Et
1856 3207 2160 3299 quemadmodum

124 3313 240 3411 stylos
255 3310 384 3402 arguit.
424 3304 522 3378 Haec
534 3307 619 3378 vitia
638 3331 719 3377 cum
735 3306 829 3376 vires
843 3306 1117 3397 accipiunt,nec
1168 3312 1297 3399 longus
1319 3310 1421 3378 labor
1444 3324 1496 3380 est
1518 3309 1712 3379 infantium
1732 3331 1881 3397 corporo
1903 3309 2065 3392 firmare,
2098 3330 2160 3397 ge-

124 3412 306 3487 eteoeris
324 3408 456 3484 animis
481 3411 704 3494 evelluntur,
739 3403 888 3477 haerent
913 3409 951 3476 in
973 3408 1117 3478 senibus
1168 3413 1314 3496 stando,
1348 3412 1498 3503 aliisque
1521 3411 1689 3479 mollibus
1712 3409 1907 3493 exercitiis,
1931 3409 1982 3477 sic
2007 3408 2159 3477 infantia

124 3537 360 3589 mmmmm
377 3513 612 3607 turpitudine.
649 3509 848 3603 Expendite
861 3533 1012 3604 quaeso,
1031 3534 1119 3579 con·
1169 3513 1394 3603 ingeniorum
1416 3535 1491 3580 non
1508 3512 1579 3580 nisi
1594 3534 1675 3582 sero
1690 3524 1851 3590 curatur,
1879 3523 2068 3603 postquam
2093 3510 2158 3579 diu

126 3633 220 3693 stent
235 3613 324 3689 haec
337 3617 581 3688 mediocribus
598 3613 906 3709 praeceptoribus,
931 3614 988 3682 vel
1003 3613 1033 3682 si
1050 3614 1115 3682 do·
1168 3638 1305 3687 summa
1320 3614 1484 3684 comitate
1502 3614 1664 3685 docueris
1680 3626 1714 3684 et
1730 3613 1984 3698 adsuefeceris,
2009 3636 2075 3682 nec
2088 3611 2159 3681 ali-

128 3722 209 3795 tiles
223 3716 382 3792 habeant
396 3719 607 3812 discipulos,
633 3732 801 3789 ettamen
820 3716 954 3787 nostris
967 3717 1041 3785 fere
1054 3729 1118 3785 ant
1167 3731 1223 3788 ter
1243 3717 1404 3790 tractaris
1428 3731 1533 3811 atque
1558 3740 1641 3787 suos
1670 3717 1838 3787 alumnos
1862 3715 2061 3785 nutriculae
2084 3728 2158 3785 tra·

128 3824 268 3917 ingenia
283 3825 433 3903 desunt,
458 3836 521 3892 aut
536 3825 634 3893 deest
647 3821 814 3890 voluntas
827 3819 1001 3892 discendi.
1039 3818 1117 3889 Du-
1167 3835 1275 3894 etant.
1333 3817 1376 3891 ln
1407 3833 1506 3891 tanta
1538 3820 1666 3890 inertia
1695 3819 1866 3904 istorum,
1898 3817 2048 3907 cogitate
2069 3818 2158 3910 quid

129 3928 407 4020 plicatursotem
429 3925 551 4011 labor,
575 3947 656 3994 cum
673 3945 810 3994 summa
831 3922 867 3992 vi
889 3924 931 3991 ad
959 3920 1115 3991 officium
1167 3923 1279 3993 animi
1294 3922 1511 4015 praeceptori
1523 3922 1586 4007 sit,
1612 3923 1785 3992 nimirum
1810 3920 1905 3990 idem
1926 3922 2024 4014 quod
2040 3916 2158 4009 lmpe-

132 4031 384 4123 mgendisunt.
421 4024 514 4098 Nam
529 4040 570 4097 ut
587 4026 626 4097 in
641 4026 716 4096 acie
732 4048 858 4119 parurn
873 4024 980 4094 foelix
999 4021 1115 4114 lmpe-
1168 4025 1297 4110 ratori,
1323 4024 1387 4120 qui
1409 4025 1542 4096 abiecta
1568 4024 1735 4094 victoriae
1760 4046 1838 4113 spe,
1864 4022 2034 4112 intelligit
2061 4016 2158 4092 hosti

133 4146 245 4220 rator,
269 4132 301 4203 si
324 4129 457 4202 milites
477 4124 605 4200 habeat
626 4129 782 4221 primum
798 4128 962 4218 ignavos,
985 4125 1116 4195 deinde
1166 4129 1334 4213 salutem,
1357 4139 1435 4197 tum
1459 4150 1559 4197 suam
1583 4141 1657 4197 tum
1684 4126 1818 4219 patriae
1839 4124 1971 4195 scelere
1985 4125 2158 4196 exercitus

136 4258 217 4330 quos
245 4258 319 4307 non
342 4234 476 4326 pudeat
496 4233 637 4322 lugere,
663 4245 843 4323 postremo
866 4230 928 4323 qui
950 4252 1025 4298 non
1048 4230 1114 4299 ob·
1165 4232 1222 4302 sui
1242 4230 1422 4322 proditam
1442 4252 1526 4302 esse.
1578 4227 1812 4300 Consumitur
1836 4227 2072 4298 acerbissimis
2094 4251 2157 4297 cu-

136 4348 345 4433 tmperent,
382 4337 444 4407 sed
467 4345 628 4426 pugnent
652 4332 800 4416 iniussi,
831 4331 950 4402 locum
974 4331 1114 4421 capiant
1165 4334 1233 4415 ris,
1259 4333 1385 4401 videns
1401 4345 1475 4402 tam
1489 4331 1581 4401 male
1596 4332 1703 4403 locari
1721 4329 1949 4423 gravissimos
1962 4329 2103 4400 labores
2117 4327 2156 4396 in

138 4460 172 4511 st
186 4462 251 4512 sno
278 4438 452 4522 arbitrio,
483 4460 558 4506 non
583 4450 724 4507 servent
749 4434 909 4506 ordines.
968 4429 1113 4504 Etenim
1166 4435 1352 4506 iuventute
1367 4435 1565 4504 formanda.

140 4544 220 4631 nod
236 4537 489 4637 Thucydidem
511 4540 670 4629 egregius
684 4538 829 4634 qnidam
846 4534 1044 4629 Imperator
1057 4538 1114 4605 di·
1267 4536 1353 4610 Dixi
1366 4531 1538 4607 hactenus
1554 4539 1598 4606 de
1612 4532 1809 4619 aerumnis,
1835 4555 1922 4628 quas
1939 4532 1978 4599 in
1994 4531 2155 4600 docendo

141 4642 232 4717 titsd
249 4647 341 4716 bene
357 4643 591 4735 pugnandum
608 4641 762 4736 requiri,
788 4654 829 4711 nt
844 4640 957 4711 velint
971 4638 1113 4719 milites,
1163 4653 1302 4710 tantum
1318 4639 1547 4730 perierimus,
1568 4650 1675 4708 restat
1688 4637 1798 4706 altera
1813 4635 1920 4706 officii
1936 4634 2049 4702 nostri
2074 4655 2155 4724 pars

142 4748 301 4840 stlogere
317 4749 467 4841 pudeat,
493 4757 534 4817 ot
553 4745 800 4835 obtemperent
817 4740 1112 4835 [inperatoribusz
1164 4742 1269 4832 longe
1292 4741 1474 4811 difficilior
1492 4740 1686 4834 superiori,
1708 4762 1792 4808 cura
1816 4737 2053 4827 regendorum
2074 4759 2155 4805 mo-

143 4843 240 4921 ’ttin
267 4846 334 4921 hac
371 4845 579 4920 scholastica
613 4847 741 4916 militia
776 4844 986 4916 miserrimis
1020 4845 1113 4914 curis
1163 4869 1256 4915 rum.
1309 4841 1407 4933 Quid
1426 4845 1476 4914 ibi
1491 4845 1579 4913 mali
1593 4864 1667 4912 non
1682 4842 1777 4911 videt
1795 4837 2024 4932 praeceptor?
2074 4834 2157 4907 Pri-

143 4967 332 5047 msceptor
354 4950 560 5035 conficitur,
595 4974 676 5021 enm
704 4950 883 5018 docendos
910 4943 1113 5038 susceperit,
1163 4971 1263 5016 mum
1287 4959 1381 5016 aetas
1406 4947 1467 5015 illa
1493 4959 1619 5015 natura
1642 4947 1685 5013 ad
1715 4944 1844 5012 vitium
1868 4939 2079 5032 propensior
2093 4955 2157 5014 est.

143 5053 359 5151 qtiprimom
375 5077 451 5125 noo
464 5053 617 5142 flagrant
638 5052 712 5123 ulla
729 5051 922 5143 eupiditate
941 5047 1113 5119 discendi.
1161 5046 1212 5120 Et
1225 5047 1327 5119 Plato
1344 5047 1501 5140 scripsit,
1527 5048 1663 5118 nullam
1679 5046 1820 5115 beluam
1836 5043 2156 5114 intractabiliorem

143 5146 227 5228 llihil
248 5158 346 5231 enim
369 5157 409 5227 in
441 5155 541 5226 omni
562 5155 635 5226 vita
656 5154 836 5246 egregium
864 5150 955 5222 effici
986 5164 1113 5244 potest,
1163 5174 1237 5221 esse
1253 5174 1377 5242 puero.
1431 5148 1554 5244 ltaque
1573 5162 1758 5240 tantopere
1782 5145 1926 5217 sudabit
1948 5158 2157 5238 praeceptor

143 5256 200 5329 rbi
212 5262 356 5333 animus
371 5258 490 5331 studio
513 5255 589 5328 eius
606 5257 659 5328 rei
674 5280 782 5351 quarn
796 5254 955 5341 affectat,
981 5255 1113 5340 ardeat,
1163 5254 1203 5324 in
1219 5253 1384 5344 regendis
1398 5248 1473 5338 his,
1488 5253 1550 5348 qui
1566 5252 1661 5322 dorni
1677 5272 1814 5319 summa
1830 5248 2014 5339 diligentia
2029 5270 2157 5337 paren·

143 5364 221 5435 stad
234 5388 312 5436 eam
326 5385 455 5453 magno
471 5361 627 5456 quodam
641 5373 744 5430 motu
766 5371 873 5452 atque
893 5355 1029 5448 impetu
1054 5380 1113 5427 ra-
1162 5370 1237 5428 tnm
1254 5358 1298 5427 ad
1312 5356 1521 5447 religionem
1530 5367 1564 5426 et
1575 5355 1746 5441 adbonos
1759 5373 1877 5421 mores
1892 5350 2048 5420 instituti
2061 5361 2155 5433 sunt,

144 5460 252 5551 phur.
311 5462 363 5537 At
382 5464 497 5537 nostri
518 5462 671 5557 turpiter
697 5462 829 5553 frigern
861 5458 900 5529 in
931 5459 1113 5546 discendo,
1163 5474 1206 5534 ut
1221 5459 1362 5531 leonem
1380 5471 1442 5531 aut
1458 5480 1582 5529 ursum
1598 5453 1802 5548 experiatur
1814 5453 1954 5525 facilius
1966 5472 2067 5544 posse
2090 5472 2158 5542 gu-

178 1400 240 1467 Vb
254 1407 360 1467 boum
375 1415 405 1465 et
417 1392 551 1503 prudens
566 1423 669 1465 versus
682 1388 879 1485 reprehendet
891 1405 1012 1469 inertes.
