4664 6022
146 304 225 379 ns
493 238 498 245 ’
725 300 1610 418 nucnnrrrucuannnnmcn.
2114 236 2264 384 ns⁸

143 473 383 565 authoritate,
401 479 597 575 quidquam
612 480 773 574 decerpo.
798 478 870 552 Sed
886 495 1044 555 veterum
1059 482 1144 556 libri
1194 501 1322 568 essem,
1347 493 1409 552 aut
1424 502 1480 551 res
1495 479 1777 552 tanta'brevitate
1791 481 1921 573 exponi
1936 482 2057 575 possit
2092 479 2189 553 Illud

144 596 181 654 et
197 580 429 677 quotidianae
445 584 635 655 conciones
660 585 872 668 ostendunt,
902 588 1056 659 multum
1079 588 1144 658 ad·
1192 595 1332 654 tantum
1366 584 1501 668 dicam,
1538 584 1583 652 ad
1620 586 1904 674 praemonendos
1936 585 2187 660 adolescentes.

144 684 264 757 iuvari
281 685 359 776 pios
375 699 410 756 et
423 686 705 779 doctos-linguae
722 685 939 779 cognitione.
1193 684 1326 776 Magna
1342 686 1395 755 vis
1409 698 1462 756 est
1485 709 1568 754 vera
1589 686 1814 780 eloquentia,
1846 684 2011 780 quaeest
2038 687 2187 760 facultas

250 785 373 880 Neque
389 783 474 858 haec
491 789 539 858 ita
557 789 660 874 dico,
685 787 786 883 quasi
803 813 877 859 non
901 799 1021 860 errent
1038 786 1143 858 etiam
1192 808 1248 858 res
1270 790 1381 858 bonas
1406 786 1583 876 sapienter
1606 801 1639 858 et
1664 789 1848 880 perspicue
1871 788 2083 882 exponendi.
2117 787 2185 859 sld

144 910 251 982 saepe
270 889 343 971 illi,
370 891 500 984 quibus
524 891 646 983 lingua
661 888 801 963 Ebraea
823 892 871 962 ita
899 907 984 963 nota
1009 904 1077 961 est:
1103 903 1144 961 ut
1192 906 1272 962 cum
1289 891 1421 961 faciant
1434 884 1653 981 Prophetae,
1680 886 1843 962 homines
1857 892 2125 982 sapientissimi,
2151 905 2186 963 et

144 990 290 1075 ludaei,
317 993 380 1062 etsi
397 995 659 1082 grammaticam
677 1016 778 1065 suarn
795 992 887 1064 bene
903 995 1052 1075 callent,
1089 1007 1143 1063 ta·
1192 994 1254 1090 qui
1270 993 1421 1065 dicendo
1438 1006 1604 1063 rexerunt
1617 1016 1716 1062 suam
1733 994 2001 1085 rempublicam,
2027 1007 2062 1064 et
2077 992 2186 1063 lumi-

142 1119 231 1165 men
247 1093 420 1184 flagitiose
442 1090 709 1167 hallucinantur
732 1097 771 1165 in
794 1109 865 1170 tota
881 1091 1142 1191 Prophetarum
1192 1095 1299 1166 nibus
1337 1097 1528 1165 verborum
1568 1108 1602 1164 et
1635 1097 1891 1167 sententiarum
1925 1095 2184 1167 venustissimis

142 1197 384 1269 enarratione.
447 1195 520 1270 Sed
549 1198 681 1271 multae
711 1212 796 1270 sunt
821 1223 983 1273 errorum
1006 1221 1141 1272 carrsae.
1190 1209 1359 1269 utuntur:
1385 1200 1415 1266 si
1433 1196 1493 1290 qui
1513 1198 1563 1267 eis
1584 1193 1775 1269 detrahunt
1791 1198 2014 1292 eloquentiae
2031 1199 2185 1282 laudem,

144 1297 272 1371 ludaei
295 1301 497 1371 voluntates
520 1297 647 1392 impias
669 1302 853 1388 adferunt,
886 1315 921 1374 et
943 1294 1142 1398 sycophan-
1191 1300 1295 1370 valde
1321 1314 1450 1370 errant.
1503 1299 1657 1385 Psalmi,
1682 1299 1885 1373 Salomonis
1906 1301 2123 1386 sententiae,
2149 1314 2185 1371 et

141 1402 219 1474 tico
242 1424 342 1471 more
364 1402 549 1493 perspicua
579 1404 672 1475 dicta
695 1398 954 1495 Prophetarum
985 1401 1142 1474 tenebris
1190 1395 1619 1493 omniumProphctarum
1635 1402 1835 1489 conciones,
1857 1416 1956 1473 tanto
1971 1404 2089 1474 nitore
2105 1426 2185 1471 ver-

142 1504 306 1575 volentes
321 1502 530 1585 involvunt,
549 1517 610 1575 aut
626 1521 872 1602 corrumpunt.
905 1504 1046 1577 Deinde
1061 1529 1140 1577 cum
1191 1505 1320 1576 borum
1351 1518 1385 1575 et
1408 1506 1601 1594 figurarum
1627 1518 1662 1576 et
1685 1519 1782 1577 tanta
1804 1504 1972 1577 varietate
1993 1506 2184 1575 affectuum

141 1601 385 1695 Evangelium
402 1606 463 1675 lux
481 1606 528 1677 sit
543 1604 823 1699 Prophetarum,
846 1609 930 1678 inde
950 1609 1141 1680 consilium
1191 1630 1400 1697 conspersae
1414 1619 1515 1691 sunt,
1541 1620 1583 1677 ut
1600 1632 1619 1676 a
1637 1607 1842 1679 videntibus
1859 1632 1933 1677 non
1956 1607 2033 1679 sine
2056 1630 2183 1697 magna

141 1705 453 1799 interpretationis
478 1702 691 1779 sumendum
714 1724 775 1781 est.
833 1707 912 1781 Etsi
937 1712 1032 1782 enim
1054 1736 1142 1781 con·
1191 1709 1425 1779 admiratione
1442 1708 1511 1800 legi
1524 1709 1671 1811 possint.
1712 1708 1819 1799 Quod
1838 1721 1955 1780 autern
1971 1709 2010 1778 in
2027 1708 2184 1799 vulgari·

141 1823 281 1905 gruum
303 1806 524 1902 Prophetae,
550 1825 586 1882 et
606 1813 797 1884 conciones
821 1814 888 1883 filii
903 1810 969 1885 Dei
993 1827 1027 1885 et
1043 1812 1142 1904 Apo-
1191 1813 1258 1883 hus
1295 1811 1647 1903 interpretationibus
1679 1811 1862 1882 interdum
1893 1813 2067 1882 sermonis
2095 1811 2182 1880 vitia

143 1914 341 1997 stolorum,
385 1925 505 1984 tamen
536 1908 603 1984 hae
634 1930 717 1986 sunt
745 1916 942 2007 planiores,
990 1929 1025 1986 et
1056 1910 1141 1984 hinc
1191 1927 1286 2001 sunt,
1312 1925 1348 1985 et
1361 1915 1463 2005 pauci
1476 1913 1605 2006 figuras
1620 1927 1652 1984 et
1667 1928 1876 1985 ornamenta
1890 1913 2107 2003 intelligunt,
2135 1915 2183 1982 ob

144 2014 329 2089 doctrinae
344 2009 534 2086 methodus
549 2018 719 2087 sumenda
736 2031 788 2088 est
801 2015 958 2109 deLegis
971 2031 1007 2088 et
1020 2014 1142 2089 Evan·
1192 2039 1250 2087 eas
1265 2038 1388 2086 causas
1406 2040 1481 2086 non
1504 2017 1748 2088 existimentur
1773 2016 1895 2108 lingua
1915 2016 2034 2087 nativa
2058 2016 2105 2088 ita
2130 2015 2185 2084 lo·

144 2117 230 2213 gelii
261 2116 487 2204 discrimine,
529 2120 625 2213 quod
663 2118 726 2212 qui
761 2144 836 2190 non
867 2122 1071 2192 didicerunt
1099 2143 1143 2189 ex
1191 2118 1295 2212 quuti
1310 2141 1394 2192 esse.
1446 2114 1493 2189 Et
1515 2119 1694 2213 quaesint
1717 2143 1836 2189 rerum
1860 2119 2042 2211 pondera,
2076 2141 2184 2212 quam

141 2216 279 2306 Paulo,
306 2241 452 2312 prorsus
468 2244 569 2290 caeca
585 2235 709 2303 nocte,
738 2235 780 2294 ut
795 2221 946 2304 dicitur,
972 2221 1143 2312 navigant
1190 2222 1346 2293 illustres
1362 2220 1512 2310 figurae,
1536 2245 1643 2315 quam
1669 2222 1834 2292 ardentes
1849 2220 2016 2305 affectus,
2050 2233 2183 2314 quanta

141 2320 186 2393 in
204 2315 633 2413 lectioncProphetarum.
684 2320 828 2395 Addam
845 2319 976 2411 ethoc,
1001 2320 1142 2396 ludaeis
1191 2348 1310 2394 rerum
1328 2322 1556 2415 magnitudo,
1576 2323 1621 2392 de
1639 2323 1769 2416 quibus
1784 2322 2037 2408 concionatur,
2064 2321 2183 2392 consi-

141 2437 185 2497 et
200 2424 323 2496 multis
343 2422 423 2495 aliis
442 2424 541 2496 deest
563 2422 736 2497 iudicium
760 2428 805 2496 de
827 2426 967 2498 ratione
989 2423 1144 2511 dicendi,
1190 2427 1389 2497 derandum
1406 2439 1467 2497 est
1500 2423 1646 2514 Regunt
1660 2447 1740 2495 suas
1755 2423 1913 2495 civitates
1922 2417 2184 2495 Demosthenes

142 2527 248 2621 quod
283 2548 386 2596 nemo
418 2523 494 2596 sine
525 2527 663 2601 cultura
692 2527 827 2619 ingenii
857 2524 990 2600 habere
1014 2541 1141 2621 potest,
1191 2542 1225 2598 et
1250 2526 1395 2615 Cicero,
1433 2542 1469 2599 et
1496 2550 1618 2598 earum
1652 2527 1911 2619 gubernatione
1943 2527 2183 2620 eloquentiam

141 2622 222 2697 hoc
235 2638 304 2710 est,
322 2625 398 2697 sine
409 2650 476 2700 usu
491 2628 692 2701 dialectices
710 2643 746 2702 et
760 2625 972 2719 rhetorices,
1005 2645 1041 2702 et
1065 2631 1142 2701 sine
1191 2654 1290 2702 suam
1309 2642 1540 2715 consumunt,
1574 2652 1680 2723 quam
1696 2630 1949 2700 esserelertam
1964 2629 2109 2720 politica
2126 2651 2184 2696 sa-

145 2727 324 2799 exercitiis
341 2729 519 2802 scribendi
533 2747 566 2803 et
581 2731 734 2807 dicendi.
769 2731 826 2806 Sit
841 2735 951 2824 igitur
963 2734 1002 2804 in
1018 2734 1142 2805 lectio·
1191 2731 1346 2823 pientia,
1369 2746 1405 2803 et
1418 2745 1580 2802 ornatam
1596 2731 1760 2801 mirando
1775 2732 1964 2824 splendore
1978 2731 2183 2813 verborum,

141 2852 196 2900 ne
213 2824 472 2920 Prophetarum
489 2835 656 2907 voluntas
670 2860 795 2907 amans
813 2836 995 2923 veritatis,
1018 2850 1053 2908 et
1067 2835 1142 2907 ini·
1191 2859 1247 2905 res
1263 2835 1337 2926 ipsa
1351 2837 1517 2905 ostendit.
1545 2831 1615 2905 Sed
1625 2826 1948 2905 EsaiasEcclesiam
1963 2830 2183 2904 etEcclesiae
2296 2870 2299 2877 ·

139 2929 239 3003 mica
263 2929 486 3024 sophisticae.
544 2934 601 3007 Sit
625 2962 726 3008 mens
746 2954 839 3009 recte
860 2941 996 3009 imbuta
1017 2939 1142 3031 primis
1190 2937 1413 3009 domicilium
1430 2938 1537 3028 regit:
1558 2949 1593 3006 et
1607 2960 1681 3006 non
1696 2949 1834 3006 tantum
1850 2930 2007 3006 humano
2025 2959 2123 3005 more
2139 2937 2184 3001 de

139 3032 331 3105 elementis
354 3035 537 3106 doctrinae
563 3038 835 3122 ecclesiasticae,
872 3040 917 3109 sit
939 3063 1012 3107 non
1042 3040 1142 3109 rudis
1191 3039 1335 3131 politica
1352 3038 1537 3129 sapientia,
1560 3039 1606 3107 de
1625 3038 1727 3107 bellis
1742 3038 1928 3109 movendis
1943 3050 2004 3108 aut
2018 3037 2182 3128 gerendis

139 3134 394 3207 communium
424 3135 622 3205 literarum.
685 3138 743 3207 Ad
775 3133 861 3209 hacc
883 3140 913 3208 si
939 3139 1142 3210 adiunxerit
1191 3139 1440 3210 concionatur:
1475 3141 1536 3208 sed
1553 3140 1597 3206 de
1613 3136 1682 3208 Dei
1699 3138 1899 3224 voluntate,
1930 3142 1975 3210 de
1997 3140 2181 3208 toleranda

139 3231 516 3328 linguaanbraicam‚
536 3238 649 3310 multo
664 3236 783 3309 verius
797 3254 832 3311 et
846 3240 1023 3311 dexterius
1037 3264 1143 3311 enar·
1191 3238 1379 3312 obsidione
1392 3252 1537 3333 propter
1552 3241 1831 3334 expectationem
1846 3240 1961 3310 divini
1977 3239 2112 3322 auxilii,
2136 3240 2182 3308 de

143 3338 244 3411 rabit
256 3331 473 3430 Prophetas,
501 3362 608 3434 quam
626 3339 687 3408 alii
703 3339 817 3431 ignari
834 3341 988 3433 linguae.
1190 3340 1345 3413 vitandis
1361 3341 1566 3413 foederibus
1579 3364 1660 3411 cum
1675 3341 1795 3432 impiis
1816 3341 1974 3433 regibus,
2005 3343 2049 3411 de
2068 3339 2182 3412 ruinis
2230 3342 2235 3347 ’

156 3436 164 3447 ’
251 3436 349 3509 Haec
379 3440 424 3510 de
448 3443 652 3512 necessitate
673 3442 802 3514 dixisse
823 3444 907 3515 satis
928 3444 985 3519 sit.
1036 3442 1142 3515 Nunc
1190 3443 1426 3515 maximorum
1451 3443 1683 3537 imperiorum
1697 3438 1882 3514 Chaldaici
1906 3458 1941 3515 et
1960 3441 2114 3526 Persici,
2148 3455 2183 3512 et

144 3562 260 3635 pauca
286 3543 414 3612 addam
443 3543 488 3612 de
511 3539 670 3617 historiis
702 3560 745 3617 et.
759 3548 805 3615 de
825 3547 1028 3640 eloquentia
1050 3545 1142 3616 Pro-
1191 3548 1236 3617 de
1259 3546 1418 3617 venturis
1443 3547 1481 3616 in
1498 3545 1622 3617 Asiam
1637 3543 1914 3630 Macedonibus,
1947 3546 1993 3614 de
2016 3568 2181 3615 mansura

141 3636 349 3819 &edurum
411 3642 585 3736 Magnum
608 3649 745 3718 donum
769 3647 836 3719 Dei
859 3662 933 3733 est,
973 3650 1070 3744 quod
1102 3649 1141 3719 iu
1190 3645 1448 3734 hasteriensi,
1474 3662 1507 3719 et
1523 3651 1567 3718 de
1583 3660 1733 3718 venturo
1750 3647 1942 3719 liberatore
1957 3646 2095 3737 generis
2112 3639 2181 3715 hu·

235 3745 306 3815 esia
332 3759 425 3818 extat
447 3749 618 3819 continua
641 3745 789 3822 historia
819 3752 982 3822 omniurn
1015 3753 1140 3822 mundi
1192 3750 1308 3837 mani,
1333 3765 1368 3822 et
1391 3752 1542 3844 posteris
1556 3747 1672 3820 David
1700 3750 1795 3820 iuxta
1823 3749 2111 3842 promissionem,
2136 3749 2182 3817 de

142 3860 369 3937 temporum,
394 3873 469 3919 non
489 3849 688 3943 interrupta
704 3875 816 3948 usque
835 3854 878 3924 ad
894 3850 1140 3925 monarchiam
1193 3854 1341 3925 mortuis
1356 3854 1394 3923 in
1411 3853 1518 3924 vitam
1535 3853 1762 3937 revocandis,
1794 3853 1839 3922 de
1853 3875 1936 3921 vera
1950 3849 2017 3921 Dei
2035 3850 2181 3920 invoca-

140 3946 339 4025 Persicam.
391 3946 444 4020 Ac
466 3976 512 4022 ne
536 3951 656 4042 ignota
680 3968 768 4025 essct
793 3955 900 4028 series
917 3956 1141 4049 sequentium
1191 3955 1306 4039 tione,
1333 3958 1378 4026 de
1398 3955 1511 4027 causis
1534 3966 1677 4048 propter
1697 3977 1784 4047 quas
1797 3953 1945 4044 imperia
1963 3952 2181 4049 dissipantur

139 4074 279 4136 rerum,
294 4048 392 4123 Deus
402 4052 574 4143 singulari
586 4055 736 4127 consilio
750 4057 931 4129 conteruit
943 4052 1142 4145 historiam,
1192 4069 1227 4127 et
1241 4058 1424 4144 delentur,
1450 4058 1494 4127 de
1516 4055 1682 4128 remediis
1707 4070 1742 4126 et
1761 4055 1860 4126 veris
1877 4054 2181 4125 consolationibus

140 4152 463 4227 excitatisGraecis
477 4156 724 4248 scriptoribus.
753 4154 845 4230 Nam
859 4160 1042 4254 aliquanto
1060 4175 1141 4232 ante
1192 4159 1349 4230 inomni
1371 4181 1497 4250 genere
1519 4157 1769 4229 calamitatum.
1829 4155 1907 4226 Hae
1928 4156 2102 4226 maximae
2126 4178 2181 4225 res

140 4256 256 4327 finem
293 4253 479 4341 Ieremiae,
524 4254 668 4329 inchoat
699 4254 886 4331 historiam
919 4258 1140 4333 Herodotus:
1192 4262 1297 4351 longe
1319 4275 1488 4353 superant
1504 4261 1669 4331 materias
1681 4253 1971 4330 Demosthenicas
1987 4273 2021 4330 et
2037 4256 2182 4329 Cicero·

140 4370 268 4453 postea
295 4355 536 4445 Graecorum,
576 4359 790 4432 Latinorum
816 4376 853 4433 et
877 4359 1140 4435 Germanorum
1192 4363 1337 4449 nianas,
1376 4377 1410 4434 et
1440 4363 1649 4453 magnitudo
1672 4385 1790 4432 rerum
1820 4361 1933 4452 gignit
1958 4361 2181 4450 splendidam

140 4458 318 4533 continua
334 4455 482 4531 historia
499 4475 604 4533 extat.
653 4461 802 4535 Necesse
817 4476 869 4535 est
884 4480 1001 4537 autem
1016 4469 1140 4537 doctos
1191 4465 1389 4537 orationem
1405 4465 1500 4555 apud
1515 4459 1725 4556 Prophetas:
1753 4462 1814 4557 qui
1833 4486 1913 4533 curn
1938 4461 2010 4531 sint
2035 4459 2104 4531 viri
2127 4484 2182 4533 suf

140 4562 247 4632 viros
274 4560 312 4631 in
335 4557 492 4634 Ecclesia
518 4579 637 4634 tenere
659 4565 832 4656 integram
852 4567 979 4638 seriem
1002 4581 1141 4660 tempo-
1191 4567 1347 4660 pientes,
1379 4567 1470 4637 mira
1494 4567 1573 4638 luce
1594 4579 1628 4636 et
1649 4560 1808 4657 emphasi
1831 4565 2020 4636 verborum
2043 4558 2106 4631 bas
2126 4585 2182 4631 res

139 4688 249 4748 rum,
287 4676 328 4734 ut
350 4688 441 4756 quae
464 4667 510 4737 sit
532 4668 716 4753 doctrina,
750 4681 785 4740 et
810 4692 901 4763 quae
925 4671 1141 4742 mutationes
1192 4670 1361 4740 maximas
1374 4681 1569 4761 exponunt.
1601 4664 1681 4757 Qua
1697 4669 1740 4737 de
1754 4690 1793 4738 re
1807 4691 1882 4736 non
1895 4665 2020 4736 dubito
2036 4665 2083 4735 ita
2101 4686 2183 4733 sen-

139 4764 338 4849 extiterint,
361 4768 597 4840 considerent.
640 4765 719 4841 Una
737 4785 788 4840 est
804 4771 898 4840 enim
913 4769 1042 4841 deDeo
1056 4797 1138 4843 vera
1191 4772 1259 4842 tire
1275 4772 1409 4864 ubique
1424 4784 1598 4842 terrarum
1615 4764 1778 4840 homines
1798 4769 1896 4860 pios,
1922 4767 2100 4848 eruditos,
2126 4791 2182 4835 sa-

139 4867 341 4946 sententia,
364 4892 454 4961 quae
471 4871 516 4939 ab
533 4869 637 4940 initio
654 4871 827 4941 divinitus
849 4873 953 4942 certis
978 4875 1139 4944 testimo·
1190 4874 1337 4965 pientes,
1355 4886 1388 4943 et
1406 4896 1479 4942 non
1493 4874 1599 4943 rudes
1612 4872 1852 4965 periculorum
1866 4869 1959 4939 vitae
1974 4869 2182 4940 communis.

139 4971 217 5045 niis
232 4965 411 5039 Ecclesiae
429 4973 555 5043 tradita
573 4989 642 5055 est,
667 4969 846 5044 haeccine
865 4969 1034 5046 historiae
1052 4972 1138 5046 con·
1191 4974 1261 5046 Sed
1276 4974 1515 5046 adolescentes
1531 4975 1709 5044 interdum
1726 4974 1844 5057 inepta
1869 4971 2101 5062 imperiorum
2125 4972 2182 5040 iu·

140 5071 362 5144 sideratione
377 5072 526 5142 iudicari
545 5098 616 5143 raon
634 5089 799 5160 possunt:
827 5076 920 5145 etin
944 5071 1002 5148 his
1025 5073 1140 5149 histo·
1161 5038 1167 5191 l
1190 5077 1282 5147 dicia
1307 5076 1478 5162 audiunt,
1518 5077 1650 5171 quibus
1671 5068 1873 5145 detrahitur
1890 5067 2079 5163 Prophetis
2107 5072 2183 5142 elo·

140 5174 232 5258 riis,
269 5173 428 5263 gentium
450 5175 605 5266 origines
631 5179 866 5249 conserendae
889 5196 982 5253 sunt.
1042 5178 1139 5261 Haec
1190 5179 1348 5272 quentia.
1398 5177 1506 5249 Hunc
1520 5202 1674 5248 errorem
1692 5176 1836 5267 prodest
1857 5175 1979 5267 probis
2003 5173 2183 5244 mentibus

141 5277 222 5350 sine
235 5272 348 5347 literis
360 5274 438 5347 fieri
454 5291 649 5371 nequeunt.
1189 5281 1307 5354 eximi.
1356 5272 1448 5352 Cum
1466 5294 1582 5351 autem
1602 5303 1676 5349 non
1691 5277 1802 5373 possit
1819 5279 1864 5346 de
1887 5276 2089 5370 eloquentia
2107 5273 2183 5343 beri

247 5375 431 5449 Postremo
444 5380 489 5449 de
503 5380 704 5475 eloquentia
714 5375 971 5472 Prophetarum
987 5381 1141 5454 libenter
1189 5381 1384 5473 iudicium,
1406 5382 1476 5451 nisi
1493 5406 1535 5452 ex
1548 5394 1717 5473 perpetua
1731 5377 1893 5450 oratione
1907 5391 1941 5449 et
1956 5377 2102 5467 integris
2119 5398 2183 5443 voa

142 5481 318 5564 dioemsn,
344 5479 375 5549 si
398 5493 460 5554 aut
481 5481 558 5575 ipse
579 5485 690 5572 magis
710 5486 754 5554 ad
780 5485 971 5555 dicendum
989 5483 1140 5558 idoneus
1187 5483 1405 5571 luminibus,
1436 5484 1594 5578 exempla
1611 5478 1670 5553 bic
1690 5482 1879 5555 ostendere
1898 5480 2009 5551 nimis
2034 5479 2180 5567 longum
