4664 6022
138 124 215 205 51⁹
629 110 798 192 DECL.
826 111 902 191 DE
927 108 1330 193 IMPERATORE
1367 114 1621 197 orrottu
1653 122 1684 199 l.
2108 126 2176 211 520

145 318 370 395 nequaqnam
392 316 413 366 a
435 314 474 365 se
490 289 770 363 malefaciendo
797 288 929 361 minui:
954 293 1015 363 sed
1042 291 1147 363 iustis
1195 289 1352 363 militum
1366 293 1624 387 quinquaginta
1634 286 1799 383 milibus,
1817 302 2104 395 quaproximum
2116 324 2235 393 erat

147 406 193 475 dc
208 400 322 473 causis
345 396 466 486 augeri
489 408 525 466 et
539 392 661 464 ornari
675 391 892 485 plurimum,
919 407 1025 487 atque
1045 394 1146 464 omni
1196 395 1284 476 iter,
1318 395 1358 463 in
1387 394 1525 467 ltaliam
1554 402 1748 475 contendit.
1807 400 1888 474 Huc
1917 428 2000 475 cum
2032 406 2235 508 venisset,

148 504 267 575 studio
295 499 438 572 defendi
471 498 650 591 publicam
679 518 799 586 pacem
825 498 868 564 ad
903 496 1145 566 defensionem
1197 497 1320 567 statuit
1340 497 1496 587 primum
1519 522 1598 569 cum
1622 499 1827 591 Berngariis
1852 508 1988 596 praelio
2005 510 2235 607 decertare,

148 606 290 700 imperii
309 601 466 675 Romani
482 597 724 669 necessariam.
776 596 872 667 Tum
888 599 993 670 etiam
1010 622 1146 692 nequa·
1197 621 1287 692 quos
1316 624 1396 669 cum
1424 602 1610 694 reperisset
1642 606 1785 696 oppidis
1815 610 2080 697 secontine're,
2118 638 2225 693 nou

151 732 259 804 quam
280 704 573 779 committendum
597 724 690 784 esse,
716 713 774 780 ut,
800 700 863 792 qui
882 723 963 769 suas
984 700 1146 772 fortunas
1197 701 1351 771 facturos
1379 703 1435 772 sui
1463 715 1668 794 potestatem
1689 704 1920 798 Imperatori,
1953 712 2067 804 captis
2091 714 2219 807 oppi-

150 811 263 903 ipsius
280 808 362 879 fidei
384 805 645 897 permisissent,
664 804 711 875 ab
727 799 943 895 Imperatore
958 826 1023 897 per
1041 804 1146 873 fidem
1198 803 1274 887 dis,
1299 804 1451 894 imperat
1472 803 1708 899 Berngarium
1726 806 1827 880 ltalia
1841 813 2012 885 decedere
2026 816 2206 893 comitio

152 910 382 984 circumventi
401 909 616 980 dicerentur.
763 958 766 963 -
1198 901 1361 977 Alberto.

256 1013 371 1083 Venio
387 1012 430 1080 ad
449 1006 633 1081 historiam
655 1030 774 1077 rerum
792 1004 1015 1089 Italicarum,
1041 1032 1147 1102 quam
1300 1005 1418 1078 Pulsis
1451 1007 1552 1080 ltalia
1574 1008 1778 1102 Berngariis
1806 1029 1900 1085 recta
1933 1041 2015 1088 cum
2042 1021 2189 1095 exercito

153 1113 271 1189 hocin
286 1117 363 1185 loco
379 1114 532 1182 maxime
547 1124 737 1182 statueram
754 1133 938 1200 exponere.
990 1105 1147 1180 HocOt-
1200 1106 1354 1181 Romam
1380 1112 1581 1196 contendit,
1615 1117 1658 1181 de
1680 1117 1786 1185 rebus
1801 1112 1980 1189 Ecclesiae
1997 1121 2180 1209 collocuto-

154 1234 239 1291 tone
252 1218 487 1310 Imperatore,
511 1211 707 1285 Ecclesiam
721 1214 880 1282 moribus
895 1213 1089 1305 improbis,
1114 1225 1149 1282 et
1201 1234 1263 1280 rus
1279 1235 1359 1282 cum
1374 1210 1545 1284 Pontifice
1560 1212 1767 1305 Imperator.
1805 1217 1895 1304 Ubi,
1920 1246 2002 1291 cum
2018 1224 2175 1315 praesidis

153 1323 249 1393 vitae
275 1318 499 1413 turpitudine
530 1316 724 1407 plurimum
763 1315 982 1385 deformabat
1011 1312 1149 1386 Romae
1201 1314 1343 1403 disponi
1367 1327 1540 1397 curasset,
1567 1340 1640 1409 quo
1662 1319 1818 1404 facilius,
1849 1322 1879 1390 si
1909 1322 1999 1415 quid
2028 1326 2179 1397 adversus

154 1420 374 1495 Octavianus
388 1420 557 1513 pontifex.
610 1415 699 1487 Erat
719 1411 826 1485 homo
841 1417 982 1487 deditus
996 1416 1098 1487 luxui
1115 1428 1150 1486 et
1201 1414 1449 1507 imperatorem
1466 1431 1654 1488 conaretur
1668 1423 1844 1510 pontifex,
1865 1419 2054 1514 prohiberi
2071 1442 2180 1518 posset,

154 1528 269 1611 aleae,
289 1526 456 1618 quodque
468 1519 638 1613 consequi
651 1519 884 1604 necessefuit,
903 1542 1032 1608 ganeo,
1052 1541 1146 1588 scor·
1202 1531 1334 1586 secreto
1357 1542 1437 1587 cum
1454 1516 1625 1588 Pontifice
1646 1524 1879 1616 colloquitur,
1913 1528 2024 1598 simul
2039 1552 2183 1599 cornuo-

154 1641 271 1713 tator,
296 1625 480 1718 periurus,
505 1617 744 1714 blasphemus.
799 1617 1001 1691 Damnabat
1024 1621 1150 1692 coniu-
1201 1618 1349 1703 nefacit,
1375 1643 1520 1712 quaeex
1537 1622 1713 1692 bonorum
1729 1626 1889 1696 virorum
1910 1629 2184 1721 literisdellagi·

156 1730 253 1819 gium
275 1728 314 1796 in
343 1727 605 1809 sacerdotibus,
633 1746 722 1816 quos
752 1722 925 1813 comperit
952 1745 1150 1815 repugnare
1202 1721 1261 1791 tiis
1276 1719 1458 1790 Pontificis
1474 1722 1714 1812 cognovisset,
1740 1740 1775 1797 et
1798 1753 1887 1822 quae
1904 1730 2022 1821 palam
2048 1733 2187 1828 quiaque

156 1855 242 1901 suae
269 1829 434 1914 libidini,
469 1822 525 1896 his
554 1825 760 1915 regionibus
791 1836 826 1893 et
846 1824 947 1894 omni
966 1822 1068 1895 ltalia
1092 1825 1150 1892 in·
1201 1825 1246 1892 de
1267 1846 1310 1891 eo
1335 1826 1430 1915 apud
1453 1847 1490 1891 se
1511 1825 1667 1896 dixisset.
1720 1826 1880 1898 Primum
1899 1832 2057 1923 benigne
2080 1836 2187 1927 appel·

157 1931 316 2006 terdixit.
367 1929 529 2000 Fuerunt
550 1941 667 2000 autem
691 1942 766 1998 tum
783 1927 874 1997 forte
891 1950 932 1995 ex
948 1924 1151 1997 Cardinali-
1203 1926 1312 1994 laudo
1326 1920 1643 2015 rogat-hominem,
1664 1930 1718 2000 uti
1743 1926 1921 2001 Ecclesiae
1935 1934 2189 2009 ornarne'ntoet

156 2035 225 2105 bus
242 2034 315 2104 duo
323 2030 478 2118 Itomae,
502 2053 593 2124 quos
607 2029 663 2099 vel
677 2028 847 2117 grandior
857 2041 968 2108 aetas,
992 2031 1049 2099 vel
1064 2053 1151 2098 con·
1202 2026 1379 2119 praesidio
1398 2051 1472 2097 esse
1490 2029 1595 2114 velit,
1620 2054 1695 2099 non
1711 2034 1926 2105 detrimento
1939 2036 1999 2106 vel
2019 2038 2188 2125 dedecori,

157 2135 305 2209 scientis
323 2136 429 2205 etiam
449 2133 639 2203 meliorum
656 2132 887 2216 admonebat,
912 2130 974 2222 qui
989 2131 1151 2201 ferebant
1202 2129 1441 2222 cogitaresque
1458 2130 1551 2201 vitae
1565 2134 1835 2205 sanctimoniam
1848 2138 1972 2208 decere
1987 2136 2188 2211 Pontificem

158 2238 313 2330 graviter
341 2231 433 2322 hanc
456 2232 604 2326 Epicuri
626 2233 736 2302 vitam
764 2232 804 2300 in
830 2233 1015 2323 pontifice,
1049 2232 1150 2306 euius
1203 2254 1282 2300 turn
1304 2231 1476 2321 religione
1500 2256 1585 2325 prae
1610 2236 1763 2310 referre.
1815 2236 2020 2327 Postremo,
2047 2266 2185 2313 cumre-

159 2330 349 2410 amentia'm
365 2332 525 2408 curnhoc
540 2334 681 2423 longius
694 2333 860 2425 progredi
873 2334 1053 2419 viderent,
1077 2357 1149 2427 quo
1203 2332 1334 2423 periret
1355 2355 1418 2403 sua
1438 2335 1684 2406 admonitione
1705 2361 1779 2409 non
1801 2341 1909 2426 effici,
1935 2354 1978 2412 ut
2001 2345 2049 2413 ad
2071 2344 2190 2417 nniu-

159 2440 298 2533 saepius
324 2442 593 2519 admoneretur,
624 2448 658 2507 et
677 2434 818 2505 ltaliam
840 2436 975 2529 alioqui
998 2438 1151 2526 graviter
1202 2450 1271 2505 tem
1296 2449 1534 2506 reverteretur
1555 2437 1670 2530 Papa,
1703 2442 1876 2523 ostendit,
1909 2442 2043 2515 sinon
2070 2460 2190 2539 pareat.

159 2566 302 2637 quoque
330 2541 445 2634 premi
473 2538 663 2634 tyrannide
684 2534 873 2626 Berngarii
904 2538 1017 2625 tertii,
1037 2537 1150 2608 ¹ducis
1202 2559 1239 2604 se
1252 2532 1429 2606 Ecclesiae
1443 2537 1592 2609 iniurias
1615 2564 1689 2609 uon
1718 2565 1793 2611 esse
1813 2545 2079 2634 neglecturum.
2128 2547 2191 2619 lm·

157 2643 496 2734 Longobardorum,
531 2642 627 2732 quod
656 2662 819 2727 magnam
847 2654 982 2729 partem
1017 2638 1150 2724 ltaliae,
1204 2652 1302 2730 perat
1316 2639 1434 2731 itaque
1446 2639 1485 2706 in
1504 2639 1597 2709 diem
1615 2656 1749 2712 certum
1765 2647 1956 2716 concilium
1974 2649 2116 2733 indici,
2137 2674 2192 2719 vo·

158 2742 253 2815 nihil
272 2747 317 2815 ad
333 2768 413 2814 suas
429 2743 664 2836 possessiones
683 2741 937 2832 pertinentem,
962 2743 1150 2830 redegisset
1202 2742 1287 2809 catis
1309 2742 1353 2808 ad
1375 2734 1444 2809 hoc
1463 2743 1631 2813 omnibus
1654 2747 1845 2837 episcopis,
1870 2773 1960 2841 quos
1983 2750 2145 2843 integros
2160 2762 2190 2821 et

158 2846 199 2916 in
212 2845 451 2939 provinciam,
477 2858 582 2938 atque
597 2856 740 2934 propter
755 2866 830 2911 eam
845 2844 1038 2934 potentiam
1049 2842 1151 2913 Heu·
1204 2843 1317 2912 bonos
1341 2864 1415 2911 esse
1443 2844 1593 2929 sciebat,
1626 2859 1666 2915 ut
1687 2841 1815 2917 horum
1840 2851 1984 2921 decreto
2015 2866 2187 2945 cogeretur

158 2949 273 3019 ricum
295 2948 421 3018 ducem
445 2945 616 3017 Bavariae
640 2944 679 3013 iu
709 2942 848 3014 ltaliam
876 2946 920 3013 ad
944 2946 1149 3036 pellendum
1202 2957 1295 3014 stare
1313 2940 1490 3017 Pontifex.
1544 2945 1611 3016 Die
1626 2950 1769 3018 concilii
1786 2953 1998 3039 constituto,
2035 2952 2188 3029 Ponite

156 3048 371 3142 Bemgarios
395 3063 580 3133 vocatum,
604 3045 706 3117 ltalia
730 3046 898 3116 decedere
923 3061 1029 3141 atque
1051 3071 1150 3118 exer-
1203 3069 1339 3115 memor
1367 3047 1503 3137 adagii,
1541 3050 1635 3142 quod
1668 3064 1735 3136 est,
1761 3050 1957 3145 Vulpinam
1983 3057 2122 3148 pellem
2144 3076 2191 3127 ss·
2233 3122 2235 3143 ,

157 3153 268 3224 citum
283 3152 457 3223 deducere
472 3150 658 3239 coligisset:
682 3161 881 3219 statuerunt
898 3150 1069 3220 auxilium
1086 3172 1151 3240 per
1202 3150 1373 3217 suendum
1387 3171 1479 3235 esse,
1503 3150 1534 3220 si
1548 3151 1691 3222 leonina
1707 3177 1782 3222 non
1798 3156 1946 3238 sufficit,
1972 3172 2090 3233 noem
2104 3180 2193 3251 prae·

155 3255 277 3327 literas
299 3256 468 3327 adversus
486 3250 725 3343 Berngarium
748 3263 784 3320 et
798 3251 999 3341 pontificem
1019 3254 1063 3323 ab
1080 3246 1151 3322 Ot-
1202 3260 1257 3317 ter
1269 3248 1429 3319 omnium
1447 3252 1654 3344 opinionem
1672 3256 1839 3342 elabitur,
1865 3257 2049 3354 latuitque
2063 3260 2193 3333 infler·

155 3368 241 3431 tone
256 3355 472 3448 Imperatore
493 3350 760 3446 implorandum
781 3374 872 3438 esse,
906 3353 968 3446 qui
994 3352 1063 3422 iam
1086 3354 1151 3421 ad·
1203 3351 1302 3433 uicis,
1321 3352 1454 3421 bellum
1465 3355 1660 3448 aliquando
1673 3357 1727 3426 sui
1739 3359 1953 3429 defendendi
1967 3386 2080 3435 causa
2091 3364 2193 3435 tacu-

155 3453 484 3543 versusBohemos,
508 3454 689 3545 Ungaros,
714 3451 888 3534 Bararus,
913 3454 1054 3538 Gallos,
1077 3453 1151 3524 Da·
1203 3475 1263 3522 rus
1280 3450 1500 3544 lmperatori.
1560 3456 1633 3526 Ter
1649 3472 1768 3528 autern
1790 3462 1835 3531 ad
1850 3460 2045 3555 Synodum
2060 3463 2191 3559 publice

156 3583 246 3644 nos,
271 3556 453 3630 Vandalus
483 3570 634 3648 gesserat
662 3557 772 3638 bella,
806 3580 959 3649 quorum
983 3569 1080 3626 tama
1104 3558 1148 3625 ad
1203 3569 1367 3640 vocatus,
1388 3580 1463 3625 nou
1479 3558 1597 3649 paruit
1612 3561 1745 3646 edicto,
1767 3585 1833 3633 nec
1846 3564 1943 3635 abest
1959 3567 2142 3659 suspicio,
2158 3576 2191 3636 ut

154 3658 342 3734 Romanos
366 3660 500 3752 perlata
518 3660 635 3729 fuerat
655 3657 796 3749 opinio,
822 3670 863 3727 ut
879 3657 1025 3726 nomine
1041 3654 1150 3729 Otto-
1202 3656 1346 3748 quidem
1377 3659 1613 3745 arbitrantur,
1654 3662 1742 3757 quin
1768 3664 1835 3735 sub
1863 3663 1959 3735 idem
1987 3680 2133 3765 tempus
2158 3665 2188 3737 is

154 3762 213 3833 nis
236 3762 378 3834 venturi
409 3775 558 3855 uterque
593 3761 851 3852 propemodum
880 3756 1096 3848 Berngarius
1115 3773 1151 3830 et
1202 3758 1377 3829 adulterio
1393 3756 1650 3852 deprehensus,
1675 3765 1722 3835 sit
1740 3765 1956 3843 interfectus.

155 3861 320 3936 Pontifex
342 3865 387 3935 sb
415 3862 579 3935 instituto
609 3861 758 3932 consilio
788 3861 959 3934 deterreri
982 3863 1149 3953 potuerit.
1305 3859 1502 3954 lmperator
1516 3863 1636 3958 itaque
1653 3891 1734 3936 cum
1751 3867 2055 3945 animadverteret
2073 3866 2187 3963 negligi

156 3963 278 4053 Quare
291 3965 554 4037 communicato
579 3988 659 4035 cum
675 3960 904 4055 Principibus
924 3963 1061 4058 aliquot
1079 3962 1150 4034 lta-
1202 3963 1427 4034 autoritatem
1452 3967 1594 4036 concilii
1618 3992 1639 4036 a
1656 3967 1828 4041 Pontifice
1849 3973 2024 4063 profugo,
2052 3971 2186 4069 quaein

154 4067 225 4137 liae
238 4066 405 4152 consilio,
431 4065 542 4137 literis
556 4061 882 4156 rogantOttonem,
908 4065 962 4134 uti
977 4067 1148 4138 auxilium
1201 4064 1367 4156 pontifice
1394 4064 1648 4157 reprehendat,
1691 4092 1808 4142 coram
1843 4073 1999 4145 concilio
2033 4070 2186 4153 ostencit.

155 4168 247 4241 ferat
261 4168 437 4241 laboranti
451 4165 628 4239 Ecclesiae
653 4182 688 4237 et
706 4190 891 4260 oppressae
903 4164 1149 4258 Reipublicae.
1201 4191 1292 4260 quae
1317 4166 1392 4258 ipse
1414 4170 1605 4261 intelligat,
1631 4194 1723 4265 quae
1746 4174 1807 4243 alii
1824 4189 2043 4268 querantur,
2069 4198 2188 4272 propo·

154 4266 320 4343 Codrceri
337 4295 358 4341 a
373 4270 636 4360 magistratibus
657 4266 870 4360 Berngarios
890 4283 923 4342 et
938 4268 1147 4342 Pontificem
1201 4269 1274 4354 nit,
1300 4270 1475 4364 efficitque
1494 4288 1535 4344 ut
1557 4298 1576 4343 e
1599 4276 1784 4346 communi
1803 4300 1981 4349 consensu
2000 4278 2186 4351 novusde·

154 4396 230 4445 non
256 4396 368 4467 posse.
430 4369 660 4461 Quinetiam,
700 4373 794 4466 quod
818 4373 1048 4442 necessariam
1073 4397 1147 4443 rem
1200 4372 1356 4449 claretur
1382 4373 1540 4465 pontifex
1564 4372 1639 4445 Leo
1669 4372 1838 4452 Octavus.
1906 4378 1983 4450 lam
2013 4376 2186 4453 Pondtds

154 4476 382 4548 enunciarint
398 4472 628 4565 imperatori,
661 4473 859 4563 intelligere
880 4497 934 4557 se,
959 4488 1094 4568 quanto
1110 4476 1147 4546 id
1199 4473 1352 4543 amentia
1368 4474 1522 4559 sublata,
1545 4477 1644 4569 cupit
1658 4480 1744 4550 etin
1762 4479 1909 4574 reliquis
1923 4482 2186 4555 difficultatihut

153 4597 236 4647 cum
246 4577 405 4670 periculo
417 4575 600 4661 fecissent,
626 4589 661 4647 et
675 4577 723 4648 oh
741 4599 818 4646 eam
835 4598 992 4662 caumm,
1022 4601 1148 4671 quam·
1198 4575 1360 4649 subsidio
1382 4600 1457 4646 esse
1481 4574 1669 4652 Ecclesiae.
1726 4578 1866 4670 Quare,
1899 4596 1940 4654 ut
1954 4595 1990 4655 et
2001 4583 2186 4677 possuis-

152 4676 219 4749 diu
232 4680 433 4771 potuerint,
457 4678 619 4749 tacuisse.
1122 4680 1127 4689 “
1199 4678 1307 4748 nibus
1331 4677 1492 4763 iniustis,
1518 4705 1646 4773 opera,
1672 4706 1777 4775 quem
1800 4685 1931 4756 fecerat
1946 4684 2134 4759 pontilicis
2147 4684 2186 4757 ll·

257 4775 431 4853 Ottouem
446 4804 528 4853 cum
542 4778 677 4849 multae
692 4799 749 4847 res
762 4772 1011 4863 hortarentur,
1037 4803 1148 4873 quare
1197 4781 1338 4852 beraret
1352 4777 1567 4864 Ecclesiam,
1592 4784 1788 4875 plurimum
1809 4788 1959 4859 avaritia
1978 4788 2185 4863 Pontificum

153 4878 224 4952 sibi
239 4903 315 4951 eam
330 4906 406 4953 rem
422 4883 646 4975 cogitandam
668 4893 703 4952 et
718 4879 978 4972 suscipiendam
994 4895 1147 4971 putaret,
1198 4895 1399 4968 oneratam,
1431 4895 1466 4954 et
1488 4884 1526 4954 in
1551 4886 1729 4979 reliquum
1755 4901 1895 4981 tempus
1920 4890 2039 4962 multo
2059 4892 2185 4963 maiora

151 4981 192 5052 in
206 4982 348 5076 primis,
372 4988 467 5079 quod
477 4981 692 5068 Ecclesiam,
719 5005 826 5074 quam
842 4982 897 5053 sui
910 4977 1005 5052 nihil
1020 4985 1147 5076 deper-
1195 4987 1240 5056 ad
1262 4983 1511 5055 illustrandam
1542 4987 1690 5078 gloriam
1713 4983 1848 5060 Christi
1876 4993 2042 5064 conferre
2067 5002 2186 5087 posset,

149 5085 236 5158 dere
262 5085 394 5172 voluit,
426 5109 500 5158 non
522 5087 642 5158 abesse
669 5107 690 5155 a
716 5083 876 5176 periculo
901 5086 1146 5174 arbitraretur,
1195 5089 1255 5157 dat
1277 5109 1440 5177 operam,
1465 5101 1523 5175 ut,
1553 5089 1758 5184 priusquam
1782 5092 1941 5166 discedat
1963 5118 1986 5167 a
2009 5092 2185 5179 Pontifioe,

148 5187 318 5260 omnibus
332 5190 439 5261 rebus
461 5188 506 5258 ad
527 5187 661 5259 bellum
684 5186 916 5276 comparatis,
940 5188 1145 5271 exercitum,
1193 5189 1408 5260 donationes
1435 5186 1691 5282 imperiorum,
1730 5216 1818 5285 quas
1846 5196 2060 5270 fabulantur
2086 5198 2184 5271 usos

147 5312 255 5383 quam
271 5304 388 5385 potest
401 5288 607 5372 maximum,
627 5302 729 5361 curat
740 5288 932 5362 conscribi:
959 5304 995 5365 et
1012 5292 1144 5391 coactis
1191 5288 1307 5385 Papae
1324 5290 1506 5388 sylvestro
1520 5293 1566 5364 ab
1582 5292 1799 5386 Imperatore
1807 5294 2051 5373 &nstantino
2065 5298 2182 5375 sPon-
