4664 6022
136 274 210 348 stt
772 258 935 337 DECL
973 255 1051 332 ΒΕ
1084 254 1438 333 conconmn
1470 278 1558 338 erc.
1643 360 1648 367 Ι
2104 258 2190 335 ‘obt

141 448 337 522 steritatem
352 440 545 535 pertinent.
595 435 678 509 Non
699 436 922 508 fastidiamus
944 427 1011 504 bos
1025 431 1143 518 ludos,
1190 435 1396 528 perlectum.
1450 432 1575 528 ltaque
1590 454 1681 526 opus
1696 448 1748 506 est
1761 435 1917 528 primum
1939 435 1977 506 in
1994 432 2138 528 Repub.
2152 458 2193 508 ea

142 569 313 643 tanquam
340 569 397 614 res
420 544 585 633 indignas
608 541 732 627 nobis,
765 542 826 610 sed
850 538 1051 628 exemplum
1075 559 1143 605 no-
1191 537 1287 608 inter
1310 539 1403 608 cives
1424 537 1688 622 benevolentia,
1721 550 1855 608 utnon
1872 538 2066 629 gravatim,
2092 543 2192 633 quod

143 671 257 727 strum
274 651 441 743 prodesse
463 645 749 717 adolescentibus
769 645 814 712 ad
837 636 1007 712 honestos
1027 661 1143 708 mores
1193 640 1343 734 quisque
1377 653 1509 732 potest,
1552 641 1598 709 ad
1631 665 1736 710 usum
1762 666 1986 712 communem
2021 641 2194 728 conferat,

145 756 318 830 amandos
354 765 390 822 et
425 749 688 842 conservandos
723 745 974 818 existimemus.
1046 739 1144 811 Haec
1192 743 1322 813 deinde
1356 745 1529 837 quaedam
1560 756 1600 814 ut
1634 742 1721 813 vitia
1748 744 1787 813 in
1811 743 1889 815 aliis
1916 745 2194 830 dissimulemus,

147 858 326 957 praelatus
346 878 444 937 sum,
483 864 522 922 ut
546 849 703 943 imperiti
726 847 928 938 intelligant
959 869 1025 916 uos
1048 845 1143 913 bono
1194 860 1371 938 postremo
1396 860 1434 916 ut
1457 859 1578 916 nostra
1598 846 1801 937 diligentia,
1832 847 2040 919 dexteritate
2059 861 2096 919 et
2119 847 2193 917 vir-

146 959 298 1036 coosilio
321 953 386 1028 hos
411 949 639 1024 scholasticos
660 952 750 1023 ritus
767 973 983 1021 conservare.
1036 944 1143 1036 Quod
1195 961 1270 1020 tute
1286 971 1467 1033 sanemus,
1494 962 1534 1018 ut
1547 947 1661 1018 sicubi
1679 962 1848 1018 cessatum
1864 963 1916 1020 est
1930 951 1976 1021 ab
1989 950 2091 1032 aliis,
2117 963 2193 1021 arte

147 1090 228 1138 cum
257 1060 305 1130 ita
331 1062 395 1141 sit,
429 1082 580 1152 acquum
610 1068 679 1140 est,
715 1078 777 1124 vos
801 1052 997 1125 orationem
1029 1072 1144 1118 meam
1195 1052 1240 1121 ab
1263 1051 1342 1120 aliis
1363 1051 1534 1121 sarciatur
1555 1051 1700 1121 iactura.
1759 1049 1860 1122 Talis
1880 1067 1991 1124 status
2013 1053 2194 1146 optandus

146 1168 321 1265 patienter
342 1160 485 1245 audire,
512 1183 617 1255 quam
642 1152 711 1227 hoc
729 1158 807 1226 loco
828 1150 959 1224 habere
980 1178 1036 1223 me
1052 1150 1146 1240 cogit
1196 1166 1301 1223 estex
1317 1152 1437 1222 animo
1450 1168 1484 1224 et
1498 1155 1596 1223 decet
1614 1154 1725 1223 bonos
1739 1178 1880 1236 omnes,
1906 1155 2056 1226 consilia
2070 1156 2193 1226 omnia

148 1267 255 1344 oflicii
278 1267 384 1337 ratio.
442 1260 523 1334 Etsi
545 1276 663 1330 autem
686 1259 859 1353 quaedam
886 1270 986 1327 erant
1013 1277 1146 1337 causae,
1196 1279 1257 1325 sua
1274 1268 1310 1325 et
1326 1280 1450 1325 omnes
1472 1255 1627 1326 actiones
1643 1258 1685 1326 ad
1702 1252 1798 1327 hunc
1818 1270 1946 1327 statum
1964 1258 2193 1329 efficiendum

150 1397 214 1446 cur
231 1371 275 1439 de
292 1370 424 1440 artium
439 1366 564 1435 studiis
583 1376 617 1433 et
635 1362 805 1446 utilitate,
830 1356 900 1430 hoc
917 1376 1074 1452 tempore
1091 1356 1146 1424 di·
1196 1358 1360 1449 dirigere.
1411 1356 1472 1430 Sic
1495 1361 1533 1427 in
1554 1353 1674 1428 schola
1699 1360 1894 1430 liberaliter
1919 1361 2106 1433 conserant
2121 1360 2194 1430 sin-

150 1476 303 1548 cendum
333 1471 541 1553 videbatur,
578 1481 696 1536 tamen
725 1489 805 1533 cum
829 1463 891 1532 alii
921 1486 1023 1554 saepe
1045 1458 1147 1529 vobis
1196 1462 1271 1552 guli
1289 1483 1371 1530 suas
1392 1474 1484 1532 artes
1500 1463 1544 1531 ad
1565 1485 1788 1532 communem
1809 1487 1924 1533 usum.
1975 1461 2094 1534 Nemo
2108 1462 2193 1534 alte·

148 1585 431 1651 commonstrent
454 1594 578 1653 usum,
610 1569 647 1636 in
670 1567 792 1637 multis
816 1567 910 1635 vitae
930 1564 1090 1658 partibus
1115 1576 1148 1632 et
1197 1565 1271 1634 rius
1293 1564 1433 1654 generis
1454 1565 1603 1633 artifices
1633 1588 1793 1656 premere
1818 1580 1985 1652 conetur,
2018 1567 2193 1661 quaedam

148 1675 453 1770 vituperatoribus
481 1670 635 1763 graviter
655 1671 913 1761 respondeant,
948 1666 1148 1758 relinquam
1197 1667 1303 1738 etiam
1321 1667 1546 1737 incommoda
1561 1667 1601 1735 in
1621 1666 1700 1736 aliis
1714 1669 1861 1758 tegenda
1876 1682 1981 1759 sunt,
2009 1668 2193 1739 etvelco-

149 1785 258 1854 modo
274 1779 312 1848 id
327 1789 591 1869 argumentum,
614 1786 648 1842 et
665 1773 780 1841 dicam
795 1773 839 1841 de
853 1769 1063 1857 concordia,
1086 1769 1149 1836 de·
1199 1770 1303 1839 miter
1319 1771 1558 1853 emendanda,
1583 1770 1639 1839 vel
1654 1784 1729 1839 arte
1744 1772 1896 1865 quadam
1912 1771 2111 1844 sarcienda.
2148 1770 2193 1842 At

150 1911 219 1982 qne
243 1879 565 1955 communicatione
588 1875 789 1947 studiorum
817 1886 922 1967 atque
950 1894 1150 1964 operarum,
1199 1896 1264 1941 nos
1280 1873 1423 1964 quidem
1440 1872 1477 1940 in
1494 1867 1625 1941 scholis
1642 1875 1827 1965 praecipue
1843 1896 2000 1944 amemus
2015 1868 2115 1943 bunc
2129 1887 2193 1944 sta-

153 1991 230 2062 sine
244 2010 313 2080 qua
329 1981 473 2055 retineri
489 1994 523 2049 et
545 1977 735 2049 consistere
755 1973 912 2069 Respub.
936 1999 1009 2044 non
1024 1985 1148 2064 potest.
1199 1988 1295 2057 tum,
1323 1975 1406 2067 quia
1421 1971 1648 2060 Aristoteles,
1667 1999 1771 2068 quem
1788 1976 1971 2070 sequimur
1981 1974 2191 2066 Magistrum

150 2088 258 2162 Extat
280 2101 396 2157 autem
414 2085 508 2175 apud
524 2079 680 2152 Graecos
699 2091 890 2148 venustum
909 2073 1150 2169 Epigramma,
1200 2079 1238 2147 in
1259 2071 1510 2167 Philosophia,
1541 2074 1799 2148 Aristocratian
1820 2079 1971 2147 maxime
1988 2078 2140 2170 probat,
2161 2091 2191 2148 et

150 2195 191 2263 in
217 2215 287 2285 quo
315 2187 474 2282 pingitur
495 2185 650 2275 optimus
672 2179 826 2274 Reipub.
854 2195 976 2254 status.
1037 2177 1089 2248 Ac
1108 2202 1148 2248 eo
1199 2176 1290 2249 hanc
1304 2178 1456 2249 antefert
1470 2179 1639 2250 omnibus
1654 2181 1777 2249 lormis
1792 2181 2012 2272 politiarum.
2061 2179 2190 2274 Sequa·

152 2294 322 2366 libentius
338 2301 584 2379 argumentum
609 2282 885 2378 Epigrammatis
909 2282 1007 2350 illius
1026 2281 1151 2350 recita·
1198 2305 1280 2351 mur
1306 2280 1415 2370 igitur
1441 2278 1687 2366 Aristotelem,
1714 2295 1746 2351 et
1772 2284 1811 2351 in
1836 2278 1986 2367 scholis,
2022 2295 2189 2376 quanm

151 2400 217 2481 bo,
241 2410 279 2466 ut
294 2392 493 2483 exemplum
508 2390 646 2460 illustre
661 2386 901 2459 adolescentes
916 2383 1150 2473 inligantani-
1199 2385 1276 2454 lieri
1316 2396 1449 2474 potest,
1502 2379 1769 2455 Aristocratiam
1816 2385 2023 2454 efficiamus.
2103 2382 2188 2455 llaec

152 2500 240 2578 mis,
267 2497 364 2592 quod
389 2517 449 2564 eos
477 2493 574 2562 etin
599 2485 719 2559 schola
746 2502 781 2558 et
803 2488 971 2578 deinceps
998 2486 1149 2555 inomni
1200 2500 1318 2556 autem
1342 2508 1418 2554 non
1440 2499 1525 2556 sunt
1545 2486 1796 2571 Aristocratia,
1830 2489 1890 2557 sed
1919 2485 2048 2579 partim
2072 2486 2192 2557 Timo·

152 2603 225 2672 vita
242 2603 442 2679 admoneat,
463 2619 533 2688 qua
550 2606 625 2663 arte
641 2591 826 2661 retinenda
836 2591 882 2660 sit
897 2590 1037 2682 publica
1052 2603 1151 2657 tran·
1200 2590 1298 2669 nica,
1345 2587 1474 2678 partim
1511 2585 1747 2686 ὀλιγαρχικὰ,
1795 2590 1964 2678 gravatim
1999 2612 2129 2680 operas
2158 2588 2192 2659 in

154 2701 324 2799 quillitas.
382 2695 436 2769 Ea
460 2721 545 2766 vero
569 2717 696 2784 magna
719 2706 771 2763 est
789 2717 865 2778 ars,
896 2716 958 2762 seu
980 2691 1150 2781 sapientia
1201 2714 1390 2761 commune
1405 2692 1581 2777 conferre,
1608 2692 1663 2761 vel
1684 2691 1858 2783 impedire
1872 2693 2027 2762 aliorum
2043 2714 2193 2776 cursum,

153 2805 291 2900 potius,
317 2799 505 2898 praecipue
520 2797 732 2891 requirenda
755 2795 870 2874 iniis,
897 2793 960 2888 qui
978 2793 1048 2861 viri
1065 2793 1151 2864 boni
1201 2793 1263 2889 qui
1297 2807 1328 2863 ct
1364 2793 1432 2884 ipsi
1464 2795 1555 2863 bene
1587 2809 1769 2864 merentur
1801 2797 1846 2864 de
1872 2792 2017 2885 Repub.
2045 2795 2192 2866 aliorum

154 2902 335 3001 perhiberi
352 2902 498 2987 volunt,
525 2924 615 2994 quae
629 2896 828 2969 cuiusmodi
841 2897 905 2982 sit,
928 2897 967 2965 in
982 2890 1048 2966 hac
1063 2897 1152 2965 ima·
1201 2894 1371 2986 aucupari
1389 2910 1521 2975 errata,
1548 2896 1729 2967 autetiam
1746 2897 1956 2967 calumniari
1975 2898 2116 2983 studia,
2136 2918 2192 2967 sen

154 3010 236 3102 gine
252 3005 409 3098 conspici
427 3017 554 3095 potest.
1202 2999 1305 3078 odio,
1339 3020 1400 3067 seu
1421 2998 1636 3084 ambitione,
1667 3023 1729 3069 seu
1753 2998 1873 3093 aliqua
1897 2999 1965 3068 alia
1993 3000 2188 3094 cupiditate.

258 3111 365 3182 Forte
397 3106 436 3176 in
466 3107 523 3176 via
548 3105 766 3176 conveniunt
795 3125 917 3172 caecus
942 3117 975 3173 ct
995 3101 1152 3180 claudus,
1203 3099 1345 3190 Quanta
1375 3100 1470 3169 inter
1495 3123 1532 3170 se
1561 3102 1735 3171 modestia
1768 3114 1949 3172 certarunt
1982 3115 2121 3193 septena
2138 3096 2187 3169 illi

153 3216 218 3288 ubi
243 3238 323 3285 cum
353 3211 427 3280 sine
460 3210 548 3278 duce
581 3207 745 3298 progredi
767 3229 890 3275 caecus
922 3228 996 3274 non
1025 3216 1152 3294 posset,
1203 3202 1333 3272 summi
1355 3201 1441 3281 viri,
1476 3203 1538 3296 qui
1564 3202 1747 3297 Sapientes
1772 3205 2025 3290 nominantur,
2054 3204 2120 3300 qui
2140 3226 2193 3272 eo-

155 3319 283 3390 claudo
319 3313 426 3385 etiam
463 3306 627 3381 vehiculo
665 3332 755 3400 opus
787 3319 893 3390 esset,
933 3307 1153 3377 retinebatur
1203 3308 1283 3374 dem
1312 3320 1470 3395 tempore
1499 3306 1700 3376 floruerunt
1724 3307 1762 3375 in
1792 3307 1944 3375 diversis
1974 3303 2197 3378 civitatibus?

155 3434 304 3513 uterque
330 3441 393 3486 suo
420 3414 528 3483 malo.
588 3410 688 3479 Vidit
714 3423 830 3480 autem
849 3409 996 3478 claudus
1012 3432 1151 3478 caecum
1202 3406 1384 3478 Namcum
1400 3406 1539 3491 Mileti,
1566 3409 1747 3479 inventam
1759 3432 1901 3479 auream
1915 3405 2197 3499 mensamApol·

157 3523 294 3592 validos
307 3520 476 3600 lacertos,
503 3515 623 3583 firmos
640 3515 762 3604 pedes,
790 3512 944 3604 denique
969 3514 1080 3582 robur
1098 3510 1154 3577 in·
1205 3511 1239 3579 lo
1257 3509 1412 3579 iussisset
1426 3510 1685 3601 sapientissimo
1700 3511 1795 3596 dari,
1816 3506 2196 3583 civitas'l'haletidao·

156 3641 295 3714 tegrum
319 3619 477 3710 corporis
503 3613 650 3698 habere,
683 3615 962 3708 necquicquam
981 3613 1099 3682 morbi
1117 3613 1153 3679 in
1204 3616 1285 3680 darn
1311 3636 1384 3682 esse
1407 3613 1579 3685 decrevit:
1613 3614 1643 3680 is
1660 3613 1942 3703 magnitudinem
1959 3608 2071 3684 huius
2086 3612 2196 3685 laudis

156 3752 198 3796 eo
218 3721 379 3799 haerere,
413 3719 483 3789 nisi
509 3720 605 3810 quod
630 3716 980 3806 oculiscaptuserat.
1033 3711 1153 3801 Quare
1204 3737 1278 3782 non
1302 3737 1513 3803 agnoscens,
1541 3728 1576 3785 et
1591 3716 1746 3786 libenter
1761 3716 1880 3802 alteri,
1906 3718 1962 3785 vel
1983 3716 2197 3807 impertiens,

156 3829 353 3921 prudenter
369 3821 451 3892 iniit
467 3820 662 3902 rationem,
688 3832 727 3889 ut
744 3817 838 3886 inter
861 3839 897 3887 se
914 3816 1155 3885 communica·
1206 3816 1262 3884 vel
1284 3819 1428 3896 cedens,
1460 3816 1557 3888 misit
1579 3815 1725 3903 Soloni,
1757 3817 1869 3890 Solon
1892 3820 1936 3887 ad
1951 3820 2107 3889 eundem
2124 3841 2198 3888 mo-

156 3943 235 4001 rent
251 3948 395 4020 operas,
422 3936 457 3995 et
472 3922 559 3994 alter
576 3920 719 3990 sarciret
734 3919 790 4004 id,
817 3920 913 4012 quod
934 3921 1054 3988 deerat
1069 3917 1155 3987 alte·
1206 3916 1433 3988 dumBianti.
1483 3917 1574 3990 Cum
1594 3943 1658 4011 per
1672 3943 1795 3990 omnes
1810 3932 1943 4012 septem
1959 3935 2086 4012 vagata
2100 3943 2198 3992 mett·

156 4035 207 4111 ri,
239 4044 279 4101 ut
300 4050 421 4100 caecus
443 4025 582 4096 tolleret
605 4024 643 4090 in
664 4018 832 4095 humeros
846 4023 1031 4107 claudum,
1058 4021 1155 4091 clau·
1206 4044 1242 4091 sa
1269 4023 1313 4091 ad
1336 4017 1523 4092 Thaletem
1545 4021 1726 4114 rediisset,
1758 4023 1809 4093 ait
1832 4018 1981 4107 Thales,
2015 4046 2116 4094 nuuc
2141 4024 2199 4094 de-

157 4135 226 4205 dus
252 4131 312 4200 isti
343 4140 561 4198 monstrator
592 4124 669 4195 viae
702 4138 802 4194 esset.
871 4119 1029 4214 Exponit
1051 4147 1154 4192 suum
1207 4147 1304 4192 mum
1329 4147 1366 4192 se
1389 4124 1522 4195 oraculi
1546 4126 1756 4195 sententiam
1780 4125 1994 4213 intelligere;
2030 4125 2199 4220 iussitque

125 4225 131 4233 ’
158 4233 347 4308 eonsilium
365 4255 487 4310 caeco,
513 4241 547 4299 et
562 4251 661 4297 suam
678 4250 821 4318 operam
840 4224 1039 4316 pollicetur.
1077 4220 1154 4295 Etsi
1208 4248 1364 4294 mensam
1387 4225 1509 4296 offerri
1534 4225 1718 4317 Apollini,
1752 4223 2201 4320 quodDeussignibeasset

158 4336 296 4409 sarcina
315 4331 564 4425 imponebatur
583 4353 658 4399 non
683 4328 772 4399 levis
793 4352 913 4414 caeco,
939 4339 1154 4398 tamencum
1208 4323 1276 4397 hoe
1298 4328 1503 4408 involucro,
1536 4329 1717 4398 neminem
1742 4329 1966 4413 mortalium,
2001 4331 2063 4400 sed
2088 4331 2200 4401 solum

156 4436 378 4511 humanitate
404 4432 490 4504 socii
521 4443 722 4523 caperetur,
758 4454 834 4502 non
864 4431 1034 4501 detrectat
1064 4425 1156 4501 hanc
1207 4428 1323 4500 Deum
1343 4430 1535 4522 sapientem
1562 4455 1645 4504 esse.
1704 4427 1740 4501 Ο
1757 4456 1837 4501 vere
1855 4427 2131 4504 Aristocraticos
2149 4431 2201 4501 vi·

158 4540 421 4621 conditionem,
451 4560 491 4605 ac
505 4533 642 4605 sublato
660 4533 699 4602 in
719 4527 889 4603 humeros
902 4533 1048 4612 claudo,
1075 4556 1156 4624 per·
1209 4556 1286 4617 ros,
1320 4557 1471 4627 quorum
1505 4558 1610 4603 nemo
1641 4535 1685 4603 de
1706 4534 1853 4604 alterius
1878 4534 1984 4604 laude
2005 4535 2200 4630 quidquam

157 4645 225 4735 git,
258 4656 292 4711 et
315 4642 490 4730 gubernat
505 4661 585 4706 eum
602 4635 760 4710 claudus.
812 4633 864 4706 lta
886 4649 1047 4706 amanter
1059 4660 1157 4705 com·
1209 4635 1399 4726 decerpsit:
1435 4637 1565 4705 deinde
1586 4636 1647 4730 qui
1673 4637 1846 4722 viderint,
1870 4631 1972 4706 'nihil
1991 4659 2066 4707 esse
2091 4636 2202 4710 surio·

159 4744 349 4816 municatis
364 4741 481 4836 operis
501 4741 567 4811 iter
588 4751 787 4827 susceptum
804 4738 1007 4809 conficiunt.
1060 4736 1157 4810 Haec
1210 4738 1301 4821 sius,
1327 4762 1432 4831 quam
1455 4732 1619 4809 homines
1640 4740 1710 4811 sibi
1731 4740 1925 4833 sapientiae
1944 4739 2203 4811 laudemarro·

159 4861 211 4918 est
229 4847 344 4934 imago
361 4844 487 4936 optimi
503 4857 614 4912 status
633 4840 672 4911 in
689 4837 831 4929 Repub.
877 4837 1039 4910 Primum
1062 4841 1156 4913 enim
1181 4882 1185 4929 t
1209 4863 1301 4929 gare.
1358 4839 1477 4933 ltaque
1501 4843 1649 4913 comiter
1670 4845 1764 4913 inter
1781 4842 2007 4912 sevixerunt.
2058 4838 2203 4938 thui·

160 4950 199 5018 in
214 4961 312 5019 tauta
327 4947 420 5015 mole
435 4970 473 5015 ac
488 4944 657 5013 varietate
672 4942 918 5033 negociorum,
940 4965 1046 5011 nemo
1063 4967 1157 5012 unus
1181 4934 1185 4959 ¹
1203 4944 1289 5010 'dem
1307 4938 1475 5011 Solonem
1490 4945 1682 5035 accipimus
1704 4969 1723 5014 a
1740 4940 1890 5013 Thalete
1909 4943 2075 5015 didicisse
2088 4957 2204 5016 motos

160 5075 224 5142 par
258 5072 331 5117 esse
365 5047 532 5119 omnibus
568 5047 674 5114 rebus
706 5044 997 5115 administrandis
1031 5056 1157 5135 potest.
1210 5056 1397 5113 astrorum.
1458 5041 1562 5116 Nunc
1584 5071 1667 5117 vero
1689 5048 1827 5140 quoties
1844 5046 1934 5119 illud
1951 5046 2010 5132 fit,
2037 5049 2136 5142 quod
2157 5046 2203 5118 ait

160 5151 300 5224 Deinde
318 5162 413 5219 tanta
437 5162 489 5222 est
512 5147 700 5216 infirmitas
721 5146 968 5236 ingeniorum,
993 5160 1033 5217 ut
1051 5147 1156 5216 etiam
1210 5143 1405 5218 Martialis:

161 5253 224 5353 qui
240 5275 354 5323 unum
375 5249 521 5343 aliquod
538 5270 668 5318 munus
683 5249 878 5332 s'ustinent,
912 5261 1029 5318 tamen
1047 5248 1158 5322 inter·
1363 5250 1429 5334 Qui
1445 5256 1519 5316 vetit
1534 5260 1656 5337 ingenio
1671 5255 1792 5334 cedere,
1814 5281 1896 5321 rarus
1910 5263 1976 5320 erit.

161 5358 247 5425 dum
270 5377 344 5423 non
372 5353 455 5420 satis
483 5351 554 5423 sint
587 5349 735 5430 intenti,
770 5349 951 5419 interdum
978 5350 1159 5423 fallantur.
1209 5345 1257 5419 Et
1280 5349 1435 5420 vidimus
1456 5351 1645 5444 aliquoties
1668 5346 1736 5421 hoc
1759 5355 1934 5438 accidere,
1964 5366 2120 5424 utortae
2132 5353 2203 5422 dis·

160 5453 324 5550 Denique
340 5448 435 5523 nihil
450 5466 502 5524 est
516 5452 555 5520 in
572 5454 679 5522 rebus
691 5445 858 5521 humanis
881 5451 926 5521 ab
943 5453 1044 5522 omnl
1063 5466 1161 5545 parte
1184 5451 1453 5533 ,sentinaculae
1472 5477 1515 5523 ex
1533 5453 1721 5524 levissimis
1742 5454 1855 5525 initiis
1869 5455 2057 5528 excitarint
2080 5456 2204 5547 ingen·
