4664 6022
145 249 228 341 sas
591 191 764 345 'nucu
812 243 886 323 nn
917 242 1232 323 ruutrarn
1264 224 1622 325 nocrutuan
1656 271 1741 329 rm
2118 266 2196 355 aaa

142 437 329 515 tempore,
359 449 433 496 non
458 422 575 497 solum
597 423 796 517 praesentia
818 445 956 493 summa
980 420 1149 514 pericula,
1200 419 1257 491 bis
1278 433 1349 508 cst,
1380 446 1587 518 conservare
1609 428 1833 517 studeamus,
1866 454 1906 502 ac
1932 434 2126 527 cogitemus
2148 439 2193 508 ad

143 525 341 603 sedetiam
366 527 541 599 maiorum
569 527 789 620 inposterum
813 537 929 596 metus
955 526 1148 596 admonere
1200 524 1382 594 doctrinae
1406 529 1729 616 conservationem,
1767 532 1902 602 nullam
1927 559 2000 606 esse
2023 538 2192 611 virtutem

142 650 215 701 nos
232 629 358 716 debet,
382 631 421 704 iu
443 654 535 724 quac
550 629 621 699 iam
637 629 892 723 prospicientes
916 620 1079 699 homines
1094 626 1146 719 pii
1199 621 1376 697 Ecclesiae
1393 628 1430 695 in
1446 629 1652 699 universum
1677 633 1787 724 magis
1817 639 2048 709 necessariam
2074 656 2110 714 et
2134 666 2190 713 sa·

143 744 182 807 tt
217 754 338 801 rerum
370 731 610 826 spiritualium
636 731 764 825 periti,
808 731 858 801 sic
885 729 1046 800 iudicant
1071 753 1146 799 non
1198 728 1367 815 lutarem,
1410 755 1515 825 quam
1547 757 1666 802 veram
1695 750 1728 806 et
1758 736 1932 808 sinceram
1962 744 2189 815 concordiam
2261 793 2268 799 -

141 855 251 928 posse
267 856 394 924 puram
409 834 591 926 religionis
614 833 813 907 doctrinam
829 833 1049 918 conservari,
1074 831 1145 902 nisi
1197 844 1231 901 ct
1248 831 1449 901 animorum
1468 833 1755 907 coniunctionem
1769 838 1863 909 iuter
1876 836 2059 918 Doctores.
2112 843 2190 916 Etsi

141 936 184 1006 in
221 929 293 1005 boc
315 961 426 1007 unum
450 936 700 1021 communibus
721 937 850 1007 studiis
881 959 922 1007 ac
945 933 1144 1005 coniunctis
1196 933 1291 1002 enim
1307 959 1430 1004 verum
1448 950 1516 1020 est,
1542 939 1647 1008 etiam
1677 941 1826 1011 consilio
1852 966 1892 1012 ac
1918 949 2075 1036 potentia
2095 949 2189 1018 divi-

140 1036 319 1127 pmnibus
350 1039 487 1110 viribus
507 1052 581 1111 toto
607 1052 748 1131 pectore
770 1038 980 1111 incumbant
1008 1059 1144 1121 omnes,
1196 1059 1241 1104 na
1257 1059 1383 1126 puram
1398 1038 2043 1135 doctrinaminEcclesiaconservari,
2070 1065 2187 1121 tamen

193 1138 279 1209 ‘bus
295 1140 334 1209 in
351 1139 506 1213 Ecclesia
522 1142 749 1213 commissum
766 1155 819 1212 est
833 1139 982 1212 docendi
998 1163 1141 1212 munus.
1196 1162 1274 1206 cum
1303 1138 1347 1207 dc
1371 1154 1493 1209 nostro
1519 1141 1634 1210 officio
1667 1144 1855 1215 dicendum
1878 1163 1946 1232 est,
1977 1151 2058 1243 quia
2091 1149 2189 1223 Deus

141 1164 405 1331 Rodutfiat,
432 1245 595 1337 inprimis
619 1268 708 1336 opus
732 1244 939 1328 concordia,
964 1241 1143 1312 sivecon-
1196 1239 1392 1310 ministerio
1425 1242 1523 1310 verbi
1557 1268 1621 1336 pcr
1651 1241 1813 1318 homines
1849 1250 1886 1317 in
1918 1247 2076 1323 Ecclesia
2104 1256 2187 1346 agit,

143 1342 334 1419 iunctione
363 1346 563 1421 anisoorum
590 1348 683 1421 inter
712 1348 884 1418 doctores.
952 1341 1074 1438 ltaque
1098 1344 1142 1412 de
1196 1341 1338 1410 maximi
1356 1347 1524 1414 momenti
1541 1369 1595 1415 res
1611 1361 1681 1432 est,
1705 1375 1775 1418 non
1791 1365 1927 1421 tantum
1946 1357 1987 1424 ad
2006 1356 2185 1447 publicam

138 1438 211 1533 bc
231 1445 366 1520 virtute
389 1450 524 1544 aliquid
549 1445 617 1519 hoc
641 1447 719 1535 loco
737 1448 869 1534 dicam,
899 1441 1160 1518 tametsihaec.
1192 1445 1486 1540 tranquillitatem
1520 1462 1554 1518 et
1580 1450 1649 1521 alia
1671 1454 1875 1539 commoda,
1908 1459 1970 1525 scd
2002 1458 2107 1527 etiam
2140 1461 2184 1529 ad

140 1540 369 1637 adhorutio,
392 1553 506 1624 mralto
522 1552 630 1623 latius
643 1564 755 1644 patet,
777 1575 884 1646 quarn
897 1565 937 1622 ut
950 1573 1046 1620 nunc
1060 1571 1140 1640 per·
1193 1547 1375 1618 doctrinae
1390 1548 1578 1640 puritatem
1595 1556 1884 1625 conservandam.
1935 1555 2026 1627 Nam
2037 1583 2185 1631 concor-

137 1651 215 1739 βοὶ
242 1653 367 1743 possit.
423 1652 605 1747 Principio
636 1668 753 1725 autern
777 1678 857 1724 cum
883 1652 928 1722 de
950 1651 1139 1722 concordia
1192 1648 1288 1718 diam
1313 1675 1420 1732 voco,
1452 1677 1524 1721 nou
1548 1666 1685 1725 tantum
1710 1655 1922 1748 opinionum
1941 1674 1975 1730 ct
1993 1661 2185 1750 doctrinae,

134 1752 381 1827 ecclesiastica
403 1757 552 1843 dicitur,
586 1756 859 1848 intelligendum
885 1769 956 1835 est,
984 1753 1138 1846 primum
1193 1753 1251 1818 sed
1279 1752 1384 1824 etiam
1411 1752 1635 1824 voluntatum
1666 1759 1953 1847 consensionem,
1991 1787 2073 1834 vera
2095 1788 2184 1834 con·

133 1856 310 1945 omnium
324 1859 458 1953 requiri
474 1882 685 1931 consensum
701 1882 809 1949 purae
824 1851 1140 1927 doctrinaeEvan-
1193 1853 1374 1923 iunctione
1401 1855 1495 1927 inter
1525 1881 1560 1926 se
1582 1874 1707 1929 mutuo
1738 1862 1921 1945 devinctos
1942 1887 2016 1933 esse
2045 1865 2183 1936 animos

136 1957 250 2051 gelli,
277 1954 344 2033 hoc
362 1961 457 2031 enim
480 1975 586 2054 caput
607 1974 715 2050 estet
737 1953 1139 2031 lonsomnisChristia·
1192 1957 1409 2031 docentium.
1461 1957 1531 2027 Sed
1550 1974 1589 2029 ut
1605 1961 1734 2032 clarius
1750 1965 1900 2056 perspici
1918 1965 2044 2057 possit,
2076 1993 2183 2062 quam

131 2084 215 2151 ,me
234 2064 459 2149 concordiae.
518 2062 637 2153 Quare
662 2058 720 2132 hic
746 2085 821 2132 nou
847 2074 930 2132 sunt
958 2059 1140 2142 audiendi,
1192 2058 1385 2128 necessaria
1402 2058 1444 2129 sit
1463 2055 1548 2130 haec
1563 2062 1694 2149 virtus,
1720 2066 1840 2159 aliquo
1857 2070 1965 2136 modo
1980 2070 2182 2142 considere-

129 2162 209 2259 ,qui
223 2163 465 2243 vociferantur
485 2189 552 2237 nos
574 2164 751 2258 publicam
767 2160 945 2235 Ecclesiae
962 2163 1138 2257 tranquil·
1191 2184 1288 2246 mars,
1320 2174 1491 2255 quantum
1515 2165 1688 2233 malorum
1712 2190 1828 2237 secum
1860 2164 1976 2240 trahat
1997 2172 2184 2258 discordia,

131 2264 279 2341 litatem
294 2271 520 2364 perturbare,
540 2268 766 2342 concordiam
781 2267 991 2339 labefactare
1005 2278 1038 2336 et
1053 2288 1155 2337 con-.
1190 2264 1394 2355 praesertim
1412 2264 1594 2350 intereos,
1620 2268 1777 2359 quisunt
1796 2269 1833 2338 in
1850 2271 2045 2342 ministerio
2062 2275 2182 2364 publi-

128 2370 295 2460 .vellcre,
326 2373 410 2468 quia
432 2371 646 2447 discedimus
666 2371 713 2449 ab
734 2370 794 2455 iis,
821 2368 883 2463 qui
902 2367 1138 2455 autoritatem,
1191 2389 1243 2436 co.
1273 2462 1275 2466 Α
1298 2364 1419 2459 Neque
1437 2388 1520 2436 vero
1543 2363 1611 2437 boc
1627 2369 1783 2442 iudicare
1798 2372 1941 2441 difficile
1963 2387 2032 2460 est,
2058 2376 2087 2443 si
2103 2389 2182 2446 tan-

129 2473 378 2561 -titulum,.·.et
397 2499 528 2547 nomen
551 2470 730 2544 Ecclesiae
752 2470 1138 2562 multitudinisappro-
1191 2480 1265 2537 tum
1289 2468 1505 2556 aspiciantur
1527 2471 1702 2562 exempla,
1734 2499 1824 2567 quac
1849 2475 1985 2545 utinam
2016 2501 2082 2547 nos
2108 2502 2181 2547 non

131 2576 289 2651 ,hstiuue
311 2593 348 2653 et
361 2576 636 2673 praescriptione
658 2572 964 2673 longitemporis,
991 2572 1058 2643 sibi
1079 2596 1139 2642 ar-
1191 2568 1297 2639 nimis
1321 2569 1532 2639 infoeliciter
1552 2575 1719 2659 doceant,
1745 2601 1782 2645 ac
1800 2589 1935 2646 tantum
1954 2580 1997 2647 de
2017 2603 2183 2670 praescn-

127 2694 290 2773 mgaut,
311 2695 431 2754 tamen
441 2674 824 2769 contraEvangelium,
847 2676 977 2746 iniusta
992 2677 1140 2766 dogma·
1191 2670 1285 2740 tibus
1307 2673 1497 2766 conqueri,
1531 2698 1604 2743 nou
1629 2677 1732 2745 etiam
1762 2679 1880 2749 lutura
1904 2695 2057 2751 meusere
2078 2705 2190 2771 cogn-1

129 2784 413 2872 merendune,
438 2796 472 2854 et
489 2805 554 2853 nos
574 2780 656 2874 quia
677 2780 761 2870 ipsis
778 2803 852 2849 non
870 2777 1138 2860 subscribimus,
1190 2795 1283 2842 mur.
1342 2772 1410 2843 Sed
1436 2772 1480 2842 die
1509 2777 1677 2868 exemplis
1709 2803 1790 2848 mox
1817 2780 1951 2866 dicain,
1992 2807 2087 2854 nunc
2115 2779 2183 2855 boc

130 2886 314 2967 ,mnibus
337 2887 424 2957 diris
446 2886 636 2968 devovent,
668 2882 842 2967 inferro,
872 2881 1077 2951 inflamma
1103 2892 1138 2949 ct
1191 2874 1306 2964 prius,
1338 2891 1377 2946 ut
1400 2878 1678 2967 magnitudinem
1704 2883 1877 2952 malorum
1907 2885 2182 2970 consideremus,

135 2988 262 3069 ,cunis
275 2989 416 3081 generis
432 2986 639 3058 crudelitate
655 2984 817 3079 persequi
833 2995 1019 3055 conantur.
1062 2978 1138 3051 Nos
1191 3002 1280 3071 quae
1302 3000 1403 3070 saepe
1431 3005 1449 3047 a
1481 2979 1636 3064 levibus,
1669 2996 1702 3051 et
1726 2985 1859 3071 exiguis
1888 3002 2039 3076 apparet·
2058 2988 2180 3075 initiis,

132 3116 226 3169 sero
251 3116 334 3165 cum
355 3088 548 3163 habeamus
571 3088 609 3157 in
636 3088 810 3179 scriptura
835 3086 905 3156 Dei
931 3087 1136 3154 mandatum
1190 3081 1375 3166 oriuntur,
1407 3082 1470 3149 ubi
1495 3077 1579 3151 haec
1604 3085 1708 3174 pestis
1731 3085 1910 3179 irrepserit
1934 3092 1971 3158 in
1996 3091 2179 3181 publicum

130 3194 237 3269 41,oe
252 3218 471 3286 nmmum,
494 3192 861 3280 neadiuugamusnos
874 3187 961 3257 salsa
975 3203 1009 3256 et
1027 3186 1137 3276 impia
1189 3182 1424 3252 ministerium
1441 3181 1630 3258 Ecclesiae.
1680 3183 1804 3279 Neque
1831 3190 1925 3258 enim
1950 3214 2070 3262 secure
2096 3219 2181 3264 con·

130 3298 372 3383 ³tluccntibus,
404 3322 467 3368 nec
493 3293 777 3365 adversariorum
804 3290 1038 3374 clamoribus,
1073 3311 1132 3355 ne-
1189 3287 1400 3354 tcmnendae
1423 3299 1505 3354 sunt
1522 3282 1665 3355 Diaboli
1689 3289 1839 3358 insidiae
1865 3293 2033 3361 adversus
2056 3292 2180 3366 Eccle-

138 3422 216 3494 que
231 3400 317 3471 ullis
328 3398 517 3492 propositis
531 3395 697 3488 periculis
710 3392 845 3463 moveri
862 3393 1049 3475 debemus,
1072 3413 1136 3457 nec
1189 3385 1289 3471 siam.
1340 3383 1431 3454 Cum
1448 3385 1541 3454 euim
1559 3388 1588 3454 is
1600 3413 1680 3456 vere
1693 3389 1753 3473 sit,
1780 3406 1818 3461 ut
1835 3393 1966 3461 dicitur
1980 3395 2078 3464 mille
2093 3396 2180 3466 arti-

141 3501 300 3599 probm
310 3499 657 3583 eorusoconsilium,
682 3496 817 3567 etiamsi
835 3493 895 3588 qui
912 3496 1003 3595 benc
1017 3491 1136 3562 studio
1189 3487 1263 3572 icx,
1297 3500 1331 3556 et
1352 3482 1544 3556 Ecclesiam
1570 3490 1795 3561 acerbissimo
1818 3507 1853 3563 et
1874 3494 2067 3565 immortali
2093 3496 2178 3569 odio

129 3586 343 3690 ducuntur,
373 3605 435 3697 qui
460 3603 510 3674 sic
525 3603 702 3672 mirantur
719 3612 753 3668 et
776 3611 942 3689 expetunt
957 3595 1136 3685 publicam
1190 3605 1438 3682 prosequatur,
1464 3613 1528 3659 nec
1543 3605 1668 3673 cesset,
1695 3608 1754 3662 aut
1766 3595 1904 3666 desinat
1920 3620 2043 3666 omnes
2059 3598 2132 3670 vias
2148 3614 2180 3670 et

132 3707 391 3791 monadicam,
418 3720 456 3776 ut
481 3729 558 3774 eam
578 3698 812 3795 posthabeaut
834 3698 976 3790 puritati
1004 3695 1136 3766 doctri·
1189 3694 1313 3762 modos
1335 3715 1521 3785 quaerere,
1559 3693 1689 3788 quibus
1711 3691 1889 3767 Ecclesiae
1913 3699 2179 3791 dissipationem

141 3836 230 3893 nae,
258 3824 291 3880 et
308 3810 426 3901 potius
442 3811 573 3879 ducant
590 3807 626 3875 in
645 3803 814 3875 Ecclesiis
833 3800 973 3871 tolerari
999 3824 1038 3869 ac
1063 3799 1135 3868 dis-
1189 3807 1221 3864 et
1238 3807 1442 3885 perpetuam
1466 3796 1661 3866 vastitatem
1686 3798 1826 3885 afferat,
1851 3801 1912 3870 ubi
1934 3803 2002 3871 alia
2019 3827 2093 3873 non
2115 3828 2178 3894 po-

139 3913 306 3989 simulari
321 3912 436 4004 palam
451 3910 577 4001 impias
594 3907 779 4000 opiniones
804 3918 837 3974 ct
853 3903 1057 3971 manifestos
1071 3902 1136 3970 ab·
1189 3910 1274 3980 test,
1309 3890 1394 3965 haec
1422 3897 1549 3987 arripit
1572 3897 1671 3967 initia
1698 3915 1731 3969 et
1752 3902 1970 3987 occasiones,
1999 3920 2038 3974 ut
2064 3911 2178 3975 unde·

136 4040 249 4109 pass,
275 4039 382 4110 quam
399 4011 588 4104 periclitari
606 4008 896 4102 tranquillitatem
913 4004 1046 4096 publici
1066 4017 1136 4073 sta·
1189 4023 1328 4092 cunque
1351 3998 1444 4069 inter
1465 3996 1637 4069 Doctores
1659 4016 1795 4091 spargat
1821 4004 2018 4075 discordiae
2045 4031 2084 4078 ac
2105 4007 2178 4078 dis-

129 4134 210 4197 sue.
271 4117 366 4191 Scite
394 4116 485 4186 illud
514 4115 565 4183 ait
593 4113 726 4182 dictum
756 4133 829 4180 esse
862 4107 995 4176 amicus
1022 4105 1136 4188 Plato,
1188 4101 1358 4170 sidietum
1382 4100 1529 4171 semina·
1590 4100 1661 4173 Ubi
1690 4118 1805 4173 autem
1829 4106 1981 4177 maxime
2002 4109 2178 4202 principio

142 4223 281 4299 'nicus
305 4219 488 4302 Socrates,
525 4217 585 4285 scd
611 4213 722 4301 magis
743 4211 853 4281 amica
879 4210 1020 4280 veritas.
1082 4204 1135 4277 lta
1188 4227 1261 4273 non
1284 4215 1369 4272 sunt
1391 4206 1435 4272 de
1454 4202 1616 4273 doctrina
1632 4204 1885 4293 dissensiones,
1917 4211 1977 4279 scd
1994 4210 2082 4282 aliae
2104 4213 2180 4304 pri-

130 4321 502 4399 ,mbigexistimemus
529 4318 678 4410 primaru
697 4339 816 4384 curam
834 4335 907 4382 csse
925 4314 1068 4393 debere,
1096 4323 1135 4379 ut
1188 4319 1289 4376 vatae
1321 4328 1361 4373 ac
1388 4305 1589 4395 personales
1612 4307 1848 4378 offensionum
1876 4335 2017 4392 causac,
2051 4319 2175 4384 'tamen

140 4452 265 4501 veram
281 4425 480 4496 doctrinam
497 4412 669 4491 tucamur.
721 4415 864 4489 Etcum
887 4411 1135 4482 deconcordia
1188 4407 1272 4475 inde
1297 4421 1480 4497 permanat
1503 4408 1546 4475 ad
1570 4420 1680 4478 totam
1695 4405 1908 4496 Ecclesiam,
1940 4427 1974 4483 et
1992 4414 2054 4483 ubi
2070 4414 2174 4483 simul

141 4526 324 4605 Ecclesiae
348 4525 580 4619 praecipitur,
608 4520 759 4590 sciamus
783 4540 942 4587 nuscum
959 4516 1022 4599 iis,
1047 4537 1136 4607 quos
1187 4509 1357 4599 gliscunt,
1383 4509 1488 4593 tales,
1523 4525 1556 4580 ct
1575 4528 1764 4603 erumpunt
1780 4515 1882 4597 odia,
1910 4517 2063 4605 primum
2083 4516 2176 4606 peri-

140 4634 320 4727 acriptura
348 4643 449 4700 vocat
474 4622 689 4704 Ecclesiam,
724 4616 792 4691 boc
820 4633 888 4702 est,
922 4620 983 4711 qui
1010 4639 1135 4708 puram
1188 4612 1350 4694 clitatur,
1383 4635 1463 4679 mox
1482 4610 1585 4679 etiam
1603 4614 1716 4702 palam
1738 4616 1889 4687 laeditur
1912 4619 1984 4708 ipsa
2001 4616 2174 4689 doctrina.

139 4736 345 4811 doctrinam
370 4744 491 4802 tenent
518 4740 552 4797 et
580 4727 616 4795 in
645 4749 683 4792 ea
704 4722 949 4804 consentiunt,
984 4718 1134 4787 coniun·
1187 4711 1258 4782 Nec
1282 4713 1377 4782 cuim
1405 4726 1543 4784 tantum
1569 4715 1727 4805 exemplo
1755 4729 1789 4786 et
1810 4719 1984 4787 scandalis
2006 4718 2085 4788 aliis
2108 4744 2174 4789 no-

141 4838 381 4931 getedcbere.
431 4830 522 4904 Cum
538 4843 654 4899 autem
668 4826 772 4895 nobis
785 4825 850 4894 Dei
864 4821 1033 4892 beneficio
1050 4844 1136 4890 con·
1188 4829 1284 4900 cent,
1317 4828 1463 4908 propter
1486 4839 1577 4908 quae
1599 4817 1690 4885 male
1710 4818 1810 4889 audit
1838 4820 1930 4909 apud
1955 4821 2175 4892 adversarios

139 4940 281 5035 figeris,
307 4952 347 5010 ut
362 4936 455 5028 apud
472 4956 537 5003 nos
551 4943 643 5000 extet
658 4953 739 4997 vera
752 4923 937 5016 Evangelii
953 4923 1135 5006 Doctrina,
1185 4914 1372 5006 Evangelii
1394 4917 1573 5012 doctrina,
1605 4930 1640 4986 et
1669 4917 1891 4989 infirmorum
1916 4920 2025 4990 animi
2049 4924 2176 4994 offensi

140 5056 331 5135 “purgata
348 5040 393 5109 ab
408 5036 576 5107 omnibus
592 5031 711 5121 impiis
726 5028 977 5121 opinionibus,
1003 5021 1062 5094 bic
1079 5025 1135 5092 in·
1187 5022 1459 5112 perturbantur,
1488 5042 1527 5088 ac
1549 5019 1726 5110 incipiunt
1754 5021 1918 5092 dubitare
1938 5025 1981 5091 dc
2005 5026 2176 5111 doctrina,

142 5149 345 5237 telligamus
368 5140 473 5211 nobis
495 5152 530 5207 et
546 5134 771 5206 concordiam
796 5130 968 5222 praecipi,
994 5142 1025 5196 et
1043 5123 1135 5195 nibil
1186 5137 1247 5192 aut
1278 5136 1369 5192 certe
1400 5144 1476 5190 cam
1508 5121 1628 5189 minus
1658 5137 1859 5193 reverenter
1881 5124 2175 5214 complectuntur,

144 5247 292 5321 enubit
317 5244 443 5314 maiori
468 5241 643 5329 agendum
667 5235 803 5319 studio,
834 5258 874 5303 ac
897 5229 1136 5312 contentione,
1186 5226 1246 5294 sed
1263 5249 1303 5293 ex
1320 5223 1364 5291 iis
1379 5221 1556 5307 dissidiis,
1584 5235 1767 5315 postquam
1783 5224 1893 5293 animi
1914 5241 2105 5319 coeperunt
2121 5227 2176 5297 in-

145 5370 251 5443 quam
267 5361 309 5420 ut
319 5371 394 5416 eam
409 5347 502 5414 inter
517 5366 581 5412 nos
597 5353 776 5418 tucamur,
803 5349 838 5406 ct
851 5358 913 5428 per
928 5357 1004 5402 eam
1016 5326 1135 5401 Evau-
1185 5340 1241 5397 ter
1263 5328 1359 5416 ipsos
1379 5325 1547 5407 alienari,
1574 5324 1712 5394 foedam
1737 5326 1959 5397 voluntatum
1985 5328 2177 5398 dissensio-

147 5448 452 5541 oeffibmefidum
470 5442 801 5524 divinitusdamm,
828 5433 1132 5532 quantuminno.
1186 5451 1267 5499 nem
1298 5427 1458 5522 sequitur
1493 5427 1599 5495 etiam
1638 5425 1876 5499 offensionum
1912 5430 2177 5516 dissimilitudo,

195 5556 375 5621 Mssarrrr.
392 5552 494 5617 Om.
522 5550 606 5614 voc.
623 5546 687 5616 xl.
1487 5530 1533 5601 18
