4664 6022
129 255 206 329 sss
469 290 475 301 ‚
791 268 795 273 ·
859 243 1022 325 nucu
1052 245 1130 325 oa
1162 243 1455 325 retrorsa
2086 256 2162 353 ‚na

128 428 326 501 accederet:
353 435 454 493 erant
468 420 563 491 enim
580 419 680 491 domi
698 432 795 493 ortae
813 421 908 493 inter
930 423 1023 494 cives
1042 448 1124 518 per-
1175 435 1226 493 est
1240 419 1414 507 Socrates,
1439 422 1502 517 qui
1517 423 1582 496 ait:
1609 421 1657 498 Se
1672 424 1789 518 pridie
1799 453 1904 523 qnam
1914 430 1958 500 ad
1976 430 2094 523 ipsum
2109 456 2164 503 ve·
2203 410 2206 505 ἷ

128 532 284 602 niciosse
300 524 546 598 dissensiones.
598 520 673 593 Has
688 538 804 595 secuta
823 538 875 595 est
896 526 1012 596 clades
1027 526 1126 612 soris,
1174 525 1284 596 nisset
1297 522 1417 611 Plato,
1443 527 1653 615 somniasse,
1679 553 1831 623 cygnum
1847 554 1884 601 se
1907 532 1945 601 iu
1961 532 2099 623 gremio
2116 549 2164 606 te·

129 635 194 706 ubi
218 657 239 704 s
262 628 448 725 Lysandro
479 624 563 694 victi
595 640 679 697 sunt
708 622 961 714 Athenienses3
995 627 1125 698 deinde
1174 652 1277 715 nere,
1302 627 1365 720 qui
1390 627 1520 698 deinde
1545 631 1689 700 evolans
1714 631 1751 700 in
1780 632 1912 720 altum,
1946 632 2165 708 dulcissimos

130 749 231 830 capta
245 733 389 816 civitas,
423 752 496 822 quo
510 750 605 798 anuo
618 726 720 798 Plato
736 728 805 800 luit
821 743 926 800 natus
940 753 1054 800 annos
1069 731 1125 799 vi·
1174 742 1297 799 cantus
1323 729 1487 805 ediderit.
1536 728 1643 802 Hunc
1664 755 1819 827 cygnum
1842 735 1893 806 ait
1917 733 2165 810 GraecisPla·

129 839 222 932 ginti
245 850 329 908 tres.
386 829 492 901 Tunc
511 829 625 922 patria
646 830 741 900 tristi
762 831 932 903 servimte
957 855 1124 926 oppressa
1174 842 1295 902 tonem
1316 831 1476 903 futurum
1498 855 1582 903 esse.
1639 832 1730 906 Cum
1755 836 1865 926 igitur
1891 835 2076 909 Socratem
2099 840 2164 913 ali·

130 932 452 1013 abscedaemoniis
476 945 550 1002 eta
571 931 716 1022 triginta
730 934 903 1028 tyrannis,
927 934 1030 1009 Plato
1045 958 1124 1005 cum
1174 933 1336 1028 quandiu
1351 934 1524 1015 audisset,
1552 958 1616 1005 nec
1634 922 1821 1009 contentus
1843 953 1934 1011 esset
1956 939 2031 1011 illis
2053 965 2161 1035 popu·
2204 1010 2206 1021 ,

130 1039 277 1113 haberet
293 1034 476 1128 ingenium
496 1029 693 1104 abhorrens
708 1058 728 1105 a
745 1034 910 1107 civilibus
928 1023 1126 1119 discordiis,
1173 1036 1309 1105 laribus
1322 1035 1622 1128 disputationibus
1636 1038 1681 1107 de
1695 1038 1765 1111 vita
1783 1053 1817 1111 et
1836 1042 2007 1123 moribus,
2032 1046 2093 1113 sed
2105 1047 2161 1115 ad-

131 1161 165 1218 et
178 1145 223 1215 ab
241 1141 368 1224 armis,
394 1152 427 1209 et
441 1136 623 1206 doctrinae
640 1159 779 1221 amans,
803 1140 1038 1209 secedendum
1054 1138 1124 1208 sibi
1174 1137 1390 1227 iungendam
1409 1161 1482 1206 esse
1502 1153 1659 1211 censeret
1676 1141 1873 1212 doctrinam
1896 1147 1940 1214 de
1965 1168 2086 1215 rerum
2106 1170 2161 1216 na·

131 1270 205 1318 esse
221 1245 343 1328 duxit,
369 1239 453 1334 quia
478 1262 592 1332 neque
607 1262 711 1329 opem
728 1240 866 1310 adferre
881 1241 1000 1312 ruenti
1016 1255 1050 1312 et
1063 1243 1125 1311 de-
1175 1253 1273 1321 tura‚
1300 1240 1425 1332 petivit
1440 1237 1662 1336 Aegyptum,
1686 1237 1881 1337 habuitque
1902 1246 2050 1316 comites
2071 1270 2161 1340 pere·

131 1348 292 1440 flagranti
324 1342 459 1436 patriae
481 1353 635 1432 poterat,
672 1364 788 1435 neque
811 1343 849 1411 in
879 1357 951 1413 tam
978 1342 1126 1413 immani
1174 1342 1384 1433 grinationis
1399 1337 1590 1412 Eudoxum
1616 1356 1649 1414 et
1666 1341 1814 1416 Poetam
1830 1341 2057 1439 Euripidem.
2097 1348 2158 1421 Ner

131 1449 277 1524 saevitia
301 1444 446 1535 triginta
470 1456 706 1535 tyrannorum
728 1457 763 1514 et
787 1446 938 1515 assiduis
961 1444 1126 1517 tumulti·
1175 1468 1259 1513 vero
1283 1444 1429 1524 dubito,
1463 1443 1552 1538 quin
1574 1444 1749 1516 divinitus
1772 1441 1857 1516 haec
1885 1449 2101 1538 acciderint,
2128 1466 2161 1522 ut

130 1557 216 1639 bus,
241 1551 382 1621 futurus
399 1545 525 1614 eratin
546 1557 634 1615 tuto.
674 1542 816 1615 Dicitur
828 1560 946 1617 tamen
967 1561 1048 1617 ante
1064 1572 1127 1639 pa·
1175 1541 1243 1616 hoc
1257 1546 1364 1615 modo
1381 1544 1485 1616 latius
1502 1561 1756 1637 propagaretur
1769 1564 1868 1622 vetus
1883 1565 1916 1622 et
1933 1552 2075 1625 erudita
2083 1548 2159 1623 Phi-

103 1648 220 1728 ‘triae
236 1650 424 1727 excidium,
451 1659 485 1716 et
500 1659 582 1716 ante
597 1645 717 1716 civiles
733 1648 926 1718 discordias
940 1649 1125 1720 militasse:
1175 1642 1338 1740 losophia
1352 1649 1396 1716 de
1411 1648 1569 1719 motibus
1584 1648 1804 1723 coelestibus.
1861 1647 1940 1722 Etsi
1958 1653 2057 1723 enim
2074 1649 2161 1726 Tha·

132 1761 192 1829 sed
223 1754 306 1849 quia
341 1752 447 1821 breve
477 1749 690 1843 tyrocinium
724 1749 811 1834 fnit,
851 1774 1127 1821 commemorare
1176 1749 1226 1819 les
1240 1763 1340 1819 autea
1354 1750 1564 1839 particulam
1579 1754 1758 1844 quandam
1773 1752 1847 1822 eius
1862 1754 2161 1828 doctrinaeGrae-

132 1857 226 1931 nihil
243 1876 332 1947 opus
350 1864 411 1923 est.
440 1847 482 1919 ln
499 1872 633 1919 secessu
647 1850 784 1922 audivit
798 1846 986 1923 Euclidem
1004 1851 1128 1943 Mega·
1176 1853 1224 1921 cis
1245 1851 1457 1933 tradiderat,
1494 1865 1613 1923 tamen
1641 1847 1727 1923 haec
1751 1878 1874 1925 rursus
1905 1857 2064 1929 extincta
2087 1872 2161 1931 erat.

132 1963 193 2042 ris,
220 1981 301 2030 eum
317 1955 462 2048 opinor,
489 1951 589 2022 cuius
605 1949 809 2023 Geometria
830 1968 936 2025 extat.
987 1952 1127 2026 Deinde
1176 1951 1298 2042 Quare
1322 1953 1456 2045 optime
1474 1953 1594 2023 meriti
1617 1968 1701 2025 sunt
1714 1953 1815 2027 Plato
1841 1971 1875 2028 et
1890 1952 2086 2047 Eudoxus,
2110 1961 2163 2056 qui

133 2089 213 2136 cum
238 2085 280 2130 eo
301 2071 458 2147 tempore
480 2054 519 2122 in
535 2051 636 2125 ltalia
658 2054 800 2125 floreret
816 2057 978 2127 doctrina
996 2052 1128 2153 Pytha·
1176 2079 1344 2145 eamnon
1359 2058 1465 2126 modo
1482 2079 1523 2124 ex
1539 2053 1699 2150 Aegypto
1716 2057 1754 2125 in
1765 2054 1950 2130 Graeciam
1968 2086 2097 2134 rursus
2109 2065 2161 2133 ad-

133 2185 340 2257 goreorum,
365 2172 400 2228 et
413 2179 540 2246 magns
556 2157 593 2224 in
610 2157 844 2228 admiratione
859 2174 948 2230 esset
962 2155 1127 2231 Architas
1175 2171 1367 2242 rexerunt,
1392 2158 1454 2227 sed
1478 2156 1584 2227 etiam
1605 2173 1647 2229 ut
1668 2175 1921 2250 propagarent,
1946 2165 2162 2237 auditoribus

133 2265 372 2346 Tarentinus,
404 2258 583 2347 navigavit
603 2259 641 2327 in
663 2256 822 2346 ltaliam,
854 2262 917 2331 ubi
940 2256 1127 2332 Architam
1174 2260 1410 2332 tradiderunt.
1464 2255 1635 2329 Eudoxus
1652 2284 1735 2330 vero
1749 2261 1894 2355 reliquit
1909 2265 2018 2335 etiam
2036 2269 2162 2339 tabulas

133 2387 167 2442 et
191 2367 380 2437 Timaeum
401 2360 558 2451 audivit,
592 2362 637 2429 de
669 2374 815 2432 naturae
848 2363 965 2434 initiis
988 2380 1022 2436 et
1048 2364 1127 2456 opi·
1175 2375 1339 2434 motuum
1364 2375 1398 2431 et
1423 2362 1509 2431 anni
1535 2361 1808 2436 ordinationem.
1850 2362 1904 2435 lta
1918 2367 2073 2440 excitata
2088 2365 2161 2439 haec

132 2473 233 2555 licio,
260 2482 293 2538 et
319 2465 388 2535 alia
413 2466 584 2556 quaedam
605 2456 754 2556 Physica
775 2465 1011 2556 disputantes:
1038 2490 1128 2559 quae
1176 2464 1357 2548 doctrina,
1389 2462 1453 2533 diu
1479 2460 1699 2533 Graecorum
1722 2466 1848 2535 studiis
1876 2482 2088 2541 conservata
2110 2484 2163 2554 est,

133 2574 252 2669 qualia
267 2568 419 2650 luerint,
445 2588 484 2632 ex
501 2565 597 2633 libro
614 2588 717 2657 quem
736 2565 915 2659 inscripsit
930 2567 1128 2652 Timaeum,
1176 2566 1276 2638 casius
1295 2565 1503 2655 dignitatem
1518 2579 1625 2659 atque
1638 2566 1840 2652 utilitatem,
1864 2569 1907 2653 si,
1933 2585 1975 2641 ut
1993 2574 2164 2655 debemus,

133 2670 312 2748 aestimari
350 2680 481 2760 potest3
515 2680 600 2737 suut
632 2666 727 2736 enim
761 2670 934 2762 quaedam
961 2665 1128 2764 Physices
1175 2668 1463 2757 magnifacimus,
1484 2663 1540 2737 his
1565 2668 1690 2759 primis
1714 2671 1898 2740 autoribus
1922 2673 2088 2765 profecto
2109 2668 2164 2744 lsa-
2204 2756 2206 2763 Ι

134 2776 257 2858 initia,
282 2773 326 2840 de
348 2782 430 2840 ortu
452 2768 598 2853 mundi,
623 2768 669 2838 de
691 2770 825 2861 duplici
852 2784 953 2843 motu
974 2771 1128 2857 coelesti,
1176 2772 1292 2840 benda
1319 2783 1373 2840 est
1397 2768 1519 2859 gratia.
1571 2769 1687 2861 Digna
1715 2786 1767 2841 est
1794 2771 1900 2842 etiam
1934 2771 2165 2849 admiratione
2202 2782 2206 2817 ²

134 2879 199 2976 qui
219 2872 345 2957 efficit,
376 2885 416 2942 ut
439 2869 513 2961 ipse
541 2869 678 2964 inquit,
713 2870 854 2941 literam
873 2871 908 2942 X
933 2875 979 2942 de
1000 2871 1128 2944 ordine
1177 2896 1300 2943 eorum
1314 2871 1444 2957 virtus,
1469 2871 1566 2965 quod
1580 2895 1654 2942 non
1669 2872 1924 2948 dubitaverunt
1936 2889 2012 2946 tam
2031 2878 2164 2971 lougin-
2200 2822 2206 2965 1,

134 2981 383 3060 Planetarum,
416 2975 460 3042 de
482 2971 572 3041 serie
594 2972 871 3061 elementorum,
905 2977 950 3045 de
972 2970 1128 3046 hominis
1178 2997 1265 3069 quas
1287 2973 1587 3065 peregrinationes
1610 2997 1739 3065 magno
1767 2999 1848 3045 curn
1871 2977 1995 3048 labore
2021 2994 2059 3052 et
2079 2981 2162 3072 peri·
2203 2972 2206 3025 ⁴

135 3078 374 3176 generatione,
401 3076 583 3144 denatura
600 3068 805 3157 humorum,
824 3077 868 3146 de
885 3072 1033 3147 humani
1049 3102 1129 3147 eor·
1177 3078 1258 3147 culo
1272 3076 1460 3167 suscipere,
1485 3076 1644 3147 veritatis
1658 3081 1878 3169 quaerendae
1893 3103 2011 3155 causa.
2052 3078 2156 3173 Quam

135 3183 233 3279 poris
248 3177 434 3261 membris,
459 3178 503 3246 de
518 3175 648 3261 anima,
675 3179 719 3246 de
734 3174 811 3247 Deo
829 3178 953 3270 opifice
969 3195 1129 3254 naturae.
1178 3203 1274 3249 acres
1299 3178 1335 3246 in
1353 3178 1499 3246 illorum
1515 3177 1644 3246 animis
1667 3179 1824 3261 stimuli,
1853 3182 1969 3274 qualis
1990 3178 2164 3257 enthusia-

134 3284 233 3358 llaec
253 3280 409 3352 breviter
428 3278 468 3347 in
485 3276 633 3348 Timaeo
657 3280 859 3371 complexus
884 3295 955 3365 est,
975 3283 1041 3351 ubi
1064 3281 1128 3352 etsi
1178 3304 1274 3351 smtrs
1294 3278 1363 3353 suit
1385 3281 1429 3349 ad
1446 3279 1707 3368 investigandas
1730 3304 1783 3351 rcs
1804 3282 2009 3372 cognitione
2029 3283 2167 3377 dignas?

134 3401 218 3461 sunt
235 3385 407 3478 quaedam
429 3380 624 3470 aenigmata
649 3376 888 3468 arithmetica,
910 3397 1027 3454 tamen
1044 3384 1128 3453 reli·
1178 3382 1253 3454 Nos
1276 3396 1396 3452 contra
1413 3383 1546 3472 pudeat
1563 3395 1703 3487 nostrae
1719 3382 1892 3472 ignaviae,
1919 3386 1982 3479 qui
2001 3387 2167 3458 divinitus

135 3516 204 3586 qua
213 3483 362 3582 Physica
380 3482 512 3552 iudicat
525 3479 684 3552 Galenus
696 3484 742 3554 ab
757 3480 975 3576 Hippocrate
989 3500 1129 3578 sumpta
1179 3489 1346 3569 donatas,
1370 3497 1404 3553 et
1426 3506 1556 3573 magno
1576 3485 1697 3554 labore
1722 3498 1879 3577 repertas
1907 3503 2003 3560 artes
2027 3487 2167 3583 negligi·

135 3616 228 3671 esse,
255 3601 291 3658 et
305 3582 373 3656 hae
388 3584 644 3675 disputationes
660 3587 756 3677 apud
772 3583 957 3658 Platonem
979 3583 1129 3659 inchoa·
1179 3610 1277 3671 mus,
1304 3600 1338 3656 et
1355 3585 1500 3656 interire
1517 3586 1678 3658 sinimus.
1730 3581 1936 3658 Excitemur
1950 3614 2041 3682 ergo
2057 3590 2166 3665 Plato·

136 3707 192 3765 tae
208 3690 319 3779 magis
334 3700 417 3757 sunt
429 3710 535 3780 quam
553 3687 751 3756 absolutae:
779 3713 862 3758 nam
883 3713 948 3759 nec
966 3705 1129 3761 motuum
1180 3690 1236 3757 nis
1253 3688 1428 3780 exemplo,
1448 3689 1616 3780 primum,
1636 3702 1675 3759 ut
1690 3703 1781 3760 artes
1798 3685 1964 3763 honestas
1982 3718 2071 3767 rere
2083 3718 2165 3767 ame·

137 3792 340 3868 coelestium
365 3789 456 3858 ratio
478 3787 689 3878 explicatur,
716 3813 780 3859 nec
794 3786 985 3862 Anatomia
1001 3805 1052 3862 est
1071 3790 1130 3859 in·
1181 3814 1276 3876 mus,
1301 3803 1334 3861 et
1357 3790 1512 3881 pericula
1540 3791 1747 3885 laboresque
1769 3795 1814 3861 ad
1838 3817 1893 3863 sas
1914 3798 2163 3889 comparandas

136 3912 247 3989 tegra.
285 3891 356 3964 Sed
370 3890 472 3961 initia
488 3903 605 3959 tamen
620 3890 747 3977 laudo,
770 3907 805 3963 et
821 3888 889 3963 hoc
905 3915 1016 3984 genus
1030 3888 1129 3988 Phy-
1181 3893 1356 3985 suscipere
1377 3917 1452 3962 non
1474 3915 1689 3963 recusemus:
1723 3893 1854 3965 deinde
1875 3896 2072 3969 consilium
2093 3896 2163 3968 imi·

136 4001 225 4072 sices
244 3995 333 4067 utile
361 4016 435 4064 esse
458 4014 600 4078 censeo,
639 3996 735 4088 quod
763 3988 955 4065 humorum
984 4007 1129 4065 naturas
1181 4008 1308 4077 temur.
1361 3993 1628 4084 Adiungamus,
1663 4006 1702 4065 ut
1722 3996 1796 4086 ipse
1820 3996 1920 4081 iecit,
1955 3999 2002 4067 ad
2026 4000 2161 4072 morales

137 4117 173 4173 et
204 4098 362 4168 membra
395 4090 544 4165 humani
578 4096 735 4188 corporis
769 4096 948 4170 describit.
1006 4094 1129 4191 ltaque
1180 4097 1453 4190 disputationes,
1479 4096 1577 4166 illam
1597 4119 1761 4165 arcanam
1775 4097 1819 4166 de
1841 4098 2001 4170 motibus
2016 4098 2162 4173 coelesti·

138 4226 240 4294 saepe
263 4198 423 4270 Galenus
444 4195 644 4267 Platonicas
661 4198 916 4290 descriptiones
938 4213 1129 4269 mutuatur.
1181 4200 1248 4271 bus
1264 4200 1474 4272 doctrinam.
1526 4197 1580 4269 Ac
1593 4197 1714 4268 videre
1728 4200 1771 4267 ad
1788 4223 1892 4293 quem
1911 4200 2024 4273 finem
2040 4198 2160 4273 hssst·

138 4308 181 4377 ln
199 4302 297 4374 ltalia
322 4324 404 4368 vero
427 4299 601 4391 tantisper
621 4293 754 4385 haesit,
779 4302 891 4371 donec
904 4301 1054 4393 patriam
1072 4326 1129 4371 re-
1181 4316 1233 4373 tes
1266 4300 1482 4392 expetiverit.
1541 4296 1721 4370 Utilitates
1744 4301 1906 4393 publicas
1932 4302 2013 4395 ipse
2043 4302 2161 4394 colligit

139 4418 285 4501 cuperat
307 4398 572 4496 Thrasybulus,
606 4415 640 4470 et
654 4399 781 4471 Conon
804 4402 981 4473 adflictam
1008 4426 1131 4474 rursus
1181 4404 1330 4474 alicubi:
1359 4398 1463 4493 Opus
1479 4424 1551 4470 esse
1568 4400 1607 4469 in
1625 4396 1691 4470 hac
1704 4401 1803 4472 civili
1819 4402 1889 4471 vita
1906 4417 2107 4500 temporum
2119 4428 2159 4475 sr-

60 4542 63 4553 ·
138 4511 267 4594 erexit,
291 4526 457 4574 concussa
476 4503 631 4594 potentia
646 4502 1023 4578 Lacedaemoniorum·
1056 4503 1130 4578 Re-
1181 4507 1233 4577 rie
1260 4519 1294 4575 et
1322 4506 1409 4573 anui
1434 4502 1691 4594 descriptione,
1729 4506 1789 4575 scd
1812 4506 2002 4597 proprium
2026 4505 2160 4581 discenti

139 4633 261 4681 versus
302 4606 411 4698 igitur
444 4602 567 4690 Plato,
615 4605 739 4674 audire
777 4604 958 4679 Socratem
999 4610 1132 4699 coepit,
1181 4608 1288 4677 linem
1305 4601 1403 4676 hunc
1423 4604 1623 4691 constituit,
1648 4620 1688 4676 ut
1701 4607 1924 4698 investigatio
1944 4624 2096 4683 naturae
2107 4612 2161 4681 du·

139 4728 280 4804 captus,
327 4724 367 4780 ut
401 4708 559 4791 videtur,
600 4708 675 4776 eius
708 4710 929 4780 sermonibus
964 4710 1132 4802 politicis.
1183 4725 1237 4781 cat
1261 4732 1327 4778 uos
1354 4709 1398 4777 ad
1420 4706 1638 4798 agnitionem
1653 4705 1741 4794 Dei,
1767 4724 1801 4780 et
1823 4715 1987 4782 ostendat
2013 4708 2161 4786 humanit

140 4812 288 4883 Viderat
303 4811 398 4881 enim
417 4807 578 4879 Socrates
600 4804 791 4880 horribiles
806 4812 1019 4883 mutationes
1037 4809 1131 4883 Atti·
1182 4812 1363 4881 mentibus
1386 4809 1540 4880 inditum
1563 4833 1636 4879 esse
1657 4810 1778 4880 lumen
1792 4813 1975 4904 quoddam
1992 4816 2163 4894 divinitus.

140 4940 199 4985 cae
224 4912 396 4997 civitatis,
426 4935 516 5004 quae
541 4904 721 4980 hominem
744 4912 966 5002 ingeniosum
984 4915 1134 5005 etcogi·
1184 4938 1254 5009 qno
1271 4913 1341 4982 vita
1362 4925 1521 5002 regatur,
1554 4926 1594 4983 ut
1610 4908 1685 4982 Deo
1705 4912 1863 4999 obediat,
1899 4928 1935 4987 ct
1955 4939 2084 4990 eorum
2098 4914 2163 4988 aui·

141 5030 272 5088 tantem
298 5017 341 5083 de
364 5009 550 5082 hominum
577 5013 757 5096 moribus,
792 5018 888 5086 etde
911 5015 1134 5086 mirabilibus
1184 5039 1282 5099 mos,
1322 5014 1385 5107 qui
1418 5008 1534 5085 Deum
1569 5030 1816 5103 agnoscentes,
1855 5016 1888 5085 ei
1919 5019 2164 5115 obtemperent.

140 5120 233 5188 vitae
250 5117 407 5199 casibus,
431 5114 542 5184 multa
558 5128 717 5187 monent.
759 5114 857 5188 Vixit
873 5131 989 5188 autem
1006 5115 1134 5188 Socra·
1185 5133 1370 5210 postquam
1394 5140 1433 5185 ex
1454 5110 1520 5184 hac
1539 5114 1610 5185 vita
1632 5114 1874 5203 discesserint,
1899 5116 1941 5188 in
1962 5120 2044 5194 luce
2065 5118 2164 5195 admi·

140 5234 192 5292 tes
208 5233 287 5312 post
311 5217 509 5308 restitutam
526 5219 660 5308 patriae
677 5216 895 5303 libertatem,
921 5245 960 5288 sc
975 5216 1136 5315 Thrasy·
1185 5220 1295 5289 randa
1321 5233 1425 5312 atque
1453 5231 1614 5286 aeternae
1641 5220 1735 5308 apud
1763 5219 1876 5290 Deum
1907 5220 2066 5297 victuros
2094 5242 2163 5293 esst·

140 5323 219 5393 buli
240 5319 444 5403 victoriam,
473 5343 586 5390 annos
605 5320 745 5393 circiter
767 5318 933 5409 triginta,
959 5345 997 5390 ac
1014 5323 1058 5391 de
1080 5324 1136 5391 lu·
1186 5318 1282 5393 llaec
1307 5338 1390 5390 sunt
1413 5318 1573 5389 Platonis
1599 5319 1703 5388 verba
1726 5321 1765 5389 in
1790 5318 2023 5415 Epinomide.
2073 5322 2164 5401 llaec

142 5442 220 5498 tura
238 5421 397 5494 Platonis
414 5423 657 5513 magnitudine
671 5445 745 5491 non
762 5422 910 5493 obscure
927 5423 1138 5495 vaticinatus
1187 5421 1457 5506 Adulescentes,
1483 5443 1531 5490 an
1547 5443 1619 5489 non
1641 5422 1847 5510 gravissime
1864 5424 2060 5499 dicuntur?
2104 5422 2163 5496 Nec
