<?xml version="1.0" encoding="UTF-8"?>
<!DOCTYPE html PUBLIC "-//W3C//DTD XHTML 1.0 Transitional//EN"
    "http://www.w3.org/TR/xhtml1/DTD/xhtml1-transitional.dtd">
<html xmlns="http://www.w3.org/1999/xhtml" xml:lang="en" lang="en">
 <head>
  <title>
</title>
<meta http-equiv="Content-Type" content="text/html;charset=utf-8" />
  <meta name='ocr-system' content='tesseract 3.04.00' />
  <meta name='ocr-capabilities' content='ocr_page ocr_carea ocr_par ocr_line ocrx_word'/>
</head>
<body>
  <div class='ocr_page' id='page_1' title='image "./philippimelanth00bretgoog_0052.png"; bbox 0 0 4664 6022; ppageno 0'>
   <div class='ocr_carea' id='block_1_1' title="bbox 74 305 2123 398">
    <p class='ocr_par' dir='ltr' id='par_1_1' title="bbox 74 305 2123 398">
     <span class='ocr_line' id='line_1_1' title="bbox 74 305 2123 398; baseline 0.005 -17"><span class='ocrx_word' id='word_1_1' title='bbox 74 306 118 381; x_wconf 85' lang='lat' dir='ltr'><strong>st</strong></span> <span class='ocrx_word' id='word_1_2' title='bbox 809 305 1078 385; x_wconf 79' lang='lat' dir='ltr'>DECL&#39;DE</span> <span class='ocrx_word' id='word_1_3' title='bbox 1109 306 1383 387; x_wconf 80' lang='lat' dir='ltr'><strong>LEGIBUS.</strong></span> <span class='ocrx_word' id='word_1_4' title='bbox 1998 380 2009 398; x_wconf 86' lang='lat'><strong>.</strong></span> <span class='ocrx_word' id='word_1_5' title='bbox 2063 314 2123 391; x_wconf 66' lang='grc' dir='ltr'><strong>Εἴ</strong></span> 
     </span>
    </p>
   </div>
   <div class='ocr_carea' id='block_1_2' title="bbox 71 456 2112 578">
    <p class='ocr_par' dir='ltr' id='par_1_2' title="bbox 71 456 2112 578">
     <span class='ocr_line' id='line_1_2' title="bbox 71 456 2112 578; baseline 0.003 -25"><span class='ocrx_word' id='word_1_6' title='bbox 71 480 139 554; x_wconf 85' lang='lat' dir='ltr'><strong>nisi</strong></span> <span class='ocrx_word' id='word_1_7' title='bbox 162 478 327 574; x_wconf 83' lang='lat' dir='ltr'><strong>proxime</strong></span> <span class='ocrx_word' id='word_1_8' title='bbox 341 456 604 574; x_wconf 81' lang='lat' dir='ltr'><strong>repraeseirtent</strong></span> <span class='ocrx_word' id='word_1_9' title='bbox 618 502 709 577; x_wconf 90' lang='lat' dir='ltr'><strong>quos</strong></span> <span class='ocrx_word' id='word_1_10' title='bbox 723 479 856 553; x_wconf 89' lang='lat' dir='ltr'><strong>imitari</strong></span> <span class='ocrx_word' id='word_1_11' title='bbox 870 481 1067 568; x_wconf 76' lang='lat' dir='ltr'>instituere,</span> <span class='ocrx_word' id='word_1_12' title='bbox 1119 485 1217 557; x_wconf 89' lang='lat' dir='ltr'><strong>timis</strong></span> <span class='ocrx_word' id='word_1_13' title='bbox 1242 482 1435 578; x_wconf 85' lang='lat' dir='ltr'><strong>sapientiae</strong></span> <span class='ocrx_word' id='word_1_14' title='bbox 1464 482 1723 577; x_wconf 77' lang='lat' dir='ltr'>penetralibus,</span> <span class='ocrx_word' id='word_1_15' title='bbox 1756 506 1797 553; x_wconf 85' lang='lat' dir='ltr'><strong>ex</strong></span> <span class='ocrx_word' id='word_1_16' title='bbox 1826 485 2112 561; x_wconf 70' lang='lat' dir='ltr'><strong>doctissimorum</strong></span> 
     </span>
    </p>
   </div>
   <div class='ocr_carea' id='block_1_3' title="bbox 10 580 2211 5669">
    <p class='ocr_par' dir='ltr' id='par_1_3' title="bbox 64 580 2112 2006">
     <span class='ocr_line' id='line_1_3' title="bbox 71 580 2111 678; baseline 0.005 -23"><span class='ocrx_word' id='word_1_17' title='bbox 71 583 118 655; x_wconf 88' lang='lat' dir='ltr'><strong>ita</strong></span> <span class='ocrx_word' id='word_1_18' title='bbox 150 597 188 656; x_wconf 87' lang='lat' dir='ltr'><strong>et</strong></span> <span class='ocrx_word' id='word_1_19' title='bbox 209 583 305 673; x_wconf 87' lang='lat' dir='ltr'><strong>leges</strong></span> <span class='ocrx_word' id='word_1_20' title='bbox 326 608 452 676; x_wconf 91' lang='lat' dir='ltr'><strong>parurn</strong></span> <span class='ocrx_word' id='word_1_21' title='bbox 474 585 682 676; x_wconf 80' lang='lat' dir='ltr'>probamus,</span> <span class='ocrx_word' id='word_1_22' title='bbox 715 586 938 656; x_wconf 90' lang='lat' dir='ltr'><strong>acommuni</strong></span> <span class='ocrx_word' id='word_1_23' title='bbox 962 598 1067 677; x_wconf 85' lang='lat' dir='ltr'><strong>captu</strong></span> <span class='ocrx_word' id='word_1_24' title='bbox 1118 584 1329 672; x_wconf 73' lang='lat' dir='ltr'><strong>Poetarum,</strong></span> <span class='ocrx_word' id='word_1_25' title='bbox 1365 581 1561 657; x_wconf 88' lang='lat' dir='ltr'><strong>Oratorum</strong></span> <span class='ocrx_word' id='word_1_26' title='bbox 1591 598 1625 655; x_wconf 91' lang='lat' dir='ltr'><strong>et</strong></span> <span class='ocrx_word' id='word_1_27' title='bbox 1655 580 1956 678; x_wconf 75' lang='lat' dir='ltr'><strong>Philosophorum</strong></span> <span class='ocrx_word' id='word_1_28' title='bbox 1983 616 2111 665; x_wconf 90' lang='lat' dir='ltr'><strong>monu-</strong></span> 
     </span>
     <span class='ocr_line' id='line_1_4' title="bbox 70 681 2112 779; baseline 0.002 -20"><span class='ocrx_word' id='word_1_29' title='bbox 70 685 294 759; x_wconf 83' lang='lat' dir='ltr'><strong>remotiores.</strong></span> <span class='ocrx_word' id='word_1_30' title='bbox 345 684 467 773; x_wconf 87' lang='lat' dir='ltr'><strong>Quare</strong></span> <span class='ocrx_word' id='word_1_31' title='bbox 488 682 556 757; x_wconf 94' lang='lat' dir='ltr'><strong>hoc</strong></span> <span class='ocrx_word' id='word_1_32' title='bbox 571 681 659 755; x_wconf 92' lang='lat' dir='ltr'><strong>mihi</strong></span> <span class='ocrx_word' id='word_1_33' title='bbox 675 687 779 777; x_wconf 91' lang='lat' dir='ltr'><strong>plane</strong></span> <span class='ocrx_word' id='word_1_34' title='bbox 795 687 968 778; x_wconf 82' lang='lat' dir='ltr'><strong>persuasi,</strong></span> <span class='ocrx_word' id='word_1_35' title='bbox 994 685 1067 758; x_wconf 92' lang='lat' dir='ltr'><strong>uti·</strong></span> <span class='ocrx_word' id='word_1_36' title='bbox 1118 690 1265 775; x_wconf 89' lang='lat' dir='ltr'><strong>mentis,</strong></span> <span class='ocrx_word' id='word_1_37' title='bbox 1292 686 1859 779; x_wconf 85' lang='lat' dir='ltr'><strong>etrecitantdoctissimosrerum</strong></span> <span class='ocrx_word' id='word_1_38' title='bbox 1874 685 2112 764; x_wconf 88' lang='lat' dir='ltr'><strong>humanarum</strong></span> 
     </span>
     <span class='ocr_line' id='line_1_5' title="bbox 69 785 2111 883; baseline 0.004 -25"><span class='ocrx_word' id='word_1_39' title='bbox 69 788 198 858; x_wconf 90' lang='lat' dir='ltr'><strong>liorem</strong></span> <span class='ocrx_word' id='word_1_40' title='bbox 227 809 302 858; x_wconf 88' lang='lat' dir='ltr'><strong>esse</strong></span> <span class='ocrx_word' id='word_1_41' title='bbox 327 785 574 860; x_wconf 88' lang='lat' dir='ltr'><strong>Romanarum</strong></span> <span class='ocrx_word' id='word_1_42' title='bbox 603 788 720 878; x_wconf 88' lang='lat' dir='ltr'><strong>legum</strong></span> <span class='ocrx_word' id='word_1_43' title='bbox 752 789 991 878; x_wconf 87' lang='lat' dir='ltr'><strong>cognitionem</strong></span> <span class='ocrx_word' id='word_1_44' title='bbox 1021 788 1066 858; x_wconf 88' lang='lat' dir='ltr'><strong>iis</strong></span> <span class='ocrx_word' id='word_1_45' title='bbox 1118 789 1280 862; x_wconf 90' lang='lat' dir='ltr'><strong>o&#39;mnium</strong></span> <span class='ocrx_word' id='word_1_46' title='bbox 1301 790 1532 883; x_wconf 89' lang='lat' dir='ltr'><strong>imperatores</strong></span> <span class='ocrx_word' id='word_1_47' title='bbox 1552 802 1585 859; x_wconf 93' lang='lat' dir='ltr'><strong>et</strong></span> <span class='ocrx_word' id='word_1_48' title='bbox 1609 786 1883 862; x_wconf 84' lang='lat' dir='ltr'><strong>Iurisconsultus</strong></span> <span class='ocrx_word' id='word_1_49' title='bbox 1906 806 2111 866; x_wconf 84' lang='lat' dir='ltr'><strong>nostrorum</strong></span> 
     </span>
     <span class='ocr_line' id='line_1_6' title="bbox 68 885 2111 985; baseline 0.005 -26"><span class='ocrx_word' id='word_1_50' title='bbox 68 890 127 984; x_wconf 93' lang='lat' dir='ltr'><strong>qui</strong></span> <span class='ocrx_word' id='word_1_51' title='bbox 157 886 322 981; x_wconf 86' lang='lat' dir='ltr'><strong>Respub.</strong></span> <span class='ocrx_word' id='word_1_52' title='bbox 354 902 501 978; x_wconf 89' lang='lat' dir='ltr'><strong>gerunt,</strong></span> <span class='ocrx_word' id='word_1_53' title='bbox 535 914 640 985; x_wconf 89' lang='lat' dir='ltr'><strong>quam</strong></span> <span class='ocrx_word' id='word_1_54' title='bbox 659 885 995 981; x_wconf 86' lang='lat' dir='ltr'><strong>Philosophicarum</strong></span> <span class='ocrx_word' id='word_1_55' title='bbox 1025 891 1065 960; x_wconf 91' lang='lat' dir='ltr'><strong>in</strong></span> <span class='ocrx_word' id='word_1_56' title='bbox 1116 894 1324 965; x_wconf 77' lang='lat' dir='ltr'><strong>tabularum</strong></span> <span class='ocrx_word' id='word_1_57' title='bbox 1347 893 1613 977; x_wconf 82' lang='lat' dir='ltr'><strong>dissimiliores,</strong></span> <span class='ocrx_word' id='word_1_58' title='bbox 1639 917 1747 985; x_wconf 91' lang='lat' dir='ltr'><strong>quam</strong></span> <span class='ocrx_word' id='word_1_59' title='bbox 1770 905 1854 965; x_wconf 87' lang='lat' dir='ltr'><strong>sunt</strong></span> <span class='ocrx_word' id='word_1_60' title='bbox 1874 891 2049 968; x_wconf 87' lang='lat' dir='ltr'><strong>Chiorum</strong></span> <span class='ocrx_word' id='word_1_61' title='bbox 2071 898 2111 969; x_wconf 90' lang='lat' dir='ltr'><strong>in</strong></span> 
     </span>
     <span class='ocr_line' id='line_1_7' title="bbox 69 988 2109 1089; baseline 0.003 -27"><span class='ocrx_word' id='word_1_62' title='bbox 69 988 134 1064; x_wconf 94' lang='lat' dir='ltr'><strong>boc</strong></span> <span class='ocrx_word' id='word_1_63' title='bbox 166 1014 299 1082; x_wconf 88' lang='lat' dir='ltr'><strong>genere</strong></span> <span class='ocrx_word' id='word_1_64' title='bbox 329 991 622 1082; x_wconf 89' lang='lat' dir='ltr'><strong>disputationum.</strong></span> <span class='ocrx_word' id='word_1_65' title='bbox 694 989 880 1077; x_wconf 76' lang='lat' dir='ltr'><strong>Graviter,</strong></span> <span class='ocrx_word' id='word_1_66' title='bbox 912 992 1065 1062; x_wconf 88' lang='lat' dir='ltr'><strong>civiliter</strong></span> <span class='ocrx_word' id='word_1_67' title='bbox 1117 995 1198 1067; x_wconf 90' lang='lat' dir='ltr'><strong>talis</strong></span> <span class='ocrx_word' id='word_1_68' title='bbox 1215 993 1301 1081; x_wconf 90' lang='lat' dir='ltr'><strong>Coi,</strong></span> <span class='ocrx_word' id='word_1_69' title='bbox 1323 997 1384 1065; x_wconf 90' lang='lat' dir='ltr'><strong>sed</strong></span> <span class='ocrx_word' id='word_1_70' title='bbox 1407 994 1570 1066; x_wconf 79' lang='lat' dir='ltr'><strong>instructi</strong></span> <span class='ocrx_word' id='word_1_71' title='bbox 1589 994 1721 1081; x_wconf 90' lang='lat' dir='ltr'><strong>literis,</strong></span> <span class='ocrx_word' id='word_1_72' title='bbox 1744 1016 1816 1065; x_wconf 87' lang='lat' dir='ltr'><strong>usu</strong></span> <span class='ocrx_word' id='word_1_73' title='bbox 1828 992 1984 1089; x_wconf 87' lang='lat' dir='ltr'><strong>Reipub.</strong></span> <span class='ocrx_word' id='word_1_74' title='bbox 2009 994 2109 1069; x_wconf 89' lang='lat' dir='ltr'><strong>domi</strong></span> 
     </span>
     <span class='ocr_line' id='line_1_8' title="bbox 69 1089 2109 1193; baseline 0.002 -27"><span class='ocrx_word' id='word_1_75' title='bbox 69 1108 99 1166; x_wconf 90' lang='lat' dir='ltr'><strong>ct</strong></span> <span class='ocrx_word' id='word_1_76' title='bbox 111 1089 330 1165; x_wconf 87' lang='lat' dir='ltr'><strong>humanitus</strong></span> <span class='ocrx_word' id='word_1_77' title='bbox 343 1094 464 1164; x_wconf 91' lang='lat' dir='ltr'><strong>omnia</strong></span> <span class='ocrx_word' id='word_1_78' title='bbox 478 1095 667 1165; x_wconf 88' lang='lat' dir='ltr'><strong>constituta</strong></span> <span class='ocrx_word' id='word_1_79' title='bbox 680 1107 795 1164; x_wconf 90' lang='lat' dir='ltr'><strong>sunta</strong></span> <span class='ocrx_word' id='word_1_80' title='bbox 811 1095 929 1184; x_wconf 89' lang='lat' dir='ltr'><strong>legum</strong></span> <span class='ocrx_word' id='word_1_81' title='bbox 941 1107 1065 1164; x_wconf 89' lang='lat' dir='ltr'><strong>aucto·</strong></span> <span class='ocrx_word' id='word_1_82' title='bbox 1116 1098 1273 1193; x_wconf 90' lang='lat' dir='ltr'><strong>lorisque</strong></span> <span class='ocrx_word' id='word_1_83' title='bbox 1297 1099 1470 1187; x_wconf 88' lang='lat' dir='ltr'><strong>gerendae</strong></span> <span class='ocrx_word' id='word_1_84' title='bbox 1491 1096 1689 1167; x_wconf 86' lang='lat' dir='ltr'><strong>exercitati:</strong></span> <span class='ocrx_word' id='word_1_85' title='bbox 1729 1097 1785 1166; x_wconf 88' lang='lat' dir='ltr'><strong>vel</strong></span> <span class='ocrx_word' id='word_1_86' title='bbox 1809 1111 1989 1170; x_wconf 84' lang='lat' dir='ltr'><strong>tantorum</strong></span> <span class='ocrx_word' id='word_1_87' title='bbox 2010 1101 2109 1172; x_wconf 83' lang='lat' dir='ltr'><strong>viro-</strong></span> 
     </span>
     <span class='ocr_line' id='line_1_9' title="bbox 72 1192 2109 1297; baseline 0.003 -30"><span class='ocrx_word' id='word_1_88' title='bbox 72 1197 184 1280; x_wconf 87' lang='lat' dir='ltr'><strong>ribus,</strong></span> <span class='ocrx_word' id='word_1_89' title='bbox 210 1196 321 1289; x_wconf 88' lang='lat' dir='ltr'><strong>idque</strong></span> <span class='ocrx_word' id='word_1_90' title='bbox 339 1218 394 1265; x_wconf 87' lang='lat' dir='ltr'><strong>res</strong></span> <span class='ocrx_word' id='word_1_91' title='bbox 410 1196 566 1286; x_wconf 88' lang='lat' dir='ltr'><strong>cogebat.</strong></span> <span class='ocrx_word' id='word_1_92' title='bbox 617 1192 732 1265; x_wconf 86' lang='lat' dir='ltr'><strong>Erant</strong></span> <span class='ocrx_word' id='word_1_93' title='bbox 748 1197 844 1266; x_wconf 91' lang='lat' dir='ltr'><strong>enim</strong></span> <span class='ocrx_word' id='word_1_94' title='bbox 860 1197 903 1266; x_wconf 92' lang='lat' dir='ltr'><strong>ad</strong></span> <span class='ocrx_word' id='word_1_95' title='bbox 922 1197 1063 1266; x_wconf 90' lang='lat' dir='ltr'><strong>civilem</strong></span> <span class='ocrx_word' id='word_1_96' title='bbox 1117 1224 1196 1270; x_wconf 90' lang='lat' dir='ltr'><strong>rum</strong></span> <span class='ocrx_word' id='word_1_97' title='bbox 1227 1200 1418 1270; x_wconf 88' lang='lat' dir='ltr'><strong>memoriae</strong></span> <span class='ocrx_word' id='word_1_98' title='bbox 1450 1194 1509 1268; x_wconf 89' lang='lat' dir='ltr'><strong>hic</strong></span> <span class='ocrx_word' id='word_1_99' title='bbox 1536 1192 1652 1268; x_wconf 92' lang='lat' dir='ltr'><strong>honos</strong></span> <span class='ocrx_word' id='word_1_100' title='bbox 1676 1200 1842 1286; x_wconf 88' lang='lat' dir='ltr'><strong>debetur,</strong></span> <span class='ocrx_word' id='word_1_101' title='bbox 1865 1214 1915 1272; x_wconf 88' lang='lat' dir='ltr'><strong>ut</strong></span> <span class='ocrx_word' id='word_1_102' title='bbox 1939 1215 2109 1297; x_wconf 89' lang='lat' dir='ltr'><strong>tanquam</strong></span> 
     </span>
     <span class='ocr_line' id='line_1_10' title="bbox 74 1294 2108 1392; baseline 0.003 -23"><span class='ocrx_word' id='word_1_103' title='bbox 74 1294 262 1369; x_wconf 87' lang='lat' dir='ltr'><strong>bominum</strong></span> <span class='ocrx_word' id='word_1_104' title='bbox 292 1299 586 1368; x_wconf 87' lang='lat' dir='ltr'><strong>consuetudinem</strong></span> <span class='ocrx_word' id='word_1_105' title='bbox 614 1298 706 1387; x_wconf 90' lang='lat' dir='ltr'><strong>leges</strong></span> <span class='ocrx_word' id='word_1_106' title='bbox 733 1299 1064 1383; x_wconf 80' lang='lat' dir='ltr'><strong>accommodandae,</strong></span> <span class='ocrx_word' id='word_1_107' title='bbox 1116 1302 1276 1383; x_wconf 82' lang='lat' dir='ltr'><strong>exuvias,</strong></span> <span class='ocrx_word' id='word_1_108' title='bbox 1300 1326 1423 1372; x_wconf 90' lang='lat' dir='ltr'><strong>eorum</strong></span> <span class='ocrx_word' id='word_1_109' title='bbox 1445 1301 1574 1391; x_wconf 87' lang='lat' dir='ltr'><strong>scripta</strong></span> <span class='ocrx_word' id='word_1_110' title='bbox 1591 1323 1851 1376; x_wconf 87' lang='lat' dir='ltr'><strong>conservemus.</strong></span> <span class='ocrx_word' id='word_1_111' title='bbox 1903 1299 2009 1392; x_wconf 85' lang='lat' dir='ltr'><strong>Quod</strong></span> <span class='ocrx_word' id='word_1_112' title='bbox 2027 1328 2108 1375; x_wconf 89' lang='lat' dir='ltr'><strong>cum</strong></span> 
     </span>
     <span class='ocr_line' id='line_1_11' title="bbox 68 1395 2109 1500; baseline 0.003 -29"><span class='ocrx_word' id='word_1_113' title='bbox 68 1425 138 1472; x_wconf 88' lang='lat' dir='ltr'><strong>non</strong></span> <span class='ocrx_word' id='word_1_114' title='bbox 166 1400 277 1471; x_wconf 89' lang='lat' dir='ltr'><strong>aliter</strong></span> <span class='ocrx_word' id='word_1_115' title='bbox 300 1413 405 1493; x_wconf 89' lang='lat' dir='ltr'><strong>atque</strong></span> <span class='ocrx_word' id='word_1_116' title='bbox 425 1395 655 1492; x_wconf 85' lang='lat' dir='ltr'><strong>pharmacum</strong></span> <span class='ocrx_word' id='word_1_117' title='bbox 677 1401 904 1492; x_wconf 90' lang='lat' dir='ltr'><strong>attemperari</strong></span> <span class='ocrx_word' id='word_1_118' title='bbox 924 1414 1064 1491; x_wconf 87' lang='lat' dir='ltr'><strong>oportet</strong></span> <span class='ocrx_word' id='word_1_119' title='bbox 1116 1425 1253 1474; x_wconf 89' lang='lat' dir='ltr'><strong>summa</strong></span> <span class='ocrx_word' id='word_1_120' title='bbox 1274 1428 1358 1474; x_wconf 90' lang='lat' dir='ltr'><strong>cura</strong></span> <span class='ocrx_word' id='word_1_121' title='bbox 1375 1402 1531 1474; x_wconf 85' lang='lat' dir='ltr'><strong>Maiores</strong></span> <span class='ocrx_word' id='word_1_122' title='bbox 1550 1404 1661 1472; x_wconf 88' lang='lat' dir='ltr'><strong>nostri</strong></span> <span class='ocrx_word' id='word_1_123' title='bbox 1680 1403 1936 1494; x_wconf 87' lang='lat' dir='ltr'><strong>praestiterint,</strong></span> <span class='ocrx_word' id='word_1_124' title='bbox 1961 1406 2109 1500; x_wconf 86' lang='lat' dir='ltr'><strong>aequius</strong></span> 
     </span>
     <span class='ocr_line' id='line_1_12' title="bbox 65 1498 2108 1599; baseline 0.002 -26"><span class='ocrx_word' id='word_1_125' title='bbox 65 1501 339 1595; x_wconf 86' lang='lat' dir='ltr'><strong>segricorporis</strong></span> <span class='ocrx_word' id='word_1_126' title='bbox 355 1501 718 1575; x_wconf 80' lang='lat' dir='ltr'><strong>naturaeacviribus&#39;.</strong></span> <span class='ocrx_word' id='word_1_127' title='bbox 769 1498 981 1594; x_wconf 90' lang='lat' dir='ltr'><strong>Philosophi</strong></span> <span class='ocrx_word' id='word_1_128' title='bbox 994 1502 1064 1572; x_wconf 86' lang='lat' dir='ltr'><strong>sibi</strong></span> <span class='ocrx_word' id='word_1_129' title='bbox 1116 1520 1167 1577; x_wconf 90' lang='lat' dir='ltr'><strong>est</strong></span> <span class='ocrx_word' id='word_1_130' title='bbox 1189 1507 1333 1577; x_wconf 89' lang='lat' dir='ltr'><strong>illorum</strong></span> <span class='ocrx_word' id='word_1_131' title='bbox 1356 1528 1423 1575; x_wconf 91' lang='lat' dir='ltr'><strong>nos</strong></span> <span class='ocrx_word' id='word_1_132' title='bbox 1445 1507 1643 1596; x_wconf 90' lang='lat' dir='ltr'><strong>exemplum</strong></span> <span class='ocrx_word' id='word_1_133' title='bbox 1667 1505 1820 1591; x_wconf 90' lang='lat' dir='ltr'><strong>imitari,</strong></span> <span class='ocrx_word' id='word_1_134' title='bbox 1846 1529 1952 1599; x_wconf 90' lang='lat' dir='ltr'><strong>quam</strong></span> <span class='ocrx_word' id='word_1_135' title='bbox 1975 1508 2019 1576; x_wconf 88' lang='lat' dir='ltr'><strong>iis</strong></span> <span class='ocrx_word' id='word_1_136' title='bbox 2042 1509 2108 1579; x_wconf 91' lang='lat' dir='ltr'><strong>ob-</strong></span> 
     </span>
     <span class='ocr_line' id='line_1_13' title="bbox 65 1599 2108 1701; baseline 0.001 -25"><span class='ocrx_word' id='word_1_137' title='bbox 65 1605 100 1676; x_wconf 79' lang='lat' dir='ltr'><strong>io</strong></span> <span class='ocrx_word' id='word_1_138' title='bbox 120 1599 263 1675; x_wconf 88' lang='lat' dir='ltr'><strong>scholis</strong></span> <span class='ocrx_word' id='word_1_139' title='bbox 284 1604 458 1698; x_wconf 87' lang='lat' dir='ltr'><strong>quaedam</strong></span> <span class='ocrx_word' id='word_1_140' title='bbox 477 1605 587 1674; x_wconf 89' lang='lat' dir='ltr'><strong>libere</strong></span> <span class='ocrx_word' id='word_1_141' title='bbox 605 1605 814 1696; x_wconf 88' lang='lat' dir='ltr'><strong>permisere,</strong></span> <span class='ocrx_word' id='word_1_142' title='bbox 839 1629 929 1698; x_wconf 88' lang='lat' dir='ltr'><strong>quae</strong></span> <span class='ocrx_word' id='word_1_143' title='bbox 947 1604 985 1672; x_wconf 92' lang='lat' dir='ltr'><strong>in</strong></span> <span class='ocrx_word' id='word_1_144' title='bbox 1003 1627 1064 1696; x_wconf 92' lang='lat' dir='ltr'><strong>ge-</strong></span> <span class='ocrx_word' id='word_1_145' title='bbox 1116 1608 1235 1701; x_wconf 91' lang='lat' dir='ltr'><strong>sequi,</strong></span> <span class='ocrx_word' id='word_1_146' title='bbox 1262 1608 1323 1701; x_wconf 90' lang='lat' dir='ltr'><strong>qui</strong></span> <span class='ocrx_word' id='word_1_147' title='bbox 1348 1632 1422 1678; x_wconf 92' lang='lat' dir='ltr'><strong>non</strong></span> <span class='ocrx_word' id='word_1_148' title='bbox 1444 1608 1550 1677; x_wconf 90' lang='lat' dir='ltr'><strong>modo</strong></span> <span class='ocrx_word' id='word_1_149' title='bbox 1574 1607 1710 1697; x_wconf 87' lang='lat' dir='ltr'><strong>legibus</strong></span> <span class='ocrx_word' id='word_1_150' title='bbox 1731 1608 1824 1676; x_wconf 91' lang='lat' dir='ltr'><strong>male</strong></span> <span class='ocrx_word' id='word_1_151' title='bbox 1848 1608 1991 1699; x_wconf 90' lang='lat' dir='ltr'><strong>propitii</strong></span> <span class='ocrx_word' id='word_1_152' title='bbox 2012 1622 2108 1696; x_wconf 90' lang='lat' dir='ltr'><strong>sunt,</strong></span> 
     </span>
     <span class='ocr_line' id='line_1_14' title="bbox 64 1706 2108 1804; baseline 0.001 -26"><span class='ocrx_word' id='word_1_153' title='bbox 64 1707 188 1779; x_wconf 91' lang='lat' dir='ltr'><strong>rendis</strong></span> <span class='ocrx_word' id='word_1_154' title='bbox 214 1706 322 1777; x_wconf 91' lang='lat' dir='ltr'><strong>rebus</strong></span> <span class='ocrx_word' id='word_1_155' title='bbox 344 1706 497 1796; x_wconf 92' lang='lat' dir='ltr'><strong>publicis</strong></span> <span class='ocrx_word' id='word_1_156' title='bbox 519 1730 593 1777; x_wconf 93' lang='lat' dir='ltr'><strong>non</strong></span> <span class='ocrx_word' id='word_1_157' title='bbox 614 1707 720 1778; x_wconf 85' lang='lat' dir='ltr'><strong>luerit</strong></span> <span class='ocrx_word' id='word_1_158' title='bbox 736 1707 936 1781; x_wconf 89' lang='lat' dir='ltr'><strong>consultum</strong></span> <span class='ocrx_word' id='word_1_159' title='bbox 953 1706 1063 1799; x_wconf 79' lang='lat' dir='ltr'><strong>sequi.</strong></span> <span class='ocrx_word' id='word_1_160' title='bbox 1116 1711 1176 1778; x_wconf 91' lang='lat' dir='ltr'><strong>sed</strong></span> <span class='ocrx_word' id='word_1_161' title='bbox 1208 1734 1351 1801; x_wconf 87' lang='lat' dir='ltr'><strong>prorsus</strong></span> <span class='ocrx_word' id='word_1_162' title='bbox 1381 1734 1495 1804; x_wconf 92' lang='lat' dir='ltr'><strong>neque</strong></span> <span class='ocrx_word' id='word_1_163' title='bbox 1519 1710 1592 1794; x_wconf 94' lang='lat' dir='ltr'><strong>ius,</strong></span> <span class='ocrx_word' id='word_1_164' title='bbox 1623 1733 1738 1803; x_wconf 91' lang='lat' dir='ltr'><strong>neque</strong></span> <span class='ocrx_word' id='word_1_165' title='bbox 1762 1710 1896 1778; x_wconf 90' lang='lat' dir='ltr'><strong>bonum</strong></span> <span class='ocrx_word' id='word_1_166' title='bbox 1921 1722 2026 1803; x_wconf 90' lang='lat' dir='ltr'><strong>atque</strong></span> <span class='ocrx_word' id='word_1_167' title='bbox 2048 1735 2108 1781; x_wconf 90' lang='lat' dir='ltr'><strong>ae-</strong></span> 
     </span>
     <span class='ocr_line' id='line_1_15' title="bbox 64 1804 2106 1904; baseline 0 -22"><span class='ocrx_word' id='word_1_168' title='bbox 64 1807 159 1882; x_wconf 85' lang='lat' dir='ltr'><strong>Sunt</strong></span> <span class='ocrx_word' id='word_1_169' title='bbox 181 1809 358 1902; x_wconf 87' lang='lat' dir='ltr'><strong>quaedam</strong></span> <span class='ocrx_word' id='word_1_170' title='bbox 383 1808 420 1876; x_wconf 93' lang='lat' dir='ltr'><strong>in</strong></span> <span class='ocrx_word' id='word_1_171' title='bbox 435 1804 580 1899; x_wconf 86' lang='lat' dir='ltr'><strong>Europa</strong></span> <span class='ocrx_word' id='word_1_172' title='bbox 604 1823 743 1896; x_wconf 80' lang='lat' dir='ltr'><strong>gentes,</strong></span> <span class='ocrx_word' id='word_1_173' title='bbox 771 1834 860 1902; x_wconf 90' lang='lat' dir='ltr'><strong>quae</strong></span> <span class='ocrx_word' id='word_1_174' title='bbox 879 1833 950 1878; x_wconf 91' lang='lat' dir='ltr'><strong>non</strong></span> <span class='ocrx_word' id='word_1_175' title='bbox 966 1809 1063 1877; x_wconf 90' lang='lat' dir='ltr'><strong>iudi·</strong></span> <span class='ocrx_word' id='word_1_176' title='bbox 1115 1837 1225 1904; x_wconf 91' lang='lat' dir='ltr'><strong>quum</strong></span> <span class='ocrx_word' id='word_1_177' title='bbox 1250 1813 1386 1897; x_wconf 90' lang='lat' dir='ltr'><strong>sciunt,</strong></span> <span class='ocrx_word' id='word_1_178' title='bbox 1418 1813 1545 1881; x_wconf 90' lang='lat' dir='ltr'><strong>melius</strong></span> <span class='ocrx_word' id='word_1_179' title='bbox 1567 1812 1687 1904; x_wconf 90' lang='lat' dir='ltr'><strong>peius,</strong></span> <span class='ocrx_word' id='word_1_180' title='bbox 1718 1811 1849 1903; x_wconf 84' lang='lat' dir='ltr'><strong>prosit,</strong></span> <span class='ocrx_word' id='word_1_181' title='bbox 1875 1812 1988 1898; x_wconf 85' lang='lat' dir='ltr'><strong>obsit,</strong></span> <span class='ocrx_word' id='word_1_182' title='bbox 2013 1810 2106 1883; x_wconf 90' lang='lat' dir='ltr'><strong>nibil</strong></span> 
     </span>
     <span class='ocr_line' id='line_1_16' title="bbox 65 1906 1581 2006; baseline 0.001 -23"><span class='ocrx_word' id='word_1_183' title='bbox 65 1924 145 1983; x_wconf 86' lang='lat' dir='ltr'><strong>cant</strong></span> <span class='ocrx_word' id='word_1_184' title='bbox 168 1934 229 1980; x_wconf 85' lang='lat' dir='ltr'><strong>res</strong></span> <span class='ocrx_word' id='word_1_185' title='bbox 252 1933 293 1978; x_wconf 88' lang='lat' dir='ltr'><strong>ex</strong></span> <span class='ocrx_word' id='word_1_186' title='bbox 310 1908 483 1980; x_wconf 87' lang='lat' dir='ltr'><strong>Romanis</strong></span> <span class='ocrx_word' id='word_1_187' title='bbox 499 1910 653 1999; x_wconf 92' lang='lat' dir='ltr'><strong>legibus,</strong></span> <span class='ocrx_word' id='word_1_188' title='bbox 679 1912 738 1979; x_wconf 91' lang='lat' dir='ltr'><strong>sed</strong></span> <span class='ocrx_word' id='word_1_189' title='bbox 756 1911 963 1982; x_wconf 85' lang='lat' dir='ltr'><strong>vernaculis.</strong></span> <span class='ocrx_word' id='word_1_190' title='bbox 1014 1906 1061 1980; x_wconf 86' lang='lat' dir='ltr'><strong>Et</strong></span> <span class='ocrx_word' id='word_1_191' title='bbox 1116 1915 1257 1998; x_wconf 89' lang='lat' dir='ltr'><strong>vident,</strong></span> <span class='ocrx_word' id='word_1_192' title='bbox 1283 1914 1353 1982; x_wconf 93' lang='lat' dir='ltr'><strong>nisi</strong></span> <span class='ocrx_word' id='word_1_193' title='bbox 1371 1914 1581 2006; x_wconf 92' lang='lat' dir='ltr'><strong>quodlibet.</strong></span> 
     </span>
    </p>

    <p class='ocr_par' dir='ltr' id='par_1_4' title="bbox 61 2009 2211 4354">
     <span class='ocr_line' id='line_1_17' title="bbox 63 2009 2107 2107; baseline 0.001 -21"><span class='ocrx_word' id='word_1_194' title='bbox 63 2029 183 2086; x_wconf 88' lang='lat' dir='ltr'><strong>tamen</strong></span> <span class='ocrx_word' id='word_1_195' title='bbox 198 2011 265 2107; x_wconf 93' lang='lat' dir='ltr'><strong>qui</strong></span> <span class='ocrx_word' id='word_1_196' title='bbox 278 2011 331 2082; x_wconf 93' lang='lat' dir='ltr'><strong>ibi</strong></span> <span class='ocrx_word' id='word_1_197' title='bbox 344 2009 502 2103; x_wconf 84' lang='lat' dir='ltr'><strong>Respub.</strong></span> <span class='ocrx_word' id='word_1_198' title='bbox 517 2013 647 2102; x_wconf 92' lang='lat' dir='ltr'><strong>gesturi</strong></span> <span class='ocrx_word' id='word_1_199' title='bbox 662 2027 765 2096; x_wconf 89' lang='lat' dir='ltr'><strong>sunt,</strong></span> <span class='ocrx_word' id='word_1_200' title='bbox 789 2013 863 2082; x_wconf 86' lang='lat' dir='ltr'><strong>lere</strong></span> <span class='ocrx_word' id='word_1_201' title='bbox 878 2010 1062 2084; x_wconf 86' lang='lat' dir='ltr'><strong>Romanas</strong></span> <span class='ocrx_word' id='word_1_202' title='bbox 1216 2015 1332 2087; x_wconf 90' lang='lat' dir='ltr'><strong>Poscit</strong></span> <span class='ocrx_word' id='word_1_203' title='bbox 1355 2010 1412 2085; x_wconf 91' lang='lat' dir='ltr'><strong>hic</strong></span> <span class='ocrx_word' id='word_1_204' title='bbox 1433 2016 1550 2099; x_wconf 91' lang='lat' dir='ltr'><strong>locus,</strong></span> <span class='ocrx_word' id='word_1_205' title='bbox 1582 2030 1807 2107; x_wconf 87' lang='lat' dir='ltr'><strong>posteaquam</strong></span> <span class='ocrx_word' id='word_1_206' title='bbox 1829 2017 2039 2089; x_wconf 89' lang='lat' dir='ltr'><strong>sententiam</strong></span> <span class='ocrx_word' id='word_1_207' title='bbox 2063 2020 2107 2089; x_wconf 92' lang='lat' dir='ltr'><strong>de</strong></span> 
     </span>
     <span class='ocr_line' id='line_1_18' title="bbox 64 2114 2107 2209; baseline 0.002 -24"><span class='ocrx_word' id='word_1_208' title='bbox 64 2117 157 2208; x_wconf 86' lang='lat' dir='ltr'><strong>leges</strong></span> <span class='ocrx_word' id='word_1_209' title='bbox 171 2115 272 2207; x_wconf 89' lang='lat' dir='ltr'><strong>apud</strong></span> <span class='ocrx_word' id='word_1_210' title='bbox 287 2127 423 2184; x_wconf 90' lang='lat' dir='ltr'><strong>exteros</strong></span> <span class='ocrx_word' id='word_1_211' title='bbox 433 2115 593 2199; x_wconf 89' lang='lat' dir='ltr'><strong>discunt,</strong></span> <span class='ocrx_word' id='word_1_212' title='bbox 618 2115 698 2207; x_wconf 89' lang='lat' dir='ltr'><strong>qui,</strong></span> <span class='ocrx_word' id='word_1_213' title='bbox 723 2127 765 2184; x_wconf 92' lang='lat' dir='ltr'><strong>ut</strong></span> <span class='ocrx_word' id='word_1_214' title='bbox 777 2114 923 2206; x_wconf 91' lang='lat' dir='ltr'><strong>accipio,</strong></span> <span class='ocrx_word' id='word_1_215' title='bbox 949 2115 1061 2184; x_wconf 91' lang='lat' dir='ltr'><strong>inter·</strong></span> <span class='ocrx_word' id='word_1_216' title='bbox 1114 2117 1251 2207; x_wconf 90' lang='lat' dir='ltr'><strong>legibus</strong></span> <span class='ocrx_word' id='word_1_217' title='bbox 1261 2131 1416 2188; x_wconf 88' lang='lat' dir='ltr'><strong>nostram</strong></span> <span class='ocrx_word' id='word_1_218' title='bbox 1427 2117 1664 2209; x_wconf 83' lang='lat' dir='ltr'><strong>exposuimus,</strong></span> <span class='ocrx_word' id='word_1_219' title='bbox 1679 2117 1961 2189; x_wconf 88' lang='lat' dir='ltr'><strong>adversariorum</strong></span> <span class='ocrx_word' id='word_1_220' title='bbox 1971 2121 2107 2190; x_wconf 92' lang='lat' dir='ltr'><strong>calum·</strong></span> 
     </span>
     <span class='ocr_line' id='line_1_19' title="bbox 62 2216 2107 2314; baseline 0 -24"><span class='ocrx_word' id='word_1_221' title='bbox 62 2218 200 2310; x_wconf 83' lang='lat' dir='ltr'><strong>rogati,</strong></span> <span class='ocrx_word' id='word_1_222' title='bbox 227 2218 336 2310; x_wconf 92' lang='lat' dir='ltr'><strong>quid,</strong></span> <span class='ocrx_word' id='word_1_223' title='bbox 360 2240 439 2287; x_wconf 89' lang='lat' dir='ltr'><strong>cum</strong></span> <span class='ocrx_word' id='word_1_224' title='bbox 460 2230 662 2286; x_wconf 89' lang='lat' dir='ltr'><strong>nostrarum</strong></span> <span class='ocrx_word' id='word_1_225' title='bbox 680 2217 797 2305; x_wconf 87' lang='lat' dir='ltr'><strong>legum</strong></span> <span class='ocrx_word' id='word_1_226' title='bbox 816 2240 890 2286; x_wconf 90' lang='lat' dir='ltr'><strong>non</strong></span> <span class='ocrx_word' id='word_1_227' title='bbox 907 2216 952 2286; x_wconf 91' lang='lat' dir='ltr'><strong>sit</strong></span> <span class='ocrx_word' id='word_1_228' title='bbox 965 2217 1060 2309; x_wconf 90' lang='lat' dir='ltr'><strong>apud</strong></span> <span class='ocrx_word' id='word_1_229' title='bbox 1114 2221 1192 2288; x_wconf 90' lang='lat' dir='ltr'><strong>nias</strong></span> <span class='ocrx_word' id='word_1_230' title='bbox 1214 2221 1381 2290; x_wconf 77' lang='lat' dir='ltr'><strong>refutare:</strong></span> <span class='ocrx_word' id='word_1_231' title='bbox 1408 2244 1499 2314; x_wconf 90' lang='lat' dir='ltr'><strong>quae</strong></span> <span class='ocrx_word' id='word_1_232' title='bbox 1520 2219 1602 2312; x_wconf 89' lang='lat' dir='ltr'><strong>quia</strong></span> <span class='ocrx_word' id='word_1_233' title='bbox 1625 2218 1841 2289; x_wconf 91' lang='lat' dir='ltr'><strong>leviusculae</strong></span> <span class='ocrx_word' id='word_1_234' title='bbox 1863 2236 1898 2292; x_wconf 90' lang='lat' dir='ltr'><strong>et</strong></span> <span class='ocrx_word' id='word_1_235' title='bbox 1912 2245 2002 2313; x_wconf 86' lang='lat' dir='ltr'><strong>pene</strong></span> <span class='ocrx_word' id='word_1_236' title='bbox 2016 2221 2107 2292; x_wconf 89' lang='lat' dir='ltr'><strong>ridi·</strong></span> 
     </span>
     <span class='ocr_line' id='line_1_20' title="bbox 64 2318 2106 2413; baseline 0.001 -21"><span class='ocrx_word' id='word_1_237' title='bbox 64 2345 120 2392; x_wconf 87' lang='lat' dir='ltr'><strong>eos</strong></span> <span class='ocrx_word' id='word_1_238' title='bbox 143 2341 253 2404; x_wconf 87' lang='lat' dir='ltr'><strong>usus,</strong></span> <span class='ocrx_word' id='word_1_239' title='bbox 277 2319 317 2386; x_wconf 95' lang='lat' dir='ltr'><strong>in</strong></span> <span class='ocrx_word' id='word_1_240' title='bbox 339 2318 389 2387; x_wconf 89' lang='lat' dir='ltr'><strong>eis</strong></span> <span class='ocrx_word' id='word_1_241' title='bbox 411 2318 665 2408; x_wconf 86' lang='lat' dir='ltr'><strong>cognoscendis</strong></span> <span class='ocrx_word' id='word_1_242' title='bbox 687 2331 825 2390; x_wconf 91' lang='lat' dir='ltr'><strong>tantum</strong></span> <span class='ocrx_word' id='word_1_243' title='bbox 848 2342 975 2408; x_wconf 92' lang='lat' dir='ltr'><strong>operae</strong></span> <span class='ocrx_word' id='word_1_244' title='bbox 996 2342 1059 2409; x_wconf 89' lang='lat' dir='ltr'><strong>po·</strong></span> <span class='ocrx_word' id='word_1_245' title='bbox 1113 2322 1212 2390; x_wconf 90' lang='lat' dir='ltr'><strong>culae</strong></span> <span class='ocrx_word' id='word_1_246' title='bbox 1225 2336 1326 2404; x_wconf 92' lang='lat' dir='ltr'><strong>sunt,</strong></span> <span class='ocrx_word' id='word_1_247' title='bbox 1353 2322 1580 2413; x_wconf 89' lang='lat' dir='ltr'><strong>paucisame</strong></span> <span class='ocrx_word' id='word_1_248' title='bbox 1595 2321 1889 2412; x_wconf 87' lang='lat' dir='ltr'><strong>perstringentur.</strong></span> <span class='ocrx_word' id='word_1_249' title='bbox 1940 2320 2106 2406; x_wconf 87' lang='lat' dir='ltr'><strong>Mutilae,</strong></span> 
     </span>
     <span class='ocr_line' id='line_1_21' title="bbox 63 2417 2104 2517; baseline 0 -23"><span class='ocrx_word' id='word_1_250' title='bbox 63 2438 172 2510; x_wconf 84' lang='lat' dir='ltr'><strong>nant,</strong></span> <span class='ocrx_word' id='word_1_251' title='bbox 194 2421 412 2510; x_wconf 90' lang='lat' dir='ltr'><strong>respondere</strong></span> <span class='ocrx_word' id='word_1_252' title='bbox 430 2422 560 2493; x_wconf 90' lang='lat' dir='ltr'><strong>solent:</strong></span> <span class='ocrx_word' id='word_1_253' title='bbox 588 2417 755 2489; x_wconf 88' lang='lat' dir='ltr'><strong>Animam</strong></span> <span class='ocrx_word' id='word_1_254' title='bbox 775 2445 810 2491; x_wconf 90' lang='lat' dir='ltr'><strong>se</strong></span> <span class='ocrx_word' id='word_1_255' title='bbox 826 2421 1060 2514; x_wconf 88' lang='lat' dir='ltr'><strong>spiritumque</strong></span> <span class='ocrx_word' id='word_1_256' title='bbox 1114 2423 1302 2517; x_wconf 91' lang='lat' dir='ltr'><strong>inquiunt,</strong></span> <span class='ocrx_word' id='word_1_257' title='bbox 1335 2423 1451 2511; x_wconf 90' lang='lat' dir='ltr'><strong>legum</strong></span> <span class='ocrx_word' id='word_1_258' title='bbox 1474 2417 1703 2512; x_wconf 85' lang='lat' dir='ltr'><strong>Rhapsodiae</strong></span> <span class='ocrx_word' id='word_1_259' title='bbox 1732 2437 1826 2496; x_wconf 87' lang='lat' dir='ltr'><strong>sunt.</strong></span> <span class='ocrx_word' id='word_1_260' title='bbox 1883 2421 2031 2495; x_wconf 88' lang='lat' dir='ltr'><strong>Publica</strong></span> <span class='ocrx_word' id='word_1_261' title='bbox 2064 2449 2104 2495; x_wconf 89' lang='lat' dir='ltr'><strong>ea</strong></span> 
     </span>
     <span class='ocr_line' id='line_1_22' title="bbox 63 2518 2105 2618; baseline 0.001 -22"><span class='ocrx_word' id='word_1_262' title='bbox 63 2524 205 2617; x_wconf 80' lang='lat' dir='ltr'><strong>legum,</strong></span> <span class='ocrx_word' id='word_1_263' title='bbox 236 2523 289 2593; x_wconf 89' lang='lat' dir='ltr'><strong>sic</strong></span> <span class='ocrx_word' id='word_1_264' title='bbox 318 2523 414 2592; x_wconf 89' lang='lat' dir='ltr'><strong>enirn</strong></span> <span class='ocrx_word' id='word_1_265' title='bbox 444 2523 661 2618; x_wconf 88' lang='lat' dir='ltr'><strong>loquuntur,</strong></span> <span class='ocrx_word' id='word_1_266' title='bbox 692 2524 871 2614; x_wconf 83' lang='lat' dir='ltr'><strong>excipere,</strong></span> <span class='ocrx_word' id='word_1_267' title='bbox 905 2518 974 2592; x_wconf 91' lang='lat' dir='ltr'><strong>boc</strong></span> <span class='ocrx_word' id='word_1_268' title='bbox 996 2536 1059 2604; x_wconf 90' lang='lat' dir='ltr'><strong>est,</strong></span> <span class='ocrx_word' id='word_1_269' title='bbox 1112 2525 1292 2596; x_wconf 90' lang='lat' dir='ltr'><strong>calamitas</strong></span> <span class='ocrx_word' id='word_1_270' title='bbox 1321 2539 1391 2609; x_wconf 90' lang='lat' dir='ltr'><strong>est,</strong></span> <span class='ocrx_word' id='word_1_271' title='bbox 1422 2547 1527 2617; x_wconf 89' lang='lat' dir='ltr'><strong>quam</strong></span> <span class='ocrx_word' id='word_1_272' title='bbox 1560 2524 1724 2592; x_wconf 92' lang='lat' dir='ltr'><strong>insectari</strong></span> <span class='ocrx_word' id='word_1_273' title='bbox 1753 2523 1900 2593; x_wconf 90' lang='lat' dir='ltr'><strong>minime</strong></span> <span class='ocrx_word' id='word_1_274' title='bbox 1924 2527 2105 2609; x_wconf 87' lang='lat' dir='ltr'><strong>convenit,</strong></span> 
     </span>
     <span class='ocr_line' id='line_1_23' title="bbox 64 2618 2105 2723; baseline 0 -24"><span class='ocrx_word' id='word_1_275' title='bbox 64 2623 255 2723; x_wconf 84' lang='lat' dir='ltr'><strong>aequitatis</strong></span> <span class='ocrx_word' id='word_1_276' title='bbox 280 2623 351 2692; x_wconf 86' lang='lat' dir='ltr'><strong>vim</strong></span> <span class='ocrx_word' id='word_1_277' title='bbox 373 2648 413 2694; x_wconf 90' lang='lat' dir='ltr'><strong>ac</strong></span> <span class='ocrx_word' id='word_1_278' title='bbox 437 2640 599 2694; x_wconf 90' lang='lat' dir='ltr'><strong>naturam</strong></span> <span class='ocrx_word' id='word_1_279' title='bbox 621 2618 708 2694; x_wconf 90' lang='lat' dir='ltr'><strong>hinc</strong></span> <span class='ocrx_word' id='word_1_280' title='bbox 728 2627 935 2716; x_wconf 84' lang='lat' dir='ltr'><strong>decerpere,</strong></span> <span class='ocrx_word' id='word_1_281' title='bbox 962 2627 1059 2694; x_wconf 92' lang='lat' dir='ltr'><strong>utde</strong></span> <span class='ocrx_word' id='word_1_282' title='bbox 1112 2627 1334 2696; x_wconf 87' lang='lat' dir='ltr'><strong>miserescere</strong></span> <span class='ocrx_word' id='word_1_283' title='bbox 1349 2641 1423 2698; x_wconf 90' lang='lat' dir='ltr'><strong>erat</strong></span> <span class='ocrx_word' id='word_1_284' title='bbox 1439 2621 1639 2701; x_wconf 88' lang='lat' dir='ltr'><strong>humanius.</strong></span> <span class='ocrx_word' id='word_1_285' title='bbox 1689 2619 1869 2715; x_wconf 90' lang='lat' dir='ltr'><strong>Optarent</strong></span> <span class='ocrx_word' id='word_1_286' title='bbox 1883 2641 2001 2697; x_wconf 91' lang='lat' dir='ltr'><strong>autem</strong></span> <span class='ocrx_word' id='word_1_287' title='bbox 2015 2627 2105 2699; x_wconf 91' lang='lat' dir='ltr'><strong>boni</strong></span> 
     </span>
     <span class='ocr_line' id='line_1_24' title="bbox 62 2724 2103 2824; baseline 0 -24"><span class='ocrx_word' id='word_1_288' title='bbox 62 2728 191 2824; x_wconf 87' lang='lat' dir='ltr'><strong>patriis</strong></span> <span class='ocrx_word' id='word_1_289' title='bbox 213 2726 353 2817; x_wconf 88' lang='lat' dir='ltr'><strong>legibus</strong></span> <span class='ocrx_word' id='word_1_290' title='bbox 377 2727 505 2797; x_wconf 90' lang='lat' dir='ltr'><strong>rectius</strong></span> <span class='ocrx_word' id='word_1_291' title='bbox 525 2727 694 2796; x_wconf 91' lang='lat' dir='ltr'><strong>iudicent.</strong></span> <span class='ocrx_word' id='word_1_292' title='bbox 751 2724 877 2798; x_wconf 89' lang='lat' dir='ltr'><strong>Laudo</strong></span> <span class='ocrx_word' id='word_1_293' title='bbox 901 2727 1057 2818; x_wconf 91' lang='lat' dir='ltr'><strong>pruden·</strong></span> <span class='ocrx_word' id='word_1_294' title='bbox 1111 2752 1253 2814; x_wconf 87' lang='lat' dir='ltr'><strong>ornnes,</strong></span> <span class='ocrx_word' id='word_1_295' title='bbox 1281 2729 1311 2797; x_wconf 92' lang='lat' dir='ltr'><strong>si</strong></span> <span class='ocrx_word' id='word_1_296' title='bbox 1335 2729 1421 2822; x_wconf 91' lang='lat' dir='ltr'><strong>quid</strong></span> <span class='ocrx_word' id='word_1_297' title='bbox 1446 2728 1537 2796; x_wconf 87' lang='lat' dir='ltr'><strong>votis</strong></span> <span class='ocrx_word' id='word_1_298' title='bbox 1561 2725 1761 2817; x_wconf 86' lang='lat' dir='ltr'><strong>proficitur,</strong></span> <span class='ocrx_word' id='word_1_299' title='bbox 1786 2726 1922 2815; x_wconf 88' lang='lat' dir='ltr'><strong>integra</strong></span> <span class='ocrx_word' id='word_1_300' title='bbox 1944 2743 2103 2802; x_wconf 89' lang='lat' dir='ltr'><strong>veterum</strong></span> 
     </span>
     <span class='ocr_line' id='line_1_25' title="bbox 63 2800 2103 2923; baseline -0.001 -20"><span class='ocrx_word' id='word_1_301' title='bbox 63 2831 239 2904; x_wconf 84' lang='lat' dir='ltr'><strong>tissimam</strong></span> <span class='ocrx_word' id='word_1_302' title='bbox 272 2851 413 2911; x_wconf 86' lang='lat' dir='ltr'><strong>vocem,</strong></span> <span class='ocrx_word' id='word_1_303' title='bbox 452 2853 521 2923; x_wconf 92' lang='lat' dir='ltr'><strong>qua</strong></span> <span class='ocrx_word' id='word_1_304' title='bbox 553 2829 750 2919; x_wconf 83' lang='lat' dir='ltr'><strong>significant</strong></span> <span class='ocrx_word' id='word_1_305' title='bbox 778 2830 899 2899; x_wconf 90' lang='lat' dir='ltr'><strong>omnia</strong></span> <span class='ocrx_word' id='word_1_306' title='bbox 929 2800 1058 2898; x_wconf 75' lang='lat' dir='ltr'><strong>reciius</strong></span> <span class='ocrx_word' id='word_1_307' title='bbox 1112 2830 1440 2901; x_wconf 89' lang='lat' dir='ltr'><strong>lureconsultorum</strong></span> <span class='ocrx_word' id='word_1_308' title='bbox 1469 2830 1653 2898; x_wconf 88' lang='lat' dir='ltr'><strong>volumina</strong></span> <span class='ocrx_word' id='word_1_309' title='bbox 1676 2842 1804 2903; x_wconf 84' lang='lat' dir='ltr'><strong>extare.</strong></span> <span class='ocrx_word' id='word_1_310' title='bbox 1863 2827 1999 2900; x_wconf 84' lang='lat' dir='ltr'><strong>Verum</strong></span> <span class='ocrx_word' id='word_1_311' title='bbox 2021 2855 2103 2903; x_wconf 86' lang='lat' dir='ltr'><strong>cum</strong></span> 
     </span>
     <span class='ocr_line' id='line_1_26' title="bbox 64 2929 2103 3027; baseline -0 -22"><span class='ocrx_word' id='word_1_312' title='bbox 64 2932 282 3027; x_wconf 83' lang='lat' dir='ltr'><strong>perspexisse</strong></span> <span class='ocrx_word' id='word_1_313' title='bbox 302 2953 460 3000; x_wconf 89' lang='lat' dir='ltr'><strong>summos</strong></span> <span class='ocrx_word' id='word_1_314' title='bbox 483 2930 565 2999; x_wconf 93' lang='lat' dir='ltr'><strong>illos</strong></span> <span class='ocrx_word' id='word_1_315' title='bbox 586 2931 682 3000; x_wconf 88' lang='lat' dir='ltr'><strong>viros</strong></span> <span class='ocrx_word' id='word_1_316' title='bbox 704 2932 815 3001; x_wconf 91' lang='lat' dir='ltr'><strong>nostri</strong></span> <span class='ocrx_word' id='word_1_317' title='bbox 833 2931 920 3000; x_wconf 87' lang='lat' dir='ltr'><strong>iuris</strong></span> <span class='ocrx_word' id='word_1_318' title='bbox 937 2944 1058 3001; x_wconf 89' lang='lat' dir='ltr'><strong>aucto-</strong></span> <span class='ocrx_word' id='word_1_319' title='bbox 1112 2929 1197 3002; x_wconf 91' lang='lat' dir='ltr'><strong>haec</strong></span> <span class='ocrx_word' id='word_1_320' title='bbox 1221 2946 1360 3003; x_wconf 90' lang='lat' dir='ltr'><strong>tantum</strong></span> <span class='ocrx_word' id='word_1_321' title='bbox 1376 2931 1592 3021; x_wconf 83' lang='lat' dir='ltr'><strong>fragmenta,</strong></span> <span class='ocrx_word' id='word_1_322' title='bbox 1617 2931 1760 3001; x_wconf 90' lang='lat' dir='ltr'><strong>fortuna</strong></span> <span class='ocrx_word' id='word_1_323' title='bbox 1777 2931 1883 3000; x_wconf 87' lang='lat' dir='ltr'><strong>nobis</strong></span> <span class='ocrx_word' id='word_1_324' title='bbox 1900 2932 2035 3025; x_wconf 90' lang='lat' dir='ltr'><strong>reliqua</strong></span> <span class='ocrx_word' id='word_1_325' title='bbox 2050 2934 2103 3005; x_wconf 85' lang='lat' dir='ltr'><strong>le-</strong></span> 
     </span>
     <span class='ocr_line' id='line_1_27' title="bbox 66 3032 2103 3126; baseline -0.001 -20"><span class='ocrx_word' id='word_1_326' title='bbox 66 3060 136 3121; x_wconf 86' lang='lat' dir='ltr'><strong>res,</strong></span> <span class='ocrx_word' id='word_1_327' title='bbox 159 3049 198 3107; x_wconf 87' lang='lat' dir='ltr'><strong>et</strong></span> <span class='ocrx_word' id='word_1_328' title='bbox 214 3032 394 3103; x_wconf 88' lang='lat' dir='ltr'><strong>neminem</strong></span> <span class='ocrx_word' id='word_1_329' title='bbox 410 3033 494 3104; x_wconf 90' lang='lat' dir='ltr'><strong>satis</strong></span> <span class='ocrx_word' id='word_1_330' title='bbox 507 3033 718 3105; x_wconf 86' lang='lat' dir='ltr'><strong>instructum</strong></span> <span class='ocrx_word' id='word_1_331' title='bbox 733 3056 806 3103; x_wconf 90' lang='lat' dir='ltr'><strong>esse</strong></span> <span class='ocrx_word' id='word_1_332' title='bbox 820 3033 865 3102; x_wconf 78' lang='lat' dir='ltr'><strong>ael</strong></span> <span class='ocrx_word' id='word_1_333' title='bbox 879 3032 1057 3102; x_wconf 87' lang='lat' dir='ltr'><strong>civitatem</strong></span> <span class='ocrx_word' id='word_1_334' title='bbox 1111 3035 1215 3119; x_wconf 87' lang='lat' dir='ltr'><strong>cerit,</strong></span> <span class='ocrx_word' id='word_1_335' title='bbox 1240 3035 1389 3125; x_wconf 90' lang='lat' dir='ltr'><strong>impium</strong></span> <span class='ocrx_word' id='word_1_336' title='bbox 1413 3033 1538 3118; x_wconf 86' lang='lat' dir='ltr'><strong>luerit,</strong></span> <span class='ocrx_word' id='word_1_337' title='bbox 1563 3033 1661 3103; x_wconf 91' lang='lat' dir='ltr'><strong>velut</strong></span> <span class='ocrx_word' id='word_1_338' title='bbox 1684 3056 1726 3101; x_wconf 87' lang='lat' dir='ltr'><strong>ex</strong></span> <span class='ocrx_word' id='word_1_339' title='bbox 1747 3033 1930 3123; x_wconf 88' lang='lat' dir='ltr'><strong>naufragio</strong></span> <span class='ocrx_word' id='word_1_340' title='bbox 1953 3036 2103 3126; x_wconf 89' lang='lat' dir='ltr'><strong>receptis</strong></span> 
     </span>
     <span class='ocr_line' id='line_1_28' title="bbox 63 3130 2102 3230; baseline -0.001 -22"><span class='ocrx_word' id='word_1_341' title='bbox 63 3139 275 3230; x_wconf 83' lang='lat' dir='ltr'><strong>regendam,</strong></span> <span class='ocrx_word' id='word_1_342' title='bbox 307 3135 371 3228; x_wconf 93' lang='lat' dir='ltr'><strong>qui</strong></span> <span class='ocrx_word' id='word_1_343' title='bbox 399 3158 473 3204; x_wconf 92' lang='lat' dir='ltr'><strong>non</strong></span> <span class='ocrx_word' id='word_1_344' title='bbox 502 3136 540 3203; x_wconf 93' lang='lat' dir='ltr'><strong>in</strong></span> <span class='ocrx_word' id='word_1_345' title='bbox 572 3130 627 3203; x_wconf 91' lang='lat' dir='ltr'><strong>bis</strong></span> <span class='ocrx_word' id='word_1_346' title='bbox 651 3135 902 3224; x_wconf 79' lang='lat' dir='ltr'><strong>cognoscendis</strong></span> <span class='ocrx_word' id='word_1_347' title='bbox 926 3135 1058 3229; x_wconf 87' lang='lat' dir='ltr'><strong>tyroci-</strong></span> <span class='ocrx_word' id='word_1_348' title='bbox 1110 3133 1327 3227; x_wconf 91' lang='lat' dir='ltr'><strong>hospitibus,</strong></span> <span class='ocrx_word' id='word_1_349' title='bbox 1351 3136 1457 3205; x_wconf 90' lang='lat' dir='ltr'><strong>vitam</strong></span> <span class='ocrx_word' id='word_1_350' title='bbox 1475 3136 1652 3218; x_wconf 84' lang='lat' dir='ltr'><strong>invidere,</strong></span> <span class='ocrx_word' id='word_1_351' title='bbox 1680 3135 1881 3224; x_wconf 88' lang='lat' dir='ltr'><strong>praesertim</strong></span> <span class='ocrx_word' id='word_1_352' title='bbox 1898 3160 1972 3205; x_wconf 92' lang='lat' dir='ltr'><strong>non</strong></span> <span class='ocrx_word' id='word_1_353' title='bbox 1988 3137 2102 3207; x_wconf 89' lang='lat' dir='ltr'><strong>malis.</strong></span> 
     </span>
     <span class='ocr_line' id='line_1_29' title="bbox 61 3232 2102 3333; baseline -0.001 -22"><span class='ocrx_word' id='word_1_354' title='bbox 61 3241 164 3311; x_wconf 90' lang='lat' dir='ltr'><strong>nium</strong></span> <span class='ocrx_word' id='word_1_355' title='bbox 185 3236 319 3308; x_wconf 83' lang='lat' dir='ltr'><strong>iecerit.</strong></span> <span class='ocrx_word' id='word_1_356' title='bbox 374 3234 470 3325; x_wconf 89' lang='lat' dir='ltr'><strong>Quid</strong></span> <span class='ocrx_word' id='word_1_357' title='bbox 494 3238 589 3330; x_wconf 93' lang='lat' dir='ltr'><strong>quod</strong></span> <span class='ocrx_word' id='word_1_358' title='bbox 608 3237 646 3305; x_wconf 94' lang='lat' dir='ltr'><strong>in</strong></span> <span class='ocrx_word' id='word_1_359' title='bbox 664 3232 720 3305; x_wconf 93' lang='lat' dir='ltr'><strong>his</strong></span> <span class='ocrx_word' id='word_1_360' title='bbox 736 3237 1056 3307; x_wconf 84' lang='lat' dir='ltr'><strong>iureconsultomm</strong></span> <span class='ocrx_word' id='word_1_361' title='bbox 1111 3238 1200 3309; x_wconf 90' lang='lat' dir='ltr'><strong>Nam</strong></span> <span class='ocrx_word' id='word_1_362' title='bbox 1236 3241 1299 3333; x_wconf 90' lang='lat' dir='ltr'><strong>qui</strong></span> <span class='ocrx_word' id='word_1_363' title='bbox 1332 3233 1419 3307; x_wconf 91' lang='lat' dir='ltr'><strong>haec</strong></span> <span class='ocrx_word' id='word_1_364' title='bbox 1448 3237 1760 3320; x_wconf 88' lang='lat' dir='ltr'><strong>consarcinarunt,</strong></span> <span class='ocrx_word' id='word_1_365' title='bbox 1801 3237 1954 3326; x_wconf 89' lang='lat' dir='ltr'><strong>integras</strong></span> <span class='ocrx_word' id='word_1_366' title='bbox 1984 3251 2102 3308; x_wconf 90' lang='lat' dir='ltr'><strong>tamen</strong></span> 
     </span>
     <span class='ocr_line' id='line_1_30' title="bbox 62 3337 2102 3432; baseline -0.001 -21"><span class='ocrx_word' id='word_1_367' title='bbox 62 3341 177 3414; x_wconf 92' lang='lat' dir='ltr'><strong>literis</strong></span> <span class='ocrx_word' id='word_1_368' title='bbox 193 3342 289 3410; x_wconf 90' lang='lat' dir='ltr'><strong>bona</strong></span> <span class='ocrx_word' id='word_1_369' title='bbox 306 3361 387 3430; x_wconf 90' lang='lat' dir='ltr'><strong>pars</strong></span> <span class='ocrx_word' id='word_1_370' title='bbox 404 3339 624 3431; x_wconf 89' lang='lat' dir='ltr'><strong>antiquitatis</strong></span> <span class='ocrx_word' id='word_1_371' title='bbox 640 3339 776 3432; x_wconf 92' lang='lat' dir='ltr'><strong>reliqua</strong></span> <span class='ocrx_word' id='word_1_372' title='bbox 792 3340 868 3410; x_wconf 82' lang='lat' dir='ltr'><strong>est?</strong></span> <span class='ocrx_word' id='word_1_373' title='bbox 912 3337 1057 3408; x_wconf 88' lang='lat' dir='ltr'><strong>Veteres</strong></span> <span class='ocrx_word' id='word_1_374' title='bbox 1109 3342 1301 3410; x_wconf 90' lang='lat' dir='ltr'><strong>sententias</strong></span> <span class='ocrx_word' id='word_1_375' title='bbox 1320 3340 1447 3423; x_wconf 80' lang='lat' dir='ltr'><strong>nobis,</strong></span> <span class='ocrx_word' id='word_1_376' title='bbox 1471 3350 1507 3408; x_wconf 90' lang='lat' dir='ltr'><strong>et</strong></span> <span class='ocrx_word' id='word_1_377' title='bbox 1527 3340 1644 3429; x_wconf 90' lang='lat' dir='ltr'><strong>legum</strong></span> <span class='ocrx_word' id='word_1_378' title='bbox 1667 3338 1799 3428; x_wconf 88' lang='lat' dir='ltr'><strong>capita,</strong></span> <span class='ocrx_word' id='word_1_379' title='bbox 1825 3353 1997 3429; x_wconf 91' lang='lat' dir='ltr'><strong>quantum</strong></span> <span class='ocrx_word' id='word_1_380' title='bbox 2018 3341 2102 3409; x_wconf 89' lang='lat' dir='ltr'><strong>satis</strong></span> 
     </span>
     <span class='ocr_line' id='line_1_31' title="bbox 61 3437 2102 3533; baseline -0.002 -19"><span class='ocrx_word' id='word_1_381' title='bbox 61 3468 199 3527; x_wconf 90' lang='lat' dir='ltr'><strong>mores,</strong></span> <span class='ocrx_word' id='word_1_382' title='bbox 224 3441 399 3512; x_wconf 89' lang='lat' dir='ltr'><strong>sermonis</strong></span> <span class='ocrx_word' id='word_1_383' title='bbox 413 3438 570 3512; x_wconf 90' lang='lat' dir='ltr'><strong>Romani</strong></span> <span class='ocrx_word' id='word_1_384' title='bbox 589 3440 775 3533; x_wconf 89' lang='lat' dir='ltr'><strong>pleraeque</strong></span> <span class='ocrx_word' id='word_1_385' title='bbox 792 3441 940 3528; x_wconf 87' lang='lat' dir='ltr'><strong>figurae,</strong></span> <span class='ocrx_word' id='word_1_386' title='bbox 970 3461 1057 3531; x_wconf 91' lang='lat' dir='ltr'><strong>quas</strong></span> <span class='ocrx_word' id='word_1_387' title='bbox 1110 3456 1201 3520; x_wconf 92' lang='lat' dir='ltr'><strong>erat,</strong></span> <span class='ocrx_word' id='word_1_388' title='bbox 1228 3442 1462 3511; x_wconf 88' lang='lat' dir='ltr'><strong>tradiderunt.</strong></span> <span class='ocrx_word' id='word_1_389' title='bbox 1515 3437 1569 3508; x_wconf 91' lang='lat' dir='ltr'><strong>De</strong></span> <span class='ocrx_word' id='word_1_390' title='bbox 1590 3438 1739 3527; x_wconf 90' lang='lat' dir='ltr'><strong>singulis</strong></span> <span class='ocrx_word' id='word_1_391' title='bbox 1762 3439 1901 3507; x_wconf 89' lang='lat' dir='ltr'><strong>casibus</strong></span> <span class='ocrx_word' id='word_1_392' title='bbox 1921 3441 2025 3509; x_wconf 86' lang='lat' dir='ltr'><strong>anxie</strong></span> <span class='ocrx_word' id='word_1_393' title='bbox 2040 3465 2102 3509; x_wconf 88' lang='lat' dir='ltr'><strong>su-</strong></span> 
     </span>
     <span class='ocr_line' id='line_1_32' title="bbox 63 3534 2211 3635; baseline -0 -20"><span class='ocrx_word' id='word_1_394' title='bbox 63 3547 133 3615; x_wconf 88' lang='lat' dir='ltr'><strong>nisi</strong></span> <span class='ocrx_word' id='word_1_395' title='bbox 155 3541 196 3614; x_wconf 92' lang='lat' dir='ltr'><strong>bi</strong></span> <span class='ocrx_word' id='word_1_396' title='bbox 220 3542 453 3634; x_wconf 84' lang='lat' dir='ltr'><strong>explicarent,</strong></span> <span class='ocrx_word' id='word_1_397' title='bbox 479 3542 516 3609; x_wconf 91' lang='lat' dir='ltr'><strong>in</strong></span> <span class='ocrx_word' id='word_1_398' title='bbox 539 3542 617 3610; x_wconf 89' lang='lat' dir='ltr'><strong>aliis</strong></span> <span class='ocrx_word' id='word_1_399' title='bbox 636 3542 868 3633; x_wconf 90' lang='lat' dir='ltr'><strong>scriptoribus</strong></span> <span class='ocrx_word' id='word_1_400' title='bbox 886 3564 1056 3610; x_wconf 91' lang='lat' dir='ltr'><strong>nonnun·</strong></span> <span class='ocrx_word' id='word_1_401' title='bbox 1110 3543 1378 3635; x_wconf 89' lang='lat' dir='ltr'><strong>perstitioseque</strong></span> <span class='ocrx_word' id='word_1_402' title='bbox 1407 3541 1620 3611; x_wconf 90' lang='lat' dir='ltr'><strong>constituere</strong></span> <span class='ocrx_word' id='word_1_403' title='bbox 1647 3534 1742 3608; x_wconf 91' lang='lat' dir='ltr'><strong>nihil</strong></span> <span class='ocrx_word' id='word_1_404' title='bbox 1772 3540 1897 3625; x_wconf 83' lang='lat' dir='ltr'><strong>refert,</strong></span> <span class='ocrx_word' id='word_1_405' title='bbox 1936 3542 2020 3610; x_wconf 88' lang='lat' dir='ltr'><strong>satis</strong></span> <span class='ocrx_word' id='word_1_406' title='bbox 2050 3556 2101 3615; x_wconf 91' lang='lat' dir='ltr'><strong>est</strong></span> <span class='ocrx_word' id='word_1_407' title='bbox 2205 3569 2211 3577; x_wconf 95' lang='lat'>·</span> 
     </span>
     <span class='ocr_line' id='line_1_33' title="bbox 64 3640 2101 3743; baseline -0 -28"><span class='ocrx_word' id='word_1_408' title='bbox 64 3671 174 3743; x_wconf 88' lang='lat' dir='ltr'><strong>quam</strong></span> <span class='ocrx_word' id='word_1_409' title='bbox 200 3669 275 3715; x_wconf 93' lang='lat' dir='ltr'><strong>non</strong></span> <span class='ocrx_word' id='word_1_410' title='bbox 298 3643 402 3713; x_wconf 90' lang='lat' dir='ltr'><strong>aliter</strong></span> <span class='ocrx_word' id='word_1_411' title='bbox 422 3656 528 3738; x_wconf 79' lang='lat' dir='ltr'><strong>etque</strong></span> <span class='ocrx_word' id='word_1_412' title='bbox 550 3644 588 3711; x_wconf 93' lang='lat' dir='ltr'><strong>in</strong></span> <span class='ocrx_word' id='word_1_413' title='bbox 612 3644 687 3714; x_wconf 92' lang='lat' dir='ltr'><strong>luto</strong></span> <span class='ocrx_word' id='word_1_414' title='bbox 712 3640 956 3728; x_wconf 90' lang='lat' dir='ltr'><strong>haereremus,</strong></span> <span class='ocrx_word' id='word_1_415' title='bbox 991 3667 1057 3712; x_wconf 91' lang='lat' dir='ltr'><strong>nec</strong></span> <span class='ocrx_word' id='word_1_416' title='bbox 1109 3669 1235 3735; x_wconf 87' lang='lat' dir='ltr'><strong>genera</strong></span> <span class='ocrx_word' id='word_1_417' title='bbox 1266 3667 1386 3714; x_wconf 89' lang='lat' dir='ltr'><strong>rerum</strong></span> <span class='ocrx_word' id='word_1_418' title='bbox 1418 3654 1454 3713; x_wconf 90' lang='lat' dir='ltr'><strong>et</strong></span> <span class='ocrx_word' id='word_1_419' title='bbox 1482 3664 1687 3712; x_wconf 88' lang='lat' dir='ltr'><strong>communes</strong></span> <span class='ocrx_word' id='word_1_420' title='bbox 1719 3643 1888 3735; x_wconf 88' lang='lat' dir='ltr'><strong>quasdam</strong></span> <span class='ocrx_word' id='word_1_421' title='bbox 1916 3642 2101 3732; x_wconf 82' lang='lat' dir='ltr'><strong>formulas,</strong></span> 
     </span>
     <span class='ocr_line' id='line_1_34' title="bbox 64 3743 2101 3840; baseline -0.002 -21"><span class='ocrx_word' id='word_1_422' title='bbox 64 3748 216 3838; x_wconf 82' lang='lat' dir='ltr'><strong>intelligi</strong></span> <span class='ocrx_word' id='word_1_423' title='bbox 244 3747 462 3838; x_wconf 88' lang='lat' dir='ltr'><strong>optimorum</strong></span> <span class='ocrx_word' id='word_1_424' title='bbox 492 3761 674 3816; x_wconf 90' lang='lat' dir='ltr'><strong>auctorum</strong></span> <span class='ocrx_word' id='word_1_425' title='bbox 709 3746 869 3840; x_wconf 89' lang='lat' dir='ltr'><strong>plerique</strong></span> <span class='ocrx_word' id='word_1_426' title='bbox 900 3745 1056 3834; x_wconf 90' lang='lat' dir='ltr'><strong>insignes</strong></span> <span class='ocrx_word' id='word_1_427' title='bbox 1109 3747 1408 3840; x_wconf 90' lang='lat' dir='ltr'><strong>quemadmodum</strong></span> <span class='ocrx_word' id='word_1_428' title='bbox 1424 3746 1463 3813; x_wconf 93' lang='lat' dir='ltr'><strong>in</strong></span> <span class='ocrx_word' id='word_1_429' title='bbox 1477 3744 1556 3813; x_wconf 91' lang='lat' dir='ltr'><strong>aliis</strong></span> <span class='ocrx_word' id='word_1_430' title='bbox 1568 3745 1606 3816; x_wconf 87' lang='lat' dir='ltr'><strong>lit</strong></span> <span class='ocrx_word' id='word_1_431' title='bbox 1620 3745 1776 3830; x_wconf 88' lang='lat' dir='ltr'><strong>artibus,</strong></span> <span class='ocrx_word' id='word_1_432' title='bbox 1796 3743 1993 3837; x_wconf 89' lang='lat' dir='ltr'><strong>concipere,</strong></span> <span class='ocrx_word' id='word_1_433' title='bbox 2020 3748 2101 3840; x_wconf 91' lang='lat' dir='ltr'><strong>qui-</strong></span> 
     </span>
     <span class='ocr_line' id='line_1_35' title="bbox 62 3841 2100 3943; baseline -0.003 -21"><span class='ocrx_word' id='word_1_434' title='bbox 62 3850 134 3922; x_wconf 92' lang='lat' dir='ltr'><strong>loci</strong></span> <span class='ocrx_word' id='word_1_435' title='bbox 157 3862 314 3943; x_wconf 89' lang='lat' dir='ltr'><strong>possent.</strong></span> <span class='ocrx_word' id='word_1_436' title='bbox 366 3846 474 3936; x_wconf 83' lang='lat' dir='ltr'><strong>Quod</strong></span> <span class='ocrx_word' id='word_1_437' title='bbox 498 3848 529 3915; x_wconf 89' lang='lat' dir='ltr'><strong>si</strong></span> <span class='ocrx_word' id='word_1_438' title='bbox 551 3841 719 3933; x_wconf 88' lang='lat' dir='ltr'><strong>historia,</strong></span> <span class='ocrx_word' id='word_1_439' title='bbox 745 3850 775 3917; x_wconf 91' lang='lat' dir='ltr'><strong>si</strong></span> <span class='ocrx_word' id='word_1_440' title='bbox 791 3849 881 3918; x_wconf 90' lang='lat' dir='ltr'><strong>aliae</strong></span> <span class='ocrx_word' id='word_1_441' title='bbox 896 3861 1054 3917; x_wconf 89' lang='lat' dir='ltr'><strong>veterum</strong></span> <span class='ocrx_word' id='word_1_442' title='bbox 1111 3854 1175 3919; x_wconf 90' lang='lat' dir='ltr'><strong>bus</strong></span> <span class='ocrx_word' id='word_1_443' title='bbox 1197 3849 1327 3918; x_wconf 89' lang='lat' dir='ltr'><strong>similia</strong></span> <span class='ocrx_word' id='word_1_444' title='bbox 1349 3849 1443 3918; x_wconf 90' lang='lat' dir='ltr'><strong>inter</strong></span> <span class='ocrx_word' id='word_1_445' title='bbox 1461 3870 1498 3915; x_wconf 90' lang='lat' dir='ltr'><strong>se</strong></span> <span class='ocrx_word' id='word_1_446' title='bbox 1519 3846 1611 3917; x_wconf 88' lang='lat' dir='ltr'><strong>facta</strong></span> <span class='ocrx_word' id='word_1_447' title='bbox 1626 3846 1834 3932; x_wconf 85' lang='lat' dir='ltr'><strong>metiamur,</strong></span> <span class='ocrx_word' id='word_1_448' title='bbox 1859 3870 1924 3931; x_wconf 90' lang='lat' dir='ltr'><strong>ne,</strong></span> <span class='ocrx_word' id='word_1_449' title='bbox 1945 3848 1975 3915; x_wconf 93' lang='lat' dir='ltr'><strong>si</strong></span> <span class='ocrx_word' id='word_1_450' title='bbox 1989 3872 2044 3916; x_wconf 91' lang='lat' dir='ltr'><strong>res</strong></span> <span class='ocrx_word' id='word_1_451' title='bbox 2061 3848 2100 3916; x_wconf 93' lang='lat' dir='ltr'><strong>in</strong></span> 
     </span>
     <span class='ocr_line' id='line_1_36' title="bbox 61 3945 2099 4041; baseline -0.003 -17"><span class='ocrx_word' id='word_1_452' title='bbox 61 3955 187 4025; x_wconf 88' lang='lat' dir='ltr'><strong>literae</strong></span> <span class='ocrx_word' id='word_1_453' title='bbox 201 3952 324 4035; x_wconf 87' lang='lat' dir='ltr'><strong>nobis,</strong></span> <span class='ocrx_word' id='word_1_454' title='bbox 349 3963 389 4020; x_wconf 92' lang='lat' dir='ltr'><strong>ut</strong></span> <span class='ocrx_word' id='word_1_455' title='bbox 401 3950 549 4033; x_wconf 89' lang='lat' dir='ltr'><strong>debent,</strong></span> <span class='ocrx_word' id='word_1_456' title='bbox 575 3975 679 4020; x_wconf 91' lang='lat' dir='ltr'><strong>curae</strong></span> <span class='ocrx_word' id='word_1_457' title='bbox 693 3964 786 4031; x_wconf 91' lang='lat' dir='ltr'><strong>sunt,</strong></span> <span class='ocrx_word' id='word_1_458' title='bbox 809 3976 889 4019; x_wconf 90' lang='lat' dir='ltr'><strong>cum</strong></span> <span class='ocrx_word' id='word_1_459' title='bbox 904 3945 961 4017; x_wconf 91' lang='lat' dir='ltr'><strong>his</strong></span> <span class='ocrx_word' id='word_1_460' title='bbox 977 3973 1056 4039; x_wconf 90' lang='lat' dir='ltr'><strong>pas-</strong></span> <span class='ocrx_word' id='word_1_461' title='bbox 1110 3953 1321 4020; x_wconf 90' lang='lat' dir='ltr'><strong>immensum</strong></span> <span class='ocrx_word' id='word_1_462' title='bbox 1346 3961 1495 4032; x_wconf 87' lang='lat' dir='ltr'><strong>creseat,</strong></span> <span class='ocrx_word' id='word_1_463' title='bbox 1525 3947 1821 4041; x_wconf 71' lang='lat' dir='ltr'><strong>nemo‘consequi</strong></span> <span class='ocrx_word' id='word_1_464' title='bbox 1843 3949 1964 4041; x_wconf 90' lang='lat' dir='ltr'><strong>possit.</strong></span> <span class='ocrx_word' id='word_1_465' title='bbox 2024 3947 2099 4020; x_wconf 90' lang='lat' dir='ltr'><strong>De-</strong></span> 
     </span>
     <span class='ocr_line' id='line_1_37' title="bbox 62 4046 2100 4143; baseline -0.002 -18"><span class='ocrx_word' id='word_1_466' title='bbox 62 4057 129 4126; x_wconf 89' lang='lat' dir='ltr'><strong>sim</strong></span> <span class='ocrx_word' id='word_1_467' title='bbox 153 4056 270 4125; x_wconf 90' lang='lat' dir='ltr'><strong>lucem</strong></span> <span class='ocrx_word' id='word_1_468' title='bbox 292 4053 454 4123; x_wconf 82' lang='lat' dir='ltr'><strong>adierant</strong></span> <span class='ocrx_word' id='word_1_469' title='bbox 471 4048 724 4138; x_wconf 82' lang='lat' dir='ltr'><strong>iureconsulti,</strong></span> <span class='ocrx_word' id='word_1_470' title='bbox 749 4053 805 4121; x_wconf 90' lang='lat' dir='ltr'><strong>vel</strong></span> <span class='ocrx_word' id='word_1_471' title='bbox 828 4049 1055 4121; x_wconf 89' lang='lat' dir='ltr'><strong>aGramma-</strong></span> <span class='ocrx_word' id='word_1_472' title='bbox 1109 4056 1191 4121; x_wconf 91' lang='lat' dir='ltr'><strong>inde</strong></span> <span class='ocrx_word' id='word_1_473' title='bbox 1214 4054 1252 4122; x_wconf 93' lang='lat' dir='ltr'><strong>in</strong></span> <span class='ocrx_word' id='word_1_474' title='bbox 1276 4053 1412 4143; x_wconf 91' lang='lat' dir='ltr'><strong>legibus</strong></span> <span class='ocrx_word' id='word_1_475' title='bbox 1436 4050 1604 4121; x_wconf 91' lang='lat' dir='ltr'><strong>omnibus</strong></span> <span class='ocrx_word' id='word_1_476' title='bbox 1626 4072 1682 4119; x_wconf 90' lang='lat' dir='ltr'><strong>res</strong></span> <span class='ocrx_word' id='word_1_477' title='bbox 1703 4046 1796 4138; x_wconf 87' lang='lat' dir='ltr'><strong>cogit</strong></span> <span class='ocrx_word' id='word_1_478' title='bbox 1809 4049 2017 4119; x_wconf 91' lang='lat' dir='ltr'><strong>brevitatem</strong></span> <span class='ocrx_word' id='word_1_479' title='bbox 2034 4052 2100 4121; x_wconf 93' lang='lat' dir='ltr'><strong>ad-</strong></span> 
     </span>
     <span class='ocr_line' id='line_1_38' title="bbox 62 4149 2099 4248; baseline -0.003 -19"><span class='ocrx_word' id='word_1_480' title='bbox 62 4159 141 4229; x_wconf 84' lang='lat' dir='ltr'><strong>ticis</strong></span> <span class='ocrx_word' id='word_1_481' title='bbox 161 4171 197 4227; x_wconf 93' lang='lat' dir='ltr'><strong>et</strong></span> <span class='ocrx_word' id='word_1_482' title='bbox 210 4150 432 4230; x_wconf 84' lang='lat' dir='ltr'><strong>Rhetoribus</strong></span> <span class='ocrx_word' id='word_1_483' title='bbox 451 4177 573 4222; x_wconf 88' lang='lat' dir='ltr'><strong>corum</strong></span> <span class='ocrx_word' id='word_1_484' title='bbox 588 4155 860 4224; x_wconf 89' lang='lat' dir='ltr'><strong>commentarios</strong></span> <span class='ocrx_word' id='word_1_485' title='bbox 876 4154 1054 4222; x_wconf 89' lang='lat' dir='ltr'><strong>adservari</strong></span> <span class='ocrx_word' id='word_1_486' title='bbox 1108 4157 1257 4238; x_wconf 88' lang='lat' dir='ltr'><strong>sectare,</strong></span> <span class='ocrx_word' id='word_1_487' title='bbox 1281 4169 1321 4224; x_wconf 95' lang='lat' dir='ltr'><strong>ut</strong></span> <span class='ocrx_word' id='word_1_488' title='bbox 1340 4153 1469 4223; x_wconf 89' lang='lat' dir='ltr'><strong>animis</strong></span> <span class='ocrx_word' id='word_1_489' title='bbox 1491 4149 1632 4222; x_wconf 88' lang='lat' dir='ltr'><strong>lacilius</strong></span> <span class='ocrx_word' id='word_1_490' title='bbox 1654 4150 1754 4241; x_wconf 85' lang='lat' dir='ltr'><strong>infigi</strong></span> <span class='ocrx_word' id='word_1_491' title='bbox 1776 4152 1913 4242; x_wconf 83' lang='lat' dir='ltr'><strong>possint</strong></span> <span class='ocrx_word' id='word_1_492' title='bbox 1929 4165 2099 4248; x_wconf 90' lang='lat' dir='ltr'><strong>tanquam</strong></span> 
     </span>
     <span class='ocr_line' id='line_1_39' title="bbox 63 4251 1536 4354; baseline -0.005 -23"><span class='ocrx_word' id='word_1_493' title='bbox 63 4272 255 4354; x_wconf 89' lang='lat' dir='ltr'><strong>oporteret.</strong></span> <span class='ocrx_word' id='word_1_494' title='bbox 304 4254 429 4349; x_wconf 89' lang='lat' dir='ltr'><strong>ltaque</strong></span> <span class='ocrx_word' id='word_1_495' title='bbox 453 4255 524 4324; x_wconf 89' lang='lat' dir='ltr'><strong>nisi</strong></span> <span class='ocrx_word' id='word_1_496' title='bbox 544 4256 652 4327; x_wconf 89' lang='lat' dir='ltr'><strong>simul</strong></span> <span class='ocrx_word' id='word_1_497' title='bbox 667 4257 834 4327; x_wconf 90' lang='lat' dir='ltr'><strong>omnibus</strong></span> <span class='ocrx_word' id='word_1_498' title='bbox 851 4256 963 4326; x_wconf 91' lang='lat' dir='ltr'><strong>literis</strong></span> <span class='ocrx_word' id='word_1_499' title='bbox 979 4256 1055 4324; x_wconf 89' lang='lat' dir='ltr'><strong>bel·</strong></span> <span class='ocrx_word' id='word_1_500' title='bbox 1110 4257 1228 4327; x_wconf 90' lang='lat' dir='ltr'><strong>brevia</strong></span> <span class='ocrx_word' id='word_1_501' title='bbox 1244 4251 1536 4354; x_wconf 75' lang='grc' dir='ltr'><strong>ἀποφθέγματα.</strong></span> 
     </span>
    </p>

    <p class='ocr_par' dir='ltr' id='par_1_5' title="bbox 10 4353 2186 5669">
     <span class='ocr_line' id='line_1_40' title="bbox 62 4353 2098 4448; baseline -0.004 -15"><span class='ocrx_word' id='word_1_502' title='bbox 62 4364 137 4433; x_wconf 90' lang='lat' dir='ltr'><strong>lum</strong></span> <span class='ocrx_word' id='word_1_503' title='bbox 162 4361 380 4444; x_wconf 91' lang='lat' dir='ltr'><strong>indicemus,</strong></span> <span class='ocrx_word' id='word_1_504' title='bbox 407 4373 442 4430; x_wconf 91' lang='lat' dir='ltr'><strong>et</strong></span> <span class='ocrx_word' id='word_1_505' title='bbox 458 4356 562 4448; x_wconf 89' lang='lat' dir='ltr'><strong>plane</strong></span> <span class='ocrx_word' id='word_1_506' title='bbox 580 4358 619 4426; x_wconf 93' lang='lat' dir='ltr'><strong>in</strong></span> <span class='ocrx_word' id='word_1_507' title='bbox 634 4360 756 4428; x_wconf 90' lang='lat' dir='ltr'><strong>beluas</strong></span> <span class='ocrx_word' id='word_1_508' title='bbox 773 4361 982 4447; x_wconf 89' lang='lat' dir='ltr'><strong>degenerare</strong></span> <span class='ocrx_word' id='word_1_509' title='bbox 999 4357 1053 4426; x_wconf 90' lang='lat' dir='ltr'><strong>iu·</strong></span> <span class='ocrx_word' id='word_1_510' title='bbox 1210 4357 1280 4429; x_wconf 89' lang='lat' dir='ltr'><strong>Sed</strong></span> <span class='ocrx_word' id='word_1_511' title='bbox 1296 4357 1517 4448; x_wconf 90' lang='lat' dir='ltr'><strong>ogganniunt</strong></span> <span class='ocrx_word' id='word_1_512' title='bbox 1528 4353 1733 4437; x_wconf 87' lang='lat' dir='ltr'><strong>adversarii,</strong></span> <span class='ocrx_word' id='word_1_513' title='bbox 1754 4355 1880 4426; x_wconf 89' lang='lat' dir='ltr'><strong>obruta</strong></span> <span class='ocrx_word' id='word_1_514' title='bbox 1895 4354 2098 4424; x_wconf 86' lang='lat' dir='ltr'><strong>esseomnia</strong></span> 
     </span>
     <span class='ocr_line' id='line_1_41' title="bbox 63 4456 2098 4553; baseline -0.006 -17"><span class='ocrx_word' id='word_1_515' title='bbox 63 4464 182 4548; x_wconf 81' lang='lat' dir='ltr'><strong>rabit,</strong></span> <span class='ocrx_word' id='word_1_516' title='bbox 212 4486 288 4533; x_wconf 91' lang='lat' dir='ltr'><strong>non</strong></span> <span class='ocrx_word' id='word_1_517' title='bbox 317 4461 593 4553; x_wconf 89' lang='lat' dir='ltr'><strong>permittendum</strong></span> <span class='ocrx_word' id='word_1_518' title='bbox 625 4474 693 4543; x_wconf 88' lang='lat' dir='ltr'><strong>est,</strong></span> <span class='ocrx_word' id='word_1_519' title='bbox 729 4476 770 4531; x_wconf 91' lang='lat' dir='ltr'><strong>ut</strong></span> <span class='ocrx_word' id='word_1_520' title='bbox 797 4462 868 4531; x_wconf 90' lang='lat' dir='ltr'><strong>situ</strong></span> <span class='ocrx_word' id='word_1_521' title='bbox 892 4485 931 4528; x_wconf 93' lang='lat' dir='ltr'><strong>ac</strong></span> <span class='ocrx_word' id='word_1_522' title='bbox 955 4459 1054 4528; x_wconf 90' lang='lat' dir='ltr'><strong>senio</strong></span> <span class='ocrx_word' id='word_1_523' title='bbox 1109 4475 1142 4531; x_wconf 91' lang='lat' dir='ltr'><strong>et</strong></span> <span class='ocrx_word' id='word_1_524' title='bbox 1164 4472 1394 4551; x_wconf 89' lang='lat' dir='ltr'><strong>conspurcata</strong></span> <span class='ocrx_word' id='word_1_525' title='bbox 1410 4457 1563 4529; x_wconf 88' lang='lat' dir='ltr'><strong>sordidis</strong></span> <span class='ocrx_word' id='word_1_526' title='bbox 1577 4456 1809 4546; x_wconf 86' lang='lat' dir='ltr'><strong>interpretum</strong></span> <span class='ocrx_word' id='word_1_527' title='bbox 1826 4456 2098 4527; x_wconf 90' lang='lat' dir='ltr'><strong>commentariis.</strong></span> 
     </span>
     <span class='ocr_line' id='line_1_42' title="bbox 61 4558 2097 4653; baseline -0.007 -14"><span class='ocrx_word' id='word_1_528' title='bbox 61 4562 247 4641; x_wconf 78' lang='lat' dir='ltr'><strong>Romanae</strong></span> <span class='ocrx_word' id='word_1_529' title='bbox 273 4565 366 4653; x_wconf 91' lang='lat' dir='ltr'><strong>leges</strong></span> <span class='ocrx_word' id='word_1_530' title='bbox 389 4559 619 4634; x_wconf 89' lang='lat' dir='ltr'><strong>emoriantur.</strong></span> <span class='ocrx_word' id='word_1_531' title='bbox 670 4561 853 4650; x_wconf 87' lang='lat' dir='ltr'><strong>Quosdam</strong></span> <span class='ocrx_word' id='word_1_532' title='bbox 878 4562 1053 4630; x_wconf 92' lang='lat' dir='ltr'><strong>nobilium</strong></span> <span class='ocrx_word' id='word_1_533' title='bbox 1108 4559 1183 4651; x_wconf 84' lang='lat' dir='ltr'><strong>Ego</strong></span> <span class='ocrx_word' id='word_1_534' title='bbox 1205 4587 1290 4631; x_wconf 89' lang='lat' dir='ltr'><strong>vero</strong></span> <span class='ocrx_word' id='word_1_535' title='bbox 1313 4560 1487 4633; x_wconf 86' lang='lat' dir='ltr'><strong>Romanis</strong></span> <span class='ocrx_word' id='word_1_536' title='bbox 1510 4560 1646 4647; x_wconf 88' lang='lat' dir='ltr'><strong>legibus</strong></span> <span class='ocrx_word' id='word_1_537' title='bbox 1668 4558 1887 4649; x_wconf 90' lang='lat' dir='ltr'><strong>patrocinor,</strong></span> <span class='ocrx_word' id='word_1_538' title='bbox 1913 4581 1988 4625; x_wconf 92' lang='lat' dir='ltr'><strong>non</strong></span> <span class='ocrx_word' id='word_1_539' title='bbox 2009 4580 2097 4625; x_wconf 88' lang='lat' dir='ltr'><strong>nco-</strong></span> 
     </span>
     <span class='ocr_line' id='line_1_43' title="bbox 62 4659 2098 4758; baseline -0.006 -17"><span class='ocrx_word' id='word_1_540' title='bbox 62 4669 208 4741; x_wconf 85' lang='lat' dir='ltr'><strong>trrbium</strong></span> <span class='ocrx_word' id='word_1_541' title='bbox 239 4666 417 4757; x_wconf 87' lang='lat' dir='ltr'><strong>picturae,</strong></span> <span class='ocrx_word' id='word_1_542' title='bbox 450 4665 620 4758; x_wconf 90' lang='lat' dir='ltr'><strong>quosdam</strong></span> <span class='ocrx_word' id='word_1_543' title='bbox 652 4687 848 4743; x_wconf 90' lang='lat' dir='ltr'><strong>marmora,</strong></span> <span class='ocrx_word' id='word_1_544' title='bbox 882 4665 1054 4758; x_wconf 91' lang='lat' dir='ltr'><strong>quosdam</strong></span> <span class='ocrx_word' id='word_1_545' title='bbox 1109 4665 1225 4734; x_wconf 88' lang='lat' dir='ltr'><strong>terieis</strong></span> <span class='ocrx_word' id='word_1_546' title='bbox 1240 4663 1505 4753; x_wconf 88' lang='lat' dir='ltr'><strong>interpretibus:</strong></span> <span class='ocrx_word' id='word_1_547' title='bbox 1531 4685 1697 4754; x_wconf 91' lang='lat' dir='ltr'><strong>quorum,</strong></span> <span class='ocrx_word' id='word_1_548' title='bbox 1723 4659 1751 4728; x_wconf 93' lang='lat' dir='ltr'><strong>si</strong></span> <span class='ocrx_word' id='word_1_549' title='bbox 1764 4660 1927 4749; x_wconf 91' lang='lat' dir='ltr'><strong>prodesse</strong></span> <span class='ocrx_word' id='word_1_550' title='bbox 1940 4659 2098 4745; x_wconf 83' lang='lat' dir='ltr'><strong>voluere,</strong></span> 
     </span>
     <span class='ocr_line' id='line_1_44' title="bbox 63 4759 2097 4860; baseline -0.006 -16"><span class='ocrx_word' id='word_1_551' title='bbox 63 4784 196 4843; x_wconf 82' lang='lat' dir='ltr'><strong>statuae</strong></span> <span class='ocrx_word' id='word_1_552' title='bbox 220 4768 414 4849; x_wconf 90' lang='lat' dir='ltr'><strong>delectant,</strong></span> <span class='ocrx_word' id='word_1_553' title='bbox 440 4790 550 4860; x_wconf 91' lang='lat' dir='ltr'><strong>eaque</strong></span> <span class='ocrx_word' id='word_1_554' title='bbox 573 4788 707 4835; x_wconf 90' lang='lat' dir='ltr'><strong>summa</strong></span> <span class='ocrx_word' id='word_1_555' title='bbox 733 4792 814 4837; x_wconf 92' lang='lat' dir='ltr'><strong>cura</strong></span> <span class='ocrx_word' id='word_1_556' title='bbox 833 4778 1054 4835; x_wconf 89' lang='lat' dir='ltr'><strong>conservant.</strong></span> <span class='ocrx_word' id='word_1_557' title='bbox 1107 4767 1308 4835; x_wconf 84' lang='lat' dir='ltr'><strong>laudandus</strong></span> <span class='ocrx_word' id='word_1_558' title='bbox 1324 4779 1375 4833; x_wconf 89' lang='lat' dir='ltr'><strong>est</strong></span> <span class='ocrx_word' id='word_1_559' title='bbox 1390 4777 1555 4839; x_wconf 78' lang='lat' dir='ltr'><strong>coriatus,</strong></span> <span class='ocrx_word' id='word_1_560' title='bbox 1582 4776 1748 4833; x_wconf 90' lang='lat' dir='ltr'><strong>ettamen</strong></span> <span class='ocrx_word' id='word_1_561' title='bbox 1763 4759 1931 4852; x_wconf 91' lang='lat' dir='ltr'><strong>quicquid</strong></span> <span class='ocrx_word' id='word_1_562' title='bbox 1948 4759 2027 4831; x_wconf 89' lang='lat' dir='ltr'><strong>istic</strong></span> <span class='ocrx_word' id='word_1_563' title='bbox 2042 4763 2097 4831; x_wconf 87' lang='lat' dir='ltr'><strong>vi-</strong></span> 
     </span>
     <span class='ocr_line' id='line_1_45' title="bbox 64 4859 2097 4965; baseline -0.005 -21"><span class='ocrx_word' id='word_1_564' title='bbox 64 4870 186 4965; x_wconf 79' lang='lat' dir='ltr'><strong>Quae,</strong></span> <span class='ocrx_word' id='word_1_565' title='bbox 220 4871 378 4953; x_wconf 88' lang='lat' dir='ltr'><strong>malurn,</strong></span> <span class='ocrx_word' id='word_1_566' title='bbox 412 4869 590 4938; x_wconf 90' lang='lat' dir='ltr'><strong>barbaries</strong></span> <span class='ocrx_word' id='word_1_567' title='bbox 621 4880 691 4947; x_wconf 85' lang='lat' dir='ltr'><strong>est,</strong></span> <span class='ocrx_word' id='word_1_568' title='bbox 727 4870 834 4958; x_wconf 87' lang='lat' dir='ltr'><strong>leges,</strong></span> <span class='ocrx_word' id='word_1_569' title='bbox 866 4869 1054 4959; x_wconf 91' lang='lat' dir='ltr'><strong>plusquam</strong></span> <span class='ocrx_word' id='word_1_570' title='bbox 1109 4868 1149 4937; x_wconf 89' lang='lat' dir='ltr'><strong>tii</strong></span> <span class='ocrx_word' id='word_1_571' title='bbox 1172 4884 1242 4951; x_wconf 87' lang='lat' dir='ltr'><strong>est,</strong></span> <span class='ocrx_word' id='word_1_572' title='bbox 1268 4869 1304 4936; x_wconf 91' lang='lat' dir='ltr'><strong>id</strong></span> <span class='ocrx_word' id='word_1_573' title='bbox 1327 4867 1533 4936; x_wconf 90' lang='lat' dir='ltr'><strong>universum</strong></span> <span class='ocrx_word' id='word_1_574' title='bbox 1556 4864 1662 4932; x_wconf 88' lang='lat' dir='ltr'><strong>semel</strong></span> <span class='ocrx_word' id='word_1_575' title='bbox 1684 4863 1820 4953; x_wconf 92' lang='lat' dir='ltr'><strong>imputo</strong></span> <span class='ocrx_word' id='word_1_576' title='bbox 1843 4862 2003 4931; x_wconf 90' lang='lat' dir='ltr'><strong>inscitiae</strong></span> <span class='ocrx_word' id='word_1_577' title='bbox 2025 4859 2097 4933; x_wconf 91' lang='lat' dir='ltr'><strong>hu-</strong></span> 
     </span>
     <span class='ocr_line' id='line_1_46' title="bbox 64 4964 2096 5063; baseline -0.007 -16"><span class='ocrx_word' id='word_1_578' title='bbox 64 4998 210 5047; x_wconf 83' lang='lat' dir='ltr'><strong>sureum</strong></span> <span class='ocrx_word' id='word_1_579' title='bbox 227 4967 485 5063; x_wconf 85' lang='lat' dir='ltr'><strong>pulcherrimae</strong></span> <span class='ocrx_word' id='word_1_580' title='bbox 499 4971 598 5040; x_wconf 92' lang='lat' dir='ltr'><strong>urbis</strong></span> <span class='ocrx_word' id='word_1_581' title='bbox 613 4986 901 5053; x_wconf 88' lang='lat' dir='ltr'><strong>monumentum,</strong></span> <span class='ocrx_word' id='word_1_582' title='bbox 929 4985 962 5039; x_wconf 89' lang='lat' dir='ltr'><strong>et</strong></span> <span class='ocrx_word' id='word_1_583' title='bbox 976 4991 1053 5057; x_wconf 89' lang='lat' dir='ltr'><strong>ger·</strong></span> <span class='ocrx_word' id='word_1_584' title='bbox 1108 4970 1290 5039; x_wconf 90' lang='lat' dir='ltr'><strong>manitatis</strong></span> <span class='ocrx_word' id='word_1_585' title='bbox 1306 4985 1339 5040; x_wconf 91' lang='lat' dir='ltr'><strong>et</strong></span> <span class='ocrx_word' id='word_1_586' title='bbox 1352 4969 1566 5057; x_wconf 88' lang='lat' dir='ltr'><strong>elegantium</strong></span> <span class='ocrx_word' id='word_1_587' title='bbox 1581 4966 1778 5036; x_wconf 89' lang='lat' dir='ltr'><strong>literarum:</strong></span> <span class='ocrx_word' id='word_1_588' title='bbox 1803 4964 1932 5056; x_wconf 90' lang='lat' dir='ltr'><strong>quibus</strong></span> <span class='ocrx_word' id='word_1_589' title='bbox 1944 4965 2006 5057; x_wconf 92' lang='lat' dir='ltr'><strong>qui</strong></span> <span class='ocrx_word' id='word_1_590' title='bbox 2022 4989 2096 5034; x_wconf 89' lang='lat' dir='ltr'><strong>non</strong></span> 
     </span>
     <span class='ocr_line' id='line_1_47' title="bbox 65 5063 2096 5162; baseline -0.006 -16"><span class='ocrx_word' id='word_1_591' title='bbox 65 5100 205 5147; x_wconf 75' lang='lat' dir='ltr'><strong>manaen</strong></span> <span class='ocrx_word' id='word_1_592' title='bbox 223 5067 349 5145; x_wconf 75' lang='grc' dir='ltr'><strong><em>εἰκόνα</em></strong></span> <span class='ocrx_word' id='word_1_593' title='bbox 365 5073 580 5142; x_wconf 84' lang='lat' dir='ltr'><strong>obliterare?</strong></span> <span class='ocrx_word' id='word_1_594' title='bbox 620 5068 776 5159; x_wconf 85' lang='lat' dir='ltr'><strong>Quidam</strong></span> <span class='ocrx_word' id='word_1_595' title='bbox 794 5074 971 5141; x_wconf 92' lang='lat' dir='ltr'><strong>clarorum</strong></span> <span class='ocrx_word' id='word_1_596' title='bbox 988 5065 1055 5139; x_wconf 91' lang='lat' dir='ltr'><strong>ho-</strong></span> <span class='ocrx_word' id='word_1_597' title='bbox 1084 5085 1190 5140; x_wconf 85' lang='lat' dir='ltr'><strong>¹sunt</strong></span> <span class='ocrx_word' id='word_1_598' title='bbox 1212 5070 1398 5162; x_wconf 90' lang='lat' dir='ltr'><strong>perpoliti,</strong></span> <span class='ocrx_word' id='word_1_599' title='bbox 1422 5065 1460 5136; x_wconf 89' lang='lat' dir='ltr'><strong>bi</strong></span> <span class='ocrx_word' id='word_1_600' title='bbox 1487 5063 1600 5135; x_wconf 88' lang='lat' dir='ltr'><strong>nihilo</strong></span> <span class='ocrx_word' id='word_1_601' title='bbox 1626 5068 1668 5134; x_wconf 94' lang='lat' dir='ltr'><strong>ad</strong></span> <span class='ocrx_word' id='word_1_602' title='bbox 1695 5068 1894 5135; x_wconf 90' lang='lat' dir='ltr'><strong>tractandas</strong></span> <span class='ocrx_word' id='word_1_603' title='bbox 1916 5067 2096 5153; x_wconf 87' lang='lat' dir='ltr'><strong>graviores</strong></span> 
     </span>
     <span class='ocr_line' id='line_1_48' title="bbox 65 5168 2094 5265; baseline -0.007 -16"><span class='ocrx_word' id='word_1_604' title='bbox 65 5180 203 5249; x_wconf 87' lang='lat' dir='ltr'><strong>minum</strong></span> <span class='ocrx_word' id='word_1_605' title='bbox 226 5176 410 5246; x_wconf 90' lang='lat' dir='ltr'><strong>sententiis</strong></span> <span class='ocrx_word' id='word_1_606' title='bbox 426 5175 532 5246; x_wconf 90' lang='lat' dir='ltr'><strong>unice</strong></span> <span class='ocrx_word' id='word_1_607' title='bbox 550 5174 758 5265; x_wconf 91' lang='lat' dir='ltr'><strong>capiuntur,</strong></span> <span class='ocrx_word' id='word_1_608' title='bbox 787 5175 979 5264; x_wconf 91' lang='lat' dir='ltr'><strong>parietibus</strong></span> <span class='ocrx_word' id='word_1_609' title='bbox 997 5173 1054 5240; x_wconf 92' lang='lat' dir='ltr'><strong>in·</strong></span> <span class='ocrx_word' id='word_1_610' title='bbox 1108 5174 1327 5265; x_wconf 89' lang='lat' dir='ltr'><strong>disciplinas,</strong></span> <span class='ocrx_word' id='word_1_611' title='bbox 1368 5171 1480 5260; x_wconf 88' lang='lat' dir='ltr'><strong>magis</strong></span> <span class='ocrx_word' id='word_1_612' title='bbox 1504 5168 1655 5260; x_wconf 89' lang='lat' dir='ltr'><strong>adpositi</strong></span> <span class='ocrx_word' id='word_1_613' title='bbox 1677 5180 1759 5237; x_wconf 92' lang='lat' dir='ltr'><strong>sunt</strong></span> <span class='ocrx_word' id='word_1_614' title='bbox 1779 5192 1887 5261; x_wconf 91' lang='lat' dir='ltr'><strong>quam</strong></span> <span class='ocrx_word' id='word_1_615' title='bbox 1912 5169 1956 5236; x_wconf 94' lang='lat' dir='ltr'><strong>ad</strong></span> <span class='ocrx_word' id='word_1_616' title='bbox 1982 5168 2094 5260; x_wconf 92' lang='lat' dir='ltr'><strong>lyram</strong></span> 
     </span>
     <span class='ocr_line' id='line_1_49' title="bbox 66 5267 2186 5371; baseline -0.008 -20"><span class='ocrx_word' id='word_1_617' title='bbox 66 5282 244 5358; x_wconf 85' lang='lat' dir='ltr'><strong>scribunt,</strong></span> <span class='ocrx_word' id='word_1_618' title='bbox 281 5278 424 5347; x_wconf 89' lang='lat' dir='ltr'><strong>annulis</strong></span> <span class='ocrx_word' id='word_1_619' title='bbox 451 5277 675 5366; x_wconf 87' lang='lat' dir='ltr'><strong>insculpunt,</strong></span> <span class='ocrx_word' id='word_1_620' title='bbox 711 5277 858 5345; x_wconf 90' lang='lat' dir='ltr'><strong>illinunt</strong></span> <span class='ocrx_word' id='word_1_621' title='bbox 887 5276 1055 5344; x_wconf 90' lang='lat' dir='ltr'><strong>omnibus</strong></span> <span class='ocrx_word' id='word_1_622' title='bbox 1078 5352 1081 5371; x_wconf 45' lang='grc' dir='ltr'>Ι</span> <span class='ocrx_word' id='word_1_623' title='bbox 1107 5276 1236 5346; x_wconf 85' lang='lat' dir='ltr'><strong>asinus.</strong></span> <span class='ocrx_word' id='word_1_624' title='bbox 1281 5274 1441 5343; x_wconf 89' lang='lat' dir='ltr'><strong>Primum</strong></span> <span class='ocrx_word' id='word_1_625' title='bbox 1456 5272 1550 5340; x_wconf 91' lang='lat' dir='ltr'><strong>enim</strong></span> <span class='ocrx_word' id='word_1_626' title='bbox 1566 5267 1817 5341; x_wconf 80' lang='lat' dir='ltr'><strong>cumliomano</strong></span> <span class='ocrx_word' id='word_1_627' title='bbox 1834 5292 1994 5337; x_wconf 91' lang='lat' dir='ltr'><strong>sermone</strong></span> <span class='ocrx_word' id='word_1_628' title='bbox 2010 5293 2096 5335; x_wconf 90' lang='lat' dir='ltr'><strong>con·</strong></span> <span class='ocrx_word' id='word_1_629' title='bbox 2183 5272 2186 5277; x_wconf 72' lang='grc'><strong><em>’</em></strong></span> 
     </span>
     <span class='ocr_line' id='line_1_50' title="bbox 10 5360 2095 5474; baseline -0.008 -22"><span class='ocrx_word' id='word_1_630' title='bbox 10 5360 12 5383; x_wconf 59' lang='lat'><strong>¹</strong></span> <span class='ocrx_word' id='word_1_631' title='bbox 68 5377 211 5466; x_wconf 88' lang='lat' dir='ltr'><strong>chartis,</strong></span> <span class='ocrx_word' id='word_1_632' title='bbox 237 5380 338 5474; x_wconf 89' lang='lat' dir='ltr'><strong>siqua</strong></span> <span class='ocrx_word' id='word_1_633' title='bbox 361 5380 548 5469; x_wconf 89' lang='lat' dir='ltr'><strong>insigniter</strong></span> <span class='ocrx_word' id='word_1_634' title='bbox 568 5379 712 5469; x_wconf 88' lang='lat' dir='ltr'><strong>placuit.</strong></span> <span class='ocrx_word' id='word_1_635' title='bbox 764 5375 806 5446; x_wconf 93' lang='lat' dir='ltr'><strong>ln</strong></span> <span class='ocrx_word' id='word_1_636' title='bbox 828 5374 883 5447; x_wconf 90' lang='lat' dir='ltr'><strong>bis</strong></span> <span class='ocrx_word' id='word_1_637' title='bbox 899 5377 1054 5446; x_wconf 89' lang='lat' dir='ltr'><strong>volumi·</strong></span> <span class='ocrx_word' id='word_1_638' title='bbox 1077 5380 1081 5453; x_wconf 79' lang='grc' dir='ltr'><em>Ξ</em></span> <span class='ocrx_word' id='word_1_639' title='bbox 1107 5378 1256 5467; x_wconf 89' lang='lat' dir='ltr'><strong>scriptae</strong></span> <span class='ocrx_word' id='word_1_640' title='bbox 1271 5379 1342 5446; x_wconf 88' lang='lat' dir='ltr'><strong>sint</strong></span> <span class='ocrx_word' id='word_1_641' title='bbox 1357 5375 1465 5462; x_wconf 87' lang='lat' dir='ltr'><strong>leges,</strong></span> <span class='ocrx_word' id='word_1_642' title='bbox 1491 5372 1668 5465; x_wconf 88' lang='lat' dir='ltr'><strong>quomodo</strong></span> <span class='ocrx_word' id='word_1_643' title='bbox 1683 5372 1786 5440; x_wconf 87' lang='lat' dir='ltr'><strong>ineis</strong></span> <span class='ocrx_word' id='word_1_644' title='bbox 1801 5370 2009 5451; x_wconf 90' lang='lat' dir='ltr'><strong>versabitur,</strong></span> <span class='ocrx_word' id='word_1_645' title='bbox 2032 5370 2095 5461; x_wconf 93' lang='lat' dir='ltr'><strong>qui</strong></span> 
     </span>
     <span class='ocr_line' id='line_1_51' title="bbox 68 5458 2096 5576; baseline -0.007 -24"><span class='ocrx_word' id='word_1_646' title='bbox 68 5485 170 5556; x_wconf 91' lang='lat' dir='ltr'><strong>nibus</strong></span> <span class='ocrx_word' id='word_1_647' title='bbox 190 5495 247 5554; x_wconf 91' lang='lat' dir='ltr'><strong>tot</strong></span> <span class='ocrx_word' id='word_1_648' title='bbox 268 5494 387 5553; x_wconf 84' lang='lat' dir='ltr'><strong>extant</strong></span> <span class='ocrx_word' id='word_1_649' title='bbox 404 5505 571 5572; x_wconf 88' lang='lat' dir='ltr'><strong>gnomae‚</strong></span> <span class='ocrx_word' id='word_1_650' title='bbox 595 5494 683 5576; x_wconf 93' lang='lat' dir='ltr'><strong>quot</strong></span> <span class='ocrx_word' id='word_1_651' title='bbox 700 5480 792 5571; x_wconf 84' lang='lat' dir='ltr'><strong>leges</strong></span> <span class='ocrx_word' id='word_1_652' title='bbox 808 5495 927 5552; x_wconf 89' lang='lat' dir='ltr'><strong>erutae</strong></span> <span class='ocrx_word' id='word_1_653' title='bbox 941 5503 982 5549; x_wconf 87' lang='lat' dir='ltr'><strong>ex</strong></span> <span class='ocrx_word' id='word_1_654' title='bbox 997 5479 1053 5547; x_wconf 90' lang='lat' dir='ltr'><strong>in·</strong></span> <span class='ocrx_word' id='word_1_655' title='bbox 1076 5458 1081 5560; x_wconf 86' lang='grc' dir='ltr'>Ι</span> <span class='ocrx_word' id='word_1_656' title='bbox 1105 5480 1247 5569; x_wconf 90' lang='lat' dir='ltr'><strong>linguae</strong></span> <span class='ocrx_word' id='word_1_657' title='bbox 1273 5480 1401 5569; x_wconf 80' lang='lat' dir='ltr'><strong>figuras</strong></span> <span class='ocrx_word' id='word_1_658' title='bbox 1424 5476 1552 5545; x_wconf 81' lang='lat' dir='ltr'><strong>aerim</strong></span> <span class='ocrx_word' id='word_1_659' title='bbox 1568 5496 1644 5542; x_wconf 90' lang='lat' dir='ltr'><strong>non</strong></span> <span class='ocrx_word' id='word_1_660' title='bbox 1664 5474 1784 5544; x_wconf 81' lang='lat' dir='ltr'><strong>tenet?</strong></span> <span class='ocrx_word' id='word_1_661' title='bbox 1835 5471 1926 5555; x_wconf 93' lang='lat' dir='ltr'><strong>lam,</strong></span> <span class='ocrx_word' id='word_1_662' title='bbox 1957 5470 2096 5540; x_wconf 89' lang='lat' dir='ltr'><strong>etiamsi</strong></span> 
     </span>
     <span class='ocr_line' id='line_1_52' title="bbox 10 5574 1630 5669; baseline -0.007 -13"><span class='ocrx_word' id='word_1_663' title='bbox 10 5648 12 5669; x_wconf 86' lang='grc'>,</span> <span class='ocrx_word' id='word_1_664' title='bbox 116 5591 296 5658; x_wconf 59' lang='lat' dir='ltr'><strong>mnatre.</strong></span> <span class='ocrx_word' id='word_1_665' title='bbox 314 5587 516 5654; x_wconf 80' lang='lat' dir='ltr'><strong>0ern.Vor.</strong></span> <span class='ocrx_word' id='word_1_666' title='bbox 531 5584 594 5655; x_wconf 81' lang='lat' dir='ltr'><strong>XI.</strong></span> <span class='ocrx_word' id='word_1_667' title='bbox 1606 5574 1630 5645; x_wconf 85' lang='grc'><strong>6</strong></span> 
     </span>
    </p>
   </div>
   <div class='ocr_carea' id='block_1_4' title="bbox 0 0 2336 6022">
    <p class='ocr_par' dir='ltr' id='par_1_6' title="bbox 0 0 2336 6022">
     <span class='ocr_line' id='line_1_53' title="bbox 0 0 2336 6022; baseline 0 3"><span class='ocrx_word' id='word_1_668' title='bbox 0 0 2336 6022; x_wconf 95' lang='lat' dir='ltr'><strong> </strong></span> 
     </span>
    </p>
   </div>
  </div>
 </body>
</html>
