4664 6022
63 328 147 412 45⁷

60 501 211 633 Q.

892 532 941 577 an.
970 506 1065 574 1539.

881 599 1056 629 m

276 694 354 805 Dc
380 715 579 803 Seboldo
608 716 861 805 Munatero.

10 864 21 897 ²
130 891 217 976 apua
232 848 347 946 'caron
367 889 440 960 Myt.
459 906 486 961 p.
498 891 637 965 saoqq..
660 892 688 946 sn
708 893 830 949 nectua.
848 895 884 950 r.
898 895 931 950 n.
947 882 1061 1020 phase

163 980 196 1015 ιιι
208 960 331 1018 Servest.
342 960 375 1016 Τ.
390 960 423 1018 ΙΙ.
438 983 464 1032 p.
472 961 533 1014 458.
551 971 577 1015 et
589 963 660 1033 spud
675 961 803 1017 Richard.
816 963 849 1018 Τ.
859 965 896 1019 ll.
913 982 940 1037 p.

167 1030 298 1086 Mortuus
309 1042 351 1086 est
364 1030 428 1086 Seb.
441 1032 569 1085 Munster
582 1034 609 1086 d.
621 1032 667 1088 26.
681 1031 746 1089 Oct.
762 1033 838 1088 1⁵³9.

61 1168 260 1282 laudatio
291 1203 461 1303 funebris
485 1209 661 1282 Doctors‘s
692 1208 892 1286 Sebuldi
924 1217 1060 1286 Muss-

176 1315 322 1401 sters',
362 1315 511 1404 scripto
538 1335 563 1383 n
592 1316 675 1386 Vita
707 1312 946 1388 Winalsemio.

187 1482 328 1577 0Abstulit
343 1497 404 1547 atre
421 1485 484 1547 dies
498 1487 586 1547 nobis
600 1489 737 1549 mortalia
752 1491 886 1552 membre

239 1584 380 1661 sebaldi,
405 1610 543 1670 mergens
557 1589 663 1650 funere
673 1611 759 1653 saeva
777 1596 888 1658 virum.

190 1687 326 1777 Spiritus
344 1705 478 1753 aeternae
492 1705 662 1754 sanotorrun
678 1694 747 1755 sede
761 1711 909 1779 receptus,
997 1707 999 1711 ’

240 1792 410 1858 Perfruitur
424 1799 517 1857 laetus
530 1799 591 1856 iarn
605 1802 747 1879 propiore
760 1795 838 1863 Deo.

186 1896 309 1982 Ingenii
326 1898 435 1977 decus,
462 1912 493 1959 et
509 1903 603 1960 virtus
620 1921 682 1961 non
699 1902 814 1964 occidet
827 1924 971 1986 unquam,

240 1997 318 2064 luris
334 2005 367 2063 in
380 2000 459 2062 bano
473 2005 568 2062 solam
583 2023 664 2065 mors
680 2003 769 2067 habet
783 2018 847 2066 stra
859 2005 950 2075 nihil.

187 2104 250 2170 Hic
263 2108 357 2186 igitur
369 2105 467 2166 studia
484 2118 513 2167 et
527 2108 621 2166 vitata
636 2127 794 2192 moresque
808 2107 935 2190 pudicos

240 2203 384 2270 Dicemus
398 2212 490 2270 simul
504 2221 534 2270 et
547 2211 642 2270 tristia
656 2210 717 2270 l'ata
732 2216 802 2276 riri.

56 2359 231 2460 Optsrim
261 2366 447 2458 equidem,
479 2367 509 2434 si
539 2366 587 2435 ita
610 2365 686 2438 Deo
709 2363 797 2461 Opt.
821 2367 918 2443 Max.
940 2369 1056 2439 visum

54 2473 198 2554 inisset,
220 2481 262 2539 ut
277 2469 359 2538 vivo
377 2467 496 2559 potius
508 2466 655 2540 Ductori
669 2467 824 2541 Sebaldo
838 2469 1057 2558 Mnnsterer,

54 2572 197 2670 optimo
213 2582 248 2640 et
263 2571 469 2640 doctissimo
489 2569 587 2655 viro,
613 2594 706 2656 eam,
733 2597 839 2667 quam
860 2597 925 2665 pro
944 2575 1056 2666 ipsius

55 2681 204 2760 virtute,
226 2686 333 2767 atque
348 2672 552 2762 ingentibus
568 2696 648 2763 erga
662 2696 728 2742 nos
744 2688 777 2744 et
790 2670 881 2745 banc
896 2670 1054 2746 scholam

10 2784 22 2827 -““
52 2778 196 2852 meritis
211 2775 445 2858 debebamus,
476 2775 736 2844 observantiam
752 2791 785 2848 et
801 2778 1054 2868 gratitudinem

55 2894 238 2977 praestare
263 2899 465 2968 possemus,
491 2899 596 2970 quarn
613 2892 756 2949 mortuo
782 2874 879 2949 hunc
895 2882 1055 2974 qualern-

55 3005 207 3077 ennque
229 2974 403 3048 bonorem
430 2973 570 3053 habere.
628 2977 753 3073 Neque
781 2983 877 3053 enim
909 3006 1055 3074 parvam

54 3088 232 3159 isctumm
247 3076 335 3150 baec
349 3076 467 3150 schola
482 3081 581 3167 lecit,
608 3083 677 3151 viri
696 3084 784 3152 tanti
802 3083 962 3165 interitu,
989 3109 1054 3156 nec

53 3188 238 3261 mediocre
259 3183 389 3253 vulnus
414 3206 537 3252 omnes
560 3183 649 3252 boni
676 3199 907 3277 acceperunt,
937 3187 1067 3257 orbati'

54 3288 126 3364 boc
150 3303 225 3362 tam
247 3285 344 3354 fideli
367 3284 597 3355 consiliorum
624 3298 657 3354 et
683 3285 848 3357 laborum
877 3287 995 3374 socio,
1020 3301 1055 3359 et

57 3393 178 3465 amico
191 3410 337 3485 syncero
353 3410 393 3457 ac
407 3387 673 3457 iucundissimo.

164 3536 237 3610 Nos
249 3539 394 3633 quidem
414 3533 473 3607 hic
488 3538 734 3610 acerbissimus
756 3561 856 3610 casua
874 3555 973 3613 tanto
996 3540 1054 3610 lu-

55 3659 117 3718 ctu
138 3665 181 3713 sc
202 3664 366 3712 moerore
388 3640 543 3722 adllirit,
569 3654 608 3711 ut
632 3641 689 3709 vix
710 3640 906 3735 quidquam
928 3645 968 3713 in
981 3643 1054 3714 vita

53 3743 193 3822 trintina
214 3743 319 3815 nobis
341 3742 518 3813 acciderit.
569 3740 640 3814 Sed
665 3767 744 3813 cum
760 3741 837 3814 Deo
860 3746 976 3815 visum
996 3744 1053 3826 sit,

52 3844 125 3922 boc
139 3861 300 3939 ternpore
313 3845 468 3914 animam
486 3845 595 3935 ipsius
609 3869 651 3914 ex
666 3845 763 3915 illius
777 3848 978 3938 corpusculi
997 3870 1054 3917 se-

52 3942 227 4047 pulchro,
252 3962 287 4019 et
302 3942 358 4018 his
372 3947 598 4018 mortalitatis
613 3948 767 4018 tenebris
783 3973 930 4019 evocare
943 3949 982 4018 in
996 3950 1053 4019 lu·

54 4078 130 4127 caan
143 4074 247 4124 snam
263 4049 463 4130 coelestem,
488 4072 554 4118 nos
570 4062 689 4119 nostra
706 4050 851 4143 quidem
868 4075 971 4122 causa
986 4051 1053 4120 do-

53 4156 129 4229 tere
149 4175 358 4249 possumus,
383 4152 514 4244 quibus
532 4145 641 4221 huius
655 4151 723 4221 viri
738 4153 941 4223 dulcissima
964 4177 1052 4223 con·

52 4258 208 4333 suetudo
231 4256 396 4346 adempta
421 4267 483 4324 est.
525 4249 628 4323 Illius
650 4268 768 4325 autern
794 4254 906 4325 vicem
931 4255 960 4325 si
985 4258 1052 4324 do·

10 4340 35 4389 ²³
52 4364 209 4445 mna,
234 4379 359 4448 parum
374 4355 521 4426 fortasse
536 4356 594 4448 pie
610 4356 647 4426 id
661 4357 774 4427 iacere
789 4356 985 4440 videamur,
1010 4358 1050 4426 in

30 4474 169 4563 'enque
184 4459 369 4552 diligendo
385 4458 496 4548 magis
512 4471 652 4528 nostrae
664 4481 771 4552 quarn
785 4457 884 4531 illius
902 4458 1051 4530 utilitati

53 4565 206 4651 servire;
232 4585 315 4632 narn
329 4583 448 4631 merae
463 4559 585 4630 literae
599 4583 665 4630 nos
678 4554 873 4652 probibent
887 4561 988 4655 queri
1005 4562 1053 4651 de

52 4696 114 4755 ea,
141 4666 241 4764 qnod
255 4664 353 4737 Deus
371 4662 418 4733 de
434 4661 506 4733 vita
527 4676 589 4735 snt
607 4663 713 4734 rebus
732 4664 864 4734 nostris
884 4664 940 4732 vel
959 4663 1049 4735 smi-

52 4795 179 4847 roruns
195 4765 329 4851 statuit,
354 4789 436 4836 cum
452 4778 587 4835 conuet
601 4765 676 4836 eius
692 4763 912 4836 voluntatem
926 4777 967 4835 ut
980 4763 1050 4832 im·

51 4870 284 4955 mutabilem,
312 4868 362 4939 ita
385 4866 593 4938 clementem
615 4889 655 4937 ae
677 4879 860 4956 paternam
880 4888 961 4955 erga
983 4887 1051 4935 nos

51 4999 141 5051 esse.
195 4967 244 5044 lit
256 4972 344 5042 adeo
360 4968 539 5062 praeclare
553 4993 634 5039 cum
649 4968 722 5038 illis
735 4967 869 5059 agitur,
895 4965 959 5060 qui
981 4960 1049 5037 boc

50 5074 262 5174 praesertim
288 5087 447 5164 ternpore
463 5070 572 5141 vitam
590 5095 672 5142 cum
692 5071 750 5162 pia
766 5082 878 5140 morte
898 5091 1049 5160 permu-

53 5195 143 5268 tant,
168 5190 210 5249 nt
226 5176 289 5273 qui
304 5175 449 5246 illorum
466 5172 649 5246 interitum
663 5171 805 5263 gravius
819 5170 948 5256 doleat,
971 5193 1049 5240 ms-

55 5283 213 5375 gissus,
237 5302 345 5374 quam
369 5276 515 5348 illorum
533 5300 636 5349 cansa
657 5277 694 5345 id
711 5276 844 5359 iacere,
867 5272 1049 5366 magisque

54 5387 212 5480 seipsum
239 5405 346 5476 quarn
382 5378 466 5449 illos
490 5372 736 5452 vehementius
763 5375 911 5467 diligere
933 5373 1048 5445 videri

57 5487 177 5580 possit·

598 323 761 404 naen
797 322 874 402 oa
908 313 1185 404 susanne
1219 314 1567 401 transnato,
1682 300 1686 307 “

2026 338 2103 415 tta

1217 487 1289 562 Sed
1313 517 1393 564 cum
1415 495 1454 564 in
1469 510 1540 568 tam
1556 496 1650 571 tristi
1671 524 1754 572 casu
1770 498 1970 602 lachrymas
1986 521 2121 586 tamen

1113 607 1233 665 tenere
1248 618 1322 665 non
1335 597 1522 688 possimus,
1542 614 1576 671 et
1592 602 1654 673 illa
1670 605 1930 680 commiseratio
1943 634 1963 680 a
1977 627 2107 689 natura

1111 695 1242 766 animis
1259 698 1391 771 nostris
1404 699 1510 771 infixa
1527 702 1593 791 sit,
1618 718 1659 776 ut
1674 707 1875 782 dictumest
1890 734 1911 783 a
1926 710 2055 786 Po'e'ta:

1159 817 1240 884 Sunt
1256 821 1428 905 lachrymae
1440 846 1559 906 rernm,
1583 840 1614 891 et
1629 845 1762 895 mentem
1775 838 1915 899 mortalia
1926 849 2067 921 ungunt.

1109 949 1266 1040 ignoscet
1295 951 1332 1019 id
1358 952 1465 1022 nobis
1489 951 1604 1042 Deus,
1645 964 1742 1053 quod
1769 963 1888 1036 subito
1913 959 2104 1041 bominum

1109 1047 1299 1122 charorum
1325 1052 1471 1126 interitu
1493 1078 1777 1146 commovemur,
1813 1081 1847 1138 et
1868 1064 2105 1144 imbecillitati

1110 1154 1228 1246 potius
1251 1169 1393 1227 nostrae
1417 1157 1508 1228 illud
1539 1185 1645 1254 quam
1671 1165 1889 1240 diffidentiae
1916 1171 2105 1247 adscribes.

1107 1254 1190 1327 Non
1214 1256 1310 1326 enim
1335 1257 1373 1327 id
1395 1282 1437 1329 eo
1458 1260 1623 1350 iacimus,
1659 1270 1756 1360 quod
1779 1270 1824 1339 de
1848 1270 2103 1363 benignissima

1108 1358 1224 1429 divini
1246 1360 1356 1451 patris
1380 1362 1563 1434 voluntate
1582 1389 1664 1457 erga
1689 1369 1771 1441 illos
1794 1371 1851 1443 vel
1873 1397 1939 1443 nos
1961 1376 2104 1446 dubite-

1107 1483 1207 1540 mus,
1234 1473 1295 1532 aut
1315 1463 1413 1555 quod
1437 1465 1530 1535 male
1552 1491 1632 1539 cum
1659 1470 1731 1541 illis
1753 1471 1811 1563 agi
1832 1489 2014 1566 putemus,
2039 1476 2104 1572 qui

1108 1557 1273 1632 humanis
1307 1565 1415 1634 rebus
1455 1567 1681 1665 eximuntur,
1723 1568 1792 1645 hoc
1833 1589 1904 1658 est,
1952 1578 2103 1650 infinitis

1106 1664 1287 1734 aerumnis
1309 1688 1349 1735 ac
1371 1666 1523 1740 miseriis
1545 1671 1705 1760 liberati,
1730 1674 1767 1744 in
1790 1676 1891 1747 illam
1915 1681 2102 1752 coelestem

1106 1765 1257 1858 patriam
1273 1768 1555 1859 transferuntut3
1574 1777 1636 1844 sed
1650 1777 1734 1870 quia
1749 1779 1806 1848 vel
1821 1775 2105 1868 buncaffectum,

1106 1881 1147 1939 ut
1163 1868 1297 1938 dictum
1312 1883 1375 1955 est,
1401 1873 1539 1943 nobisa
1554 1889 1680 1948 natura
1695 1870 1896 1963 inbutum,
1907 1907 1984 1954 non
1999 1882 2105 1954 facile

1105 1993 1233 2039 exuere
1248 1962 1445 2061 pos‘sumus,
1470 1976 1527 2044 vel
1543 1971 1611 2048 hoc
1625 1979 1781 2051 officium
1796 1983 1928 2054 amoris
1942 1997 1977 2055 et
1991 1986 2104 2055 bene-

1107 2070 1284 2142 volentiae
1304 2072 1376 2142 illis
1394 2081 1643 2167 praestandum
1657 2083 1839 2171 ducimus,
1865 2109 2020 2179 quorum
2033 2109 2103 2156 no-

1106 2172 1160 2242 bis
1174 2174 1344 2243 memoria
1361 2177 1488 2248 merito
1505 2193 1603 2269 grata
1621 2195 1656 2254 et
1673 2185 1830 2257 iucunda
1846 2202 1915 2274 est,
1940 2187 1998 2258 vel
2019 2210 2103 2258 eum

1107 2269 1280 2344 honorem
1298 2275 1423 2347 virtuti
1445 2279 1589 2353 illorum
1606 2284 1728 2356 deberi
1743 2310 1944 2372 censemus,
1970 2288 2104 2383 quibus

1106 2377 1228 2446 nullus
1245 2371 1363 2448 honor
1376 2380 1488 2450 tribui
1505 2407 1579 2454 non
1596 2387 1737 2458 debitus
1754 2402 1880 2481 potest.

1199 2490 1278 2568 Etsi
1293 2496 1404 2586 igitur
1419 2499 1523 2571 inane
1538 2497 1607 2573 hoc
1620 2521 1784 2586 nostrum
1797 2510 1856 2579 vel
1869 2508 2027 2581 studium
2044 2508 2102 2579 vel

1105 2597 1262 2667 officium
1277 2601 1392 2669 videri
1408 2617 1535 2694 potest,
1560 2619 1595 2676 et
1612 2608 1660 2678 ob
1676 2633 1753 2680 eam
1769 2634 1909 2682 causam
1926 2611 1966 2681 in
1981 2634 2102 2702 repre·
2162 2660 2167 2667 -

1105 2693 1314 2771 hensionem
1339 2703 1487 2775 sortasse
1509 2711 1736 2801 quorundam
1758 2711 1934 2799 incurret,
1958 2734 2026 2784 nos
2046 2725 2102 2783 ta·

1105 2825 1187 2871 men
1208 2826 1283 2872 non
1307 2804 1443 2894 pigebit
1467 2802 1558 2878 hanc
1581 2813 1864 2908 qualemcunque
1884 2814 2107 2886 benevolen-‘
2169 2834 2172 2838 ·

1105 2904 1174 2974 tiae
1197 2919 1232 2974 et
1252 2906 1481 2996 gratitudinis
1500 2910 1795 3000 significationem
1816 2917 2035 3008 praebuisse,
2060 2917 2101 2985 in

1105 3030 1228 3076 eorum
1250 3008 1374 3077 saltem
1393 3022 1508 3082 morte
1524 3028 1706 3109 uteunque
1722 3018 1943 3110 decoranda,
1969 3017 2102 3112 quibus

1105 3108 1240 3177 nullam
1253 3109 1359 3177 aliam
1376 3113 1525 3201 gratiam
1541 3116 1674 3187 referre
1687 3119 1759 3187 iam
1776 3143 1975 3212 possumus.

1206 3218 1307 3295 Olim
1324 3227 1584 3316 adolescentes,
1611 3247 1652 3303 ut
1667 3233 1893 3325 ingeniorum
1909 3250 1971 3307 aut
1992 3237 2101 3308 indu·

1105 3325 1209 3396 striae
1236 3327 1413 3419 specimen
1442 3331 1589 3425 aliquod
1614 3329 1841 3424 exhiberent,
1878 3339 2101 3432 propinquos

1104 3428 1144 3497 in
1164 3428 1291 3497 funere
1309 3453 1372 3519 pro
1393 3433 1518 3502 rostris
1534 3434 1679 3505 laudare
1701 3439 1879 3525 solebant,
1905 3441 2100 3534 multisque

1103 3530 1139 3599 id
1159 3530 1256 3598 laudi
1280 3532 1367 3621 luit,
1394 3547 1428 3603 et
1452 3532 1513 3604 ille
1533 3537 1631 3608 velut
1651 3539 1789 3629 primus
1804 3543 1921 3613 aditus
1939 3544 1984 3613 ad
2000 3540 2099 3613 noti-

1103 3631 1193 3702 ciam
1216 3632 1397 3703 etsamam
1423 3629 1610 3706 hominum
1633 3652 1739 3733 atque
1758 3637 1931 3712 bonorem
1956 3638 2099 3715 babitus

1104 3747 1166 3804 est.
1208 3729 1286 3824 Ego
1304 3760 1388 3805 vero
1406 3733 1496 3807 mihi
1511 3760 1585 3808 non
1601 3741 1757 3834 aliquam
1773 3768 1814 3813 ex
1829 3740 1895 3815 bac
1909 3769 1948 3815 re
1962 3745 2099 3838 ingenii

1102 3837 1245 3905 laudern
1271 3850 1388 3926 capto,
1423 3841 1519 3931 quod
1548 3841 1728 3933 intelligo,
1761 3869 1868 3939 quarn
1890 3848 1929 3916 in
1959 3870 2016 3916 me
2040 3845 2097 3916 vel

1102 3938 1263 4023 nullum,
1296 3939 1352 4007 vel
1381 3941 1612 4030 perexiguum
1641 3945 1706 4030 sit,
1741 3970 1842 4016 verae
1864 3948 2100 4040 eloquentiae,

1102 4062 1193 4131 quae
1225 4038 1329 4107 inid
1364 4040 1485 4110 aetatis
1511 4038 1692 4114 bominem
1720 4071 1765 4116 ne
1797 4048 1942 4140 quidem
1971 4051 2097 4119 cadere

1101 4154 1235 4230 potest,
1266 4141 1337 4209 nisi
1360 4143 1457 4235 quis,
1495 4143 1602 4213 officii
1626 4141 1717 4218 hanc
1739 4149 1903 4235 laudem,
1928 4161 1988 4219 aut
2011 4152 2097 4218 oba-
2186 4238 2194 4247 Ι

1101 4230 1257 4312 dientiae
1272 4265 1346 4311 esse
1361 4242 1518 4333 putabit,
1545 4269 1651 4338 quam
1666 4249 1831 4341 equidem
1847 4274 1921 4320 non
1935 4251 2095 4342 repudio.
2146 4329 2161 4354 ,

1100 4341 1184 4414 Scio
1216 4343 1313 4412 enim
1338 4367 1445 4436 quam
1473 4346 1614 4416 nullum
1637 4348 1684 4418 sit
1704 4352 1817 4422 maius
1844 4366 2096 4420 ornamentum

1099 4444 1372 4528 adolescentiae,
1410 4468 1517 4538 quarn
1545 4453 1779 4523 verecundiae
1809 4465 1845 4522 et
1871 4451 2095 4521 obedientias

1099 4547 1254 4621 laudem.
1294 4543 1365 4618 Sed
1384 4547 1467 4640 quia
1484 4543 1573 4617 mibi
1589 4545 1676 4620 baec
1694 4555 1790 4624 velut
1804 4553 1965 4623 funebris
1979 4551 2094 4622 oratio

1099 4648 1261 4721 instituta
1276 4662 1347 4730 est,
1372 4648 1500 4719 omissa
1517 4649 1681 4741 longiore
1696 4653 1934 4747 praelatione,
1959 4655 2005 4724 sd
2019 4675 2095 4724 resn

1099 4750 1230 4841 ipsam,
1252 4762 1294 4820 ut
1307 4763 1445 4841 potero,
1467 4751 1640 4840 accingar.
2105 4754 2116 4761 '

1199 4873 1253 4937 Ac
1273 4866 1428 4956 primum
1454 4868 1499 4938 de
1525 4870 1686 4942 moribus
1702 4883 1735 4940 et
1757 4870 1828 4940 vita
1842 4867 2009 4943 Doctoris
2028 4869 2095 4944 Se·

1098 4969 1197 5041 baldi
1210 4964 1304 5037 nihil
1322 4967 1472 5039 attinere
1485 4983 1589 5059 puto,
1612 4984 1654 5042 ut
1677 4971 1840 5064 pluribus
1851 4971 1987 5059 dicam,
2012 4996 2094 5044 cum

1098 5096 1138 5143 ea
1152 5069 1280 5141 maiori
1299 5069 1392 5158 parti
1407 5084 1563 5139 vestrum
1581 5084 1665 5142 nota
1679 5072 1736 5146 sit.
1777 5070 1884 5144 Scitis
1898 5072 1993 5144 enim
2011 5097 2096 5145 enm

1097 5167 1154 5244 bis
1177 5169 1375 5242 lenioribus
1397 5169 1611 5257 virtutibus,
1635 5171 1826 5260 modestis,
1849 5175 2093 5268 temperantis,

1097 5272 1251 5356 iustitia,
1273 5270 1484 5341 verecundia
1502 5283 1536 5342 et
1551 5271 1753 5344 innocentia
1772 5297 1912 5346 summe
1924 5289 2095 5346 ornatum

1097 5374 1223 5463 luisse,
1248 5366 1305 5443 bis
1326 5372 1389 5441 ille
1405 5372 1558 5444 ducibus
1579 5372 1688 5445 vitam
1710 5374 1948 5467 placidissime
1969 5375 2094 5466 exegit,

1096 5489 1206 5571 utque
1220 5473 1308 5546 visit
1320 5473 1413 5546 nulli
1428 5475 1634 5548 mortalium
1651 5476 1844 5565 molestus,
1867 5477 1917 5550 its
1936 5488 1973 5550 st
1993 5498 2093 5549 ntor·
