4664 6022
240 284 317 368 eos
699 268 861 370 nucu
889 266 1141 349 conrna
1170 264 1504 349 nuesnrcos
1535 266 1816 351 uroscos.
1922 247 1932 269 '
2200 273 2280 355 sot

241 463 382 557 ‘⁰93⁰st
398 471 434 529 ⁰²
449 451 649 531 lumime?
665 446 797 519 ‘istium
813 444 870 517 ‘ii-
919 439 968 519 Ei
982 443 1117 540 alioqui
1133 442 1234 517 utili·
1282 445 1448 521 aliorum.
1481 442 1618 518 Scitum
1642 456 1694 518 est
1713 444 1809 516 enim
1830 445 1971 516 landem
1993 469 2036 515 ex
2054 442 2210 517 aliorum
2228 445 2279 515 ci.

241 581 331 645 tetes
343 557 453 635 botua
469 555 555 631 artis
570 554 617 627 ita
631 548 767 624 suntin
780 561 970 642 conspectu
985 549 1172 634 omnihus,
1194 559 1236 619 ut
1283 547 1507 642 tuperatione
1527 572 1716 642 quaerere,
1740 549 1839 618 domi
1862 572 1945 619 suae
1967 563 2142 640 apparant
2167 571 2282 619 reme.

242 673 322 745 iure
342 661 539 737 censendus
560 657 605 729 sit
626 651 902 749 ingratissimus,
922 648 954 722 si
970 649 1052 745 quis
1066 674 1142 721 non
1160 673 1235 719 me-
1285 644 1361 737 di'a,
1386 664 1427 722 ut
1449 652 1599 726 reddant
1623 651 1777 721 aliorum
1799 673 1943 744 operam
1964 665 2183 742 snspectam,
2207 651 2281 721 cal·

244 769 368 844 minit:
401 761 525 853 Magni
553 771 671 831 sotem
699 752 837 846 negocii
862 765 916 825 est
937 768 1112 844 praestare
1134 753 1173 823 in
1197 774 1235 822 re
1284 754 1357 823 tide
1380 753 1570 825 observant
1592 752 1740 823 affectus
1760 766 2005 842 aegrotorum,
2029 767 2094 826 aut
2114 751 2283 839 istorum,

244 888 329 948 nota
356 883 392 942 et
419 862 644 960 pervulgata,
675 882 721 927 ne
746 855 951 931 fastidiatur
976 854 1103 931 oratio.
1158 848 1235 944 ugo
1285 854 1416 950 quibus
1439 853 1572 946 aegroti
1594 848 1693 924 chari
1715 867 1818 939 sunt,
1850 856 1895 926 ad
1919 849 1984 944 bos
2006 853 2194 940 alludunt,
2224 846 2284 927 bis

244 976 353 1070 igitur
364 966 433 1042 hoc
444 981 602 1058 tempore
618 959 746 1030 omissa
762 957 969 1029 laudatione
982 974 1122 1033 nostrae
1137 956 1236 1041 artis,
1288 956 1534 1050 parasitantur.
1585 955 1627 1030 si
1649 956 1688 1027 in
1709 956 1845 1048 magnis
1864 956 2052 1049 periculis,
2087 955 2148 1026 alii
2172 956 2284 1029 simut

244 1077 370 1152 seriam
387 1071 566 1165 quandam
581 1061 761 1159 querelam
776 1056 846 1131 huc
861 1059 987 1129 afferre
1000 1058 1154 1144 decrevi,
1180 1057 1236 1128 vel
1287 1056 1439 1132 adhibiti
1453 1060 1600 1145 fuerint,
1625 1053 1684 1130 hic
1698 1060 1870 1152 quaedam
1886 1083 1905 1129 a
1918 1059 2052 1148 collega
2066 1058 2192 1138 ferrati,
2218 1083 2283 1152 pro

245 1195 286 1255 ut
298 1176 477 1249 auditores
491 1164 849 1244 commonefacerem,
875 1157 1146 1233 uthancartem
1160 1185 1237 1229 ma·
1289 1162 1443 1254 propriis
1475 1163 1566 1233 clam
1599 1162 1816 1245 obtrudunt,
1848 1177 1888 1231 ut.
1913 1162 2067 1250 collegae
2091 1155 2284 1234 detrahant

245 1283 321 1356 iore
341 1275 513 1367 religione
530 1279 740 1351 tractarent,
763 1264 820 1332 vel
838 1279 947 1347 certe,
973 1279 1011 1336 ut
1027 1263 1143 1334 dolori
1158 1287 1236 1331 meo

245 1404 381 1456 morem
403 1395 580 1466 gererem;
604 1390 730 1462 quem,
756 1390 828 1458 quo
851 1365 986 1437 diutius
1008 1366 1046 1435 io
1068 1379 1142 1435 arte
1157 1387 1237 1433 ver-

245 1509 322 1565 sor,
364 1494 397 1551 et
426 1474 646 1566 dignitatem·
663 1468 1014 1561 magnitudinemque
1046 1466 1122 1537 eius
1151 1488 1237 1557 pro-

246 1588 327 1684 pius
342 1579 494 1675 aspicio,
519 1570 680 1669 quotidie
692 1570 863 1640 maiorem
879 1570 1055 1662 concipio,
1079 1593 1160 1639 cum
1175 1592 1237 1636 co·

245 1690 320 1783 gito
343 1707 421 1755 sam
443 1681 488 1751 ab
510 1673 687 1747 illiteratis
709 1672 979 1764 impostoribus,
1008 1695 1134 1760 magna
1156 1693 1237 1739 cum

147 1786 151 1793 ’
247 1787 403 1887 pernicie
433 1779 620 1853 bominum
647 1775 819 1855 exerceri,
854 1773 917 1867 qui
938 1776 1182 1846 contaminant
1204 1782 1240 1841 et

247 1898 481 1978 corrumpunt
498 1895 623 1953 anem.
673 1873 722 1948 Et
739 1877 905 1969 quoniam
921 1900 962 1945 ex
977 1871 1106 1946 horum
1124 1871 1236 1943 mori·

247 1998 316 2071 bus
330 2005 365 2061 et
381 1987 501 2068 factis,
523 1981 628 2052 multi
644 1982 689 2051 de
707 1993 779 2049 tota
794 1975 1009 2070 professione
1026 1977 1237 2059 existimant,

247 2118 352 2168 verae
373 2087 558 2161 doctrinae
578 2082 666 2152 fides
688 2081 728 2150 in
743 2079 936 2150 discrimen
952 2079 1060 2149 venit.
1108 2075 1159 2150 Ut
1173 2100 1238 2147 au-

248 2213 320 2272 tem
332 2190 474 2285 Apelles
487 2187 613 2281 pictor,
639 2183 669 2253 si
685 2183 908 2276 praecipuam
924 2183 1079 2275 aliquam
1092 2176 1238 2250 suanam

247 2296 449 2374 tabularum
473 2289 678 2362 collocatam
702 2283 834 2355 illustri
855 2284 956 2370 loco,
985 2281 1178 2353 deformari
1199 2303 1240 2349 ac

248 2396 385 2493 aspergi
415 2395 492 2464 luto
518 2388 676 2473 videret,
707 2386 862 2456 maximo
884 2386 1009 2456 dolore
1030 2385 1239 2465 afficeretur,

247 2513 393 2598 propter
408 2494 495 2566 artis
509 2487 777 2562 contumeliam:
804 2486 853 2557 ita
866 2511 924 2557 me
937 2511 1080 2581 quoqne
1094 2485 1239 2555 misera-

247 2605 299 2677 tio
320 2600 491 2697 quaedam
511 2593 625 2676 subit,
652 2592 850 2660 intuentem
871 2613 978 2682 quam
999 2588 1145 2678 indigne
1167 2601 1240 2658 tra-

248 2716 346 2779 ctent
363 2697 580 2772 Medicinam
605 2690 795 2763 histriones
817 2692 983 2785 qnidam,
1009 2691 1130 2786 quise
1153 2713 1241 2758 ven-

249 2809 368 2882 ditant
387 2827 453 2896 pro
468 2787 641 2880 Medicis,
668 2817 749 2865 cum
771 2807 881 2864 artem
904 2818 1088 2888 nunquam
1106 2791 1241 2862 didice-

249 2911 337 2983 rint.
400 2902 525 2996 Neque
554 2920 725 2990 usquam,
763 2894 911 2986 opinor,
952 2889 1044 2966 hanc
1072 2893 1242 2965 iniuriam

250 3010 337 3085 artis
352 3005 479 3083 iustius
487 3001 677 3093 deplorare
689 3020 827 3090 queam,
848 3021 955 3091 quam
970 2998 1065 3089 apud
1081 3023 1154 3084 vos,
1179 2998 1251 3094 qni-

251 3137 332 3187 cum
361 3105 570 3198 dignitatem
596 3115 703 3194 atque
730 3100 803 3169 vim
825 3098 1059 3169 maximarum
1083 3100 1243 3192 discipli-

251 3237 379 3291 narum
394 3202 615 3297 intelligatis,
640 3203 717 3273 iure
731 3225 788 3271 me
801 3196 1014 3275 stomachari
1029 3201 1243 3279 iudicabitis.

251 3313 299 3390 Et
320 3316 468 3386 fortasse
489 3310 535 3377 de
551 3306 625 3376 suis
641 3304 777 3376 artibus
793 3303 986 3394 cogitantes
1002 3291 1153 3394 singuli,
1176 3307 1243 3376 do-

251 3420 376 3493 lebunt
396 3413 445 3482 'in
476 3430 664 3485 commune
693 3405 805 3476 v'iccm
837 3405 1000 3478 omnium
1031 3407 1243 3494 studiorum,

252 3544 332 3594 cum
347 3513 565 3609 reputabunt
578 3507 673 3582 nulli
689 3506 899 3601 professioni
916 3511 1035 3580 deesse
1049 3503 1119 3581 hoc
1133 3533 1243 3600 genus

252 3620 480 3694 histrionum.
540 3609 618 3704 Ego
649 3634 733 3680 vero
764 3610 827 3680 etsi
857 3623 1003 3700 propter
1032 3611 1242 3702 dignitatem

253 3723 454 3796 studiorum
474 3739 515 3786 ac
538 3714 741 3796 literarum,
767 3710 873 3781 etiam
889 3711 1040 3782 aliarum
1055 3713 1244 3803 professio-

253 3849 343 3899 num
360 3823 473 3892 abusu
489 3838 733 3899 commoveor,
756 3827 874 3884 tamen
888 3812 1026 3883 omissis
1041 3813 1138 3899 aliis,
1164 3829 1244 3886 tan-

255 3943 332 4003 tum
351 3927 397 3995 de
418 3943 496 3992 mea
519 3932 595 3989 arte
617 3917 753 4001 dicam,
778 3937 868 4007 quae
890 3938 962 4010 quo
977 3916 1193 3987 fructuosior
1210 3932 1245 3989 et

255 4028 388 4121 gratior
409 4037 462 4094 est
481 4016 708 4100 hominibus,
737 4041 781 4088 eo
802 4015 922 4107 plures
944 4011 1070 4101 habet,
1104 4019 1168 4112 qui
1191 4018 1241 4087 fa·

256 4154 350 4202 mam
366 4127 451 4197 artis
467 4123 643 4196 sliectant.
694 4117 838 4191 Nullius
852 4119 991 4208 generis
1006 4117 1149 4191 artificis
1164 4119 1246 4214 plu.

207 4315 211 4322 ¹
257 4256 312 4305 ses
334 4227 579 4319 reperiuntur,
612 4246 718 4317 quam
741 4219 889 4296 Medici.
940 4219 1009 4293 Sed
1035 4244 1160 4311 magna
1182 4236 1247 4307 est,

256 4326 553 4407 utlurisconsulti
566 4325 702 4410 dicunt,
727 4322 899 4392 artificum
912 4322 1122 4396 differentia.
1153 4321 1246 4414 Qui-

257 4439 340 4507 dam
357 4431 568 4526 profitentur
584 4441 713 4509 anam,
738 4424 954 4516 pollicentur
970 4418 1175 4496 bominibus
1192 4449 1249 4495 sa·

257 4540 368 4609 lutens
392 4535 430 4602 in
454 4529 616 4600 maximis
638 4527 823 4622 periculis,
849 4550 929 4595 cum
950 4549 1134 4618 nunquam
1153 4529 1247 4597 didi·

258 4640 387 4712 cerint:
419 4635 480 4706 scd
505 4630 637 4701 alicubi
661 4631 698 4697 in
722 4626 949 4720 myropoliis,
980 4642 1041 4698 aut
1063 4629 1250 4699 tonstrinis

1287 1265 1412 1350 fidem,
1438 1288 1519 1335 cum
1541 1265 1733 1334 succedunt
1754 1264 1853 1348 aliis,
1878 1264 2033 1333 remedia
2057 1286 2077 1334 a
2098 1261 2284 1355 prioribus

1288 1365 1418 1457 scripta
1448 1360 1595 1437 trahunt
1624 1367 1767 1451 eadem,
1798 1368 1859 1435 scd
1886 1366 2032 1446 fucata,
2053 1388 2101 1435 ne
2122 1363 2283 1458 imperiti

1288 1480 1490 1558 agnoscant.
1542 1465 1583 1540 si
1604 1467 1691 1562 qnid
1714 1468 1829 1537 bonae
1849 1467 1901 1536 rei
1923 1466 2059 1558 evenit,
2085 1468 2232 1538 laudern
2247 1466 2282 1539 in

1288 1593 1325 1639 se
1354 1570 1593 1653 transferunt,
1626 1570 1655 1638 si
1684 1568 1771 1663 quid
1800 1592 1899 1638 secus
1919 1569 2065 1653 accidit,
2097 1569 2284 1645 derivatur

1289 1670 1405 1741 omnis
1428 1672 1531 1763 culpa
1553 1672 1592 1740 in
1616 1671 1716 1743 alios·
1765 1668 1814 1743 Et
1836 1670 2005 1763 quoniam
2030 1670 2067 1739 in
2091 1664 2160 1742 hac
2187 1672 2285 1743 vani·

1289 1787 1360 1844 tate
1377 1774 1600 1864 ingeniorum
1616 1768 1874 1852 humanonsm,
1902 1772 2168 1864 praedictiones·
2177 1773 2282 1847 etism

1288 1875 1476 1968 requirunt
1490 1871 1674 1961 homines,
1700 1875 1918 1968 maximeque
1934 1875 2083 1964 aegroti:
2110 1875 2283 1947 stt-eurio·

1289 1979 1337 2049 sis
1359 1978 1595 2063 satisfaciant,
1615 1976 1774 2050 iactitant
1799 1999 1836 2045 se
1859 1990 1951 2046 astra
1969 1976 2176 2062 consulere,
2204 2000 2281 2049 casm

1290 2079 1434 2173 quidem
1457 2105 1533 2151 non
1553 2103 1594 2151 ex
1609 2081 1731 2164 astris,
1756 2080 1817 2149 sed
1834 2102 1875 2149 ex
1892 2078 2103 2149 coniecturis
2117 2103 2283 2170 praesen

1290 2182 1386 2252 tibus
1407 2176 1654 2255 vaticinentur.
1714 2179 1881 2250 Vidimus
1903 2180 2009 2250 etiam
2031 2181 2094 2274 qui
2117 2177 2282 2273 Magioen

1290 2279 1524 2368 adhibebant,
1561 2282 1624 2376 qni
1653 2306 1696 2355 es
1721 2281 1826 2352 urina
1848 2305 1923 2351 non
1947 2283 2064 2354 solum
2086 2284 2134 2354 de
2148 2285 2282 2357 -morbo

1290 2385 1517 2472 divinabant,
1555 2385 1615 2455 sed
1644 2385 1839 2459 narrabunt
1869 2398 2035 2472 aetatem,
2074 2385 2281 2474 dignitatem

1290 2489 1400 2574 tilae,
1424 2488 1576 2560 formam
1593 2487 1744 2578 aegroti,
1769 2486 1907 2557 etiamsi
1924 2498 2014 2557 esset
2030 2486 2280 2576 ignotissimos.

1290 2589 1443 2661 Talibus
1461 2589 1619 2660 artificiis
1640 2588 1911 2660 admirationem
1932 2588 2003 2659 sibi
2022 2589 2189 2678 pariunt,
2212 2612 2280 2659 nen

1290 2692 1437 2763 scientia
1459 2690 1645 2776 medendi,
1669 2705 1703 2763 et
1724 2690 1950 2762 concurritur
1969 2692 2015 2760 ad
2031 2686 2097 2761 bos
2112 2691 2282 2782 imposto-

1290 2818 1365 2879 res,
1392 2795 1485 2865 sicut
1507 2793 1687 2864 concurrit
1709 2793 1863 2885 populus
1883 2793 1928 2863 ad
1948 2806 2104 2878 sanctos3
2138 2816 2225 2863 nam
2246 2786 2282 2864 hi

1291 2920 1433 2991 quoque
1455 2895 1622 2965 videntur
1642 2918 1802 2965 exercere
1827 2892 2066 2979 Medicinam,
2091 2896 2138 2965 ad
2154 2893 2195 2967 S.
2213 2892 2281 2965 Vs·

1291 3000 1488 3082 lentinum,
1519 2995 1663 3082 Vitum,
1697 2992 1920 3068 Genofefam.
1973 2995 2071 3085 Quid
2091 3009 2145 3067 est
2164 3011 2281 3069 autem

1291 3099 1491 3191 indignius,
1523 3123 1629 3191 qnam
1657 3098 1991 3191 praestantissimam
2014 3113 2126 3169 artem
2151 3099 2284 3171 divini·

1291 3217 1348 3273 tus
1366 3215 1543 3271 ostensam
1565 3195 1722 3271 humano
1742 3211 1881 3291 generi,
1906 3203 1950 3271 ad
1974 3201 2081 3271 vitam
2102 3203 2285 3285 tuendam,

1291 3304 1532 3375 continentem
1559 3303 1757 3373 doctrinam
1780 3303 1930 3373 maxime
1953 3302 2157 3390 liberalem,
2186 3303 2284 3377 vide·

1291 3407 1393 3491 licet,
1432 3419 1582 3477 naturae
1608 3429 1797 3497 corporum
1828 3404 2090 3494 cognitionem,
2128 3406 2178 3478 ita
2206 3428 2284 3485 cor·

1291 3509 1411 3601 rumpi
1427 3523 1461 3581 et
1475 3507 1686 3590 adulterari,
1711 3507 1866 3577 admista
1882 3507 1939 3576 vel
1953 3530 2116 3598 perversa
2130 3509 2283 3601 quadam

1291 3606 1502 3688 Rhetorica,
1528 3608 1585 3677 vel
1608 3607 1740 3698 magia,
1766 3607 1821 3676 vel
1844 3600 1912 3677 hoc
1936 3630 2049 3696 genus
2070 3607 2150 3680 aliis
2170 3609 2283 3703 impo-

1292 3711 1411 3783 sturis.
1461 3706 1573 3800 Leges
1603 3709 1691 3780 dant
1718 3710 1896 3780 actionem
1927 3723 2051 3779 contra
2082 3710 2182 3796 illos,
2222 3712 2284 3807 qui

1292 3814 1506 3883 adulteratas
1532 3834 1665 3881 merces
1691 3812 1869 3897 vendunt,
1900 3823 1935 3883 et
1960 3812 2091 3883 atrocia
2113 3813 2284 3906 supplicis

1294 3915 1331 3983 in
1353 3937 1411 3985 eos
1433 3913 1665 3983 constituunt.
1716 3911 1765 3984 Aa
1786 3911 1844 3984 isti
1867 3908 2058 3984 histriones
2073 3912 2287 4001 Medicinae,

1294 4041 1359 4109 pro
1388 4040 1527 4085 summo
1559 4014 1709 4101 scelere,
1739 4015 1906 4086 auferunt
1933 4015 2085 4086 maxima
2119 4016 2286 4108 praemia,

1292 4121 1459 4190 feruntur
1480 4117 1517 4185 in
1539 4117 1672 4202 oculis,
1698 4117 1900 4189 coluntura
1916 4118 2067 4209 populo,
2092 4121 2289 4191 adorantur

1295 4236 1464 4313 tanquam
1481 4217 1658 4306 Semidei,
1683 4220 1844 4319 mercede
1867 4220 2018 4290 maxima
2039 4222 2289 4293 conducuntur

1296 4347 1377 4392 cum
1401 4345 1541 4392 summo
1557 4321 1733 4413 periculo:
1758 4343 1861 4414 saepe
1878 4320 1973 4390 euim
1992 4320 2149 4394 vidimus
2166 4345 2290 4425 aegro<

1295 4439 1352 4495 tos
1379 4424 1465 4493 dare
1488 4446 1620 4514 poenas
1643 4423 1802 4495 inscitiae
1825 4435 1863 4498 et
1883 4421 2051 4493 audaciae
2075 4418 2207 4495 horum
2233 4419 2288 4497 hi·

1297 4525 1486 4598 strionum.
1535 4521 1585 4595 Et
1604 4549 1685 4595 cum
1708 4525 1820 4596 multa
1836 4524 2059 4618 prognostica
2077 4526 2290 4618 colligantur

1297 4631 1344 4700 ab
1364 4627 1534 4699 onsraibus
1552 4626 1846 4712 circumstantiis,
1880 4627 2032 4717 atignra
2057 4630 2240 4721 corporis,
2269 4653 2289 4700 a

259 4741 478 4821 servierunt,
499 4733 564 4805 ubi
584 4729 882 4821 transcripserunt
897 4732 1069 4822 quaedam
1084 4731 1250 4817 remedia,
1298 4743 1398 4823 gestu
1421 4729 1574 4819 aegroti,
1606 4752 1627 4798 a
1651 4728 1760 4810 locis,
1792 4727 2062 4818 aregionibus,
2093 4754 2135 4800 er
2160 4731 2291 4825 quibus

259 4864 412 4936 quomm
430 4859 546 4930 neque
558 4854 699 4918 causas,
720 4854 836 4924 neque
852 4830 944 4902 vires
958 4846 1109 4918 norunt,
1135 4858 1251 4927 neque
1301 4832 1450 4903 iudicari
1477 4831 1522 4900 de
1544 4830 1640 4901 exitu
1663 4829 1781 4902 morbi
1804 4843 1936 4924 potest:
1970 4828 2060 4899 mibi
2086 4844 2207 4904 tamen
2230 4834 2290 4905 vix

260 4968 331 5037 quo
354 4941 393 5009 in
417 4940 495 5008 loco
514 4936 665 5010 valeant.
717 4931 840 5029 Neque
854 4959 939 5005 vero
955 4949 1027 5006 tam
1043 4936 1143 5006 stulti
1158 4950 1252 5020 sunt,
1301 4934 1399 5005 aliud
1420 4934 1561 5023 signum
1585 4932 1716 5005 certius
1740 4930 1886 5004 exitium
1910 4933 2123 5024 portendere
2139 4933 2292 5021 videtur,

260 5060 302 5117 ut
323 5038 391 5115 boc
412 5041 690 5111 instrumentum
709 5038 755 5105 ad
768 5036 1060 5108 existimationem
1079 5037 1251 5127 colligen-
1302 5061 1408 5130 qoam
1436 5036 1468 5104 si
1497 5033 1578 5104 talis
1601 5030 1728 5106 histrio
1750 5028 1933 5105 adbibitus
1955 5034 2073 5108 fuerit.
2136 5032 2293 5130 Vulgare

261 5159 345 5219 dam
367 5142 452 5214 satis
475 5165 548 5210 esse
570 5152 710 5232 putent:
737 5139 799 5208 sed
821 5152 1032 5210 mutuantur
1056 5165 1098 5213 ex
1113 5135 1270 5213 Rheso:
1302 5153 1370 5224 est,
1392 5152 1505 5207 artem
1528 5150 1685 5209 exerceat
1706 5136 1767 5229 qui
1790 5136 1926 5207 didicit.
1976 5135 2089 5207 Nemo
2107 5138 2203 5209 enim
2221 5154 2292 5212 tam

260 5251 334 5320 rica
357 5245 442 5316 alias
467 5244 636 5334 quasdam
661 5257 774 5325 artes,
797 5263 861 5331 per
881 5263 969 5332 quas
992 5243 1119 5332 magis,
1146 5267 1252 5338 quam
1304 5241 1492 5330 impudens
1520 5252 1590 5319 est,
1623 5254 1664 5310 ut
1696 5239 1854 5329 profiteri
1877 5236 2054 5308 Musicam
2079 5241 2192 5326 ausit,
2224 5243 2293 5313 nisi

262 5347 434 5422 beneficio
457 5344 600 5413 illorum
625 5342 863 5413 remediorum
886 5341 1143 5430 inclarescunt,
1169 5369 1253 5436 pro·
1303 5342 1483 5413 didicerit:
1516 5342 1697 5432 quomodo
1730 5340 1825 5409 enim
1859 5340 1958 5410 ludet
1986 5340 2116 5411 fidibus
2149 5343 2199 5424 is,
2232 5345 2295 5438 qui

263 5455 333 5522 lise
355 5453 400 5521 de
423 5446 705 5539 repromittunt,
730 5440 980 5515 detrahuntde
995 5446 1254 5517 existimatione
1306 5466 1488 5537 nunquam
1514 5442 1650 5517 didicit.
1702 5438 1781 5511 Hoc
1801 5443 1833 5512 si
1858 5442 1894 5512 in
1918 5438 1974 5512 his
1996 5442 2193 5515 levioribus
2209 5448 2295 5518 arti-
