4664 6022
107 266 185 341 ιω

605 260 762 343 DECL.
812 260 891 340 DE
921 259 1205 341 PRAEFAT.
1231 258 1289 337 IN
1313 255 1635 341 HOMERUM.

2099 266 2178 347 4⁰4

116 444 268 513 insertae
282 451 388 525 sunt,
417 453 458 513 ut
474 439 623 512 velutin
643 439 775 510 illustri
791 454 826 511 et
844 439 1028 532 perspicuo
1048 464 1114 530 po·
1165 437 1229 522 cis,
1249 447 1290 506 ut
1304 435 1446 525 ingenia
1461 434 1623 506 liberalia
1639 448 1673 506 et
1688 432 1880 531 συζητικᾶ,
1904 462 1987 513 eum
2000 443 2177 539 quedem,

116 546 203 616 sitae
217 543 314 629 loco,
340 543 385 612 ad
403 567 543 612 omnem
567 542 781 633 posteritatis
797 543 1006 613 memoriam
1028 541 1115 612 reti·
1165 554 1206 611 ut
1219 538 1268 610 ait
1282 532 1516 622 Plutarchus,
1540 533 1723 635 εὐμουσίᾳ
1743 541 1986 621 erudirentur.

120 646 217 732 neri,
244 659 278 716 et
303 671 383 716 cum
406 645 641 741 admiratione
658 646 806 735 spectari
829 657 982 736 possent.
1032 640 1116 712 Ple-

1269 639 1392 733 Neque
1409 636 1452 712 τὸ
1468 637 1617 733 ἠθικὸν,
1635 636 1705 712 hoc
1723 656 1787 725 est,
1811 660 1978 718 venustas
1995 659 2030 718 et
2052 646 2176 733 suaeiq

122 774 210 820 num
231 762 283 818 est
305 754 430 839 poima
453 746 603 816 Homeri
627 749 760 817 talibus
788 748 992 828 sententiis,
1027 770 1116 838 quac
1168 760 1222 817 tas
1237 767 1397 828 morum,
1422 743 1561 831 ingenii·
1575 745 1672 835 quod
1688 747 1885 818 moderatio
1902 774 1943 821 ac
1962 744 2175 821 humaniter

124 853 221 921 velut
238 854 378 943 pondus
396 863 430 919 et
453 849 676 919 autoritatem
700 851 815 938 legum
833 845 984 930 habent,
1010 873 1118 940 quae-
1169 848 1243 918 ullo
1264 847 1301 915 in
1319 846 1449 937 scripto
1465 846 1514 915 ita
1530 870 1689 937 expressa
1706 862 1776 934 est,
1801 863 1842 919 ut
1858 850 1896 919 in
1912 848 2067 925 Homeri
2085 857 2172 944 poi-

125 980 195 1050 que
216 953 342 1024 merito
359 965 398 1021 ut
419 952 562 1020 oracula
584 964 646 1020 aut
661 952 783 1022 divina
803 975 971 1044 responsa
998 953 1120 1039 singu·
1170 962 1273 1018 mate.
1325 945 1569 1040 Quapropter,
1594 950 1625 1018 si
1641 973 1763 1020 verum
1782 965 1836 1023 est
1855 955 1951 1046 quod
1970 955 2045 1025 dici
2070 954 2171 1043 solet,

127 1057 196 1128 lari
221 1079 301 1125 eum
323 1054 496 1144 religione
514 1054 714 1137 observari,
739 1054 1002 1146 memoriaeque
1018 1076 1120 1143 inan·

128 1159 216 1243 dari,
238 1172 271 1229 et
286 1180 423 1248 semper
438 1158 485 1225 ob
501 1156 622 1225 oculos
636 1150 762 1225 haberi
778 1158 965 1226 debebant.
995 1154 1122 1244 Quod-

129 1286 198 1356 que
227 1262 272 1353 de
294 1255 468 1349 Euripide
490 1254 617 1327 Cicero
647 1259 754 1328 dixit:
796 1257 843 1329 Se
865 1258 1023 1346 singulos
1048 1258 1122 1326 cius

74 1414 83 1431 .
128 1384 262 1445 versus,
288 1361 427 1450 singula
444 1359 645 1429 testimonia
660 1373 794 1451 putare,
821 1361 856 1428 id
874 1360 988 1429 multo
1005 1360 1124 1429 verius

131 1466 176 1536 de
191 1462 348 1533 Homero
362 1463 432 1530 dici
448 1485 548 1553 posse
564 1461 718 1546 videtur,
744 1487 823 1531 cum
839 1459 1044 1553 Euripides,
1068 1484 1125 1529 re-

129 1566 292 1660 liquique
308 1564 452 1646 Po‘e'tae,
480 1565 576 1633 velut
589 1564 698 1635 rivuli
715 1589 756 1633 ex
773 1563 941 1650 Homero,
967 1588 1029 1634 ceu
1044 1588 1124 1655 per·

131 1670 217 1740 enni
233 1669 331 1737 fonte
348 1667 551 1739 scaturiant.

236 1832 449 1902 Traduntur
480 1832 518 1901 iu
552 1856 625 1901 una
658 1832 815 1926 qualibet
843 1848 917 1904 arte
952 1829 1127 1922 principia

134 1937 328 2031 quaedam,
354 1951 388 2004 et
406 1959 611 2004 communes
626 1936 798 2018 noticiae,
824 1938 868 2004 ad
885 1958 984 2029 quas,
1011 1933 1127 2026 quiin

134 2039 180 2108 iis
205 2051 392 2106 versantur
412 2036 565 2119 artibus,
598 2038 697 2107 velut
716 2039 761 2106 ad
783 2036 946 2106 Lesbiam
970 2035 1126 2124 regulam

135 2139 366 2228 cogitationes
395 2161 475 2208 suas
498 2139 669 2226 dirigunt.
726 2138 964 2222 Meministis,
992 2135 1127 2206 Adole-

134 2256 286 2325 scentes,
309 2241 477 2309 maximas
492 2241 529 2308 in
546 2241 735 2311 Dialectice
748 2242 866 2310 vocari
881 2267 900 2310 a
917 2238 1063 2324 Boiitio,
1090 2239 1127 2307 id

135 2366 246 2435 genus
280 2366 484 2411 communes
512 2335 725 2438 προλήψειςε
766 2343 935 2427 Talibus,
968 2343 1127 2434 inquam,

135 2445 297 2516 maximis
317 2457 454 2514 constat
480 2458 593 2514 totum
622 2451 745 2535 poema
771 2442 939 2529 Homeri,
973 2438 1041 2512 hoc
1066 2458 1128 2523 est,

135 2548 385 2621 communibus
416 2558 451 2614 et
481 2546 676 2615 utilissimis
708 2547 837 2634 regulis
868 2571 908 2616 ac
936 2545 1129 2638 praeceptis

73 2723 78 2732 ,
136 2672 295 2728 morum,
323 2648 483 2738 vitaeque
511 2660 544 2716 et
564 2648 722 2716 civilium
740 2649 950 2732 officiorum,
977 2671 1128 2740 quarum

136 2754 176 2821 in
206 2750 308 2821 omni
336 2750 406 2818 vita
434 2764 467 2818 et
489 2750 688 2818 actionibus
713 2772 797 2818 usus
829 2749 998 2819 latissime
1025 2760 1129 2838 patet,

136 2854 248 2923 multa
267 2854 386 2930 docet,
414 2850 524 2919 multa
549 2850 725 2939 sapienter
745 2864 882 2930 monet,
910 2849 1060 2921 instillat
1077 2862 1127 2918 te-

77 2982 82 3009 ·
137 2979 242 3025 nerae
265 2953 371 3021 aetati
391 2948 654 3020 honestissimas
673 2965 707 3021 et
729 2950 952 3020 suavissimas
970 2951 1131 3034 noticias,

138 3055 346 3137 modestiae,
370 3053 621 3135 verecundiae,
647 3078 687 3121 ae
709 3054 926 3146 reliquarum
941 3054 1128 3123 virtutum:

135 3155 318 3228 suavitatis
339 3168 373 3225 et
394 3148 624 3224 humanitatis
646 3179 786 3223 morum
809 3155 930 3225 trullus
946 3180 988 3225 eo
1003 3154 1130 3224 melior

136 3258 325 3348 Magister:
360 3269 567 3348 praestatae
589 3256 694 3324 elficit
710 3259 887 3348 quandam
905 3259 1005 3350 quasi
1025 3281 1129 3347 expe-

134 3362 302 3431 rientiam'
317 3383 436 3428 rerum
452 3359 490 3427 in
508 3357 714 3441 iuvenibus,
737 3381 827 3450 quae
848 3360 924 3428 laus
941 3360 1074 3452 alioqui
1090 3370 1130 3427 ut

135 3484 274 3534 summa
290 3474 355 3546 est,
379 3461 427 3530 ita
444 3460 511 3529 soli
525 3458 694 3529 senectuti
711 3459 891 3535 tribuitur.
924 3459 1019 3531 Note
1033 3462 1127 3530 enim

137 3579 188 3636 cst
203 3563 377 3635 sententia
391 3560 513 3632 Latini
526 3560 672 3631 Poetae:

578 3723 641 3762 non
657 3704 758 3762 omnia
771 3701 883 3762 tardior
899 3714 976 3764 retes

215 3805 303 3888 Quae
319 3807 470 3887 i'ugiemus
485 3804 592 3883 hebet,
618 3809 690 3865 seris
706 3808 789 3865 veuit
802 3826 874 3866 usus
890 3807 925 3864 ab
944 3808 1037 3866 annis

137 3935 218 4007 Hoc
235 3959 319 4004 vero
335 3933 498 4002 divinum
522 3932 734 4002 beneficium
756 3944 909 4024 praestat
932 3933 1036 4003 lectio
1052 3933 1130 4005 Ho-

137 4038 242 4123 meri,
264 4059 402 4127 nempe,
422 4034 518 4127 quod
535 4034 718 4123 ingenium
733 4035 901 4115 iuvenile,
923 4036 1028 4103 senili
1045 4060 1131 4127 pru·

139 4139 258 4212 dentia
274 4137 415 4219 imbuit,
441 4160 479 4203 ea
495 4136 603 4220 enim,
628 4161 719 4228 quae
733 4159 833 4206 senes
846 4160 911 4228 per
928 4137 1024 4225 longi
1041 4152 1130 4208 tem-

138 4242 236 4336 poris
259 4262 362 4309 usum
378 4232 642 4329 deprehendere
662 4238 796 4322 solent,
822 4261 911 4332 quae
933 4239 1014 4308 illos
1029 4243 1131 4309 docet

139 4365 328 4414 numerosa
343 4340 450 4408 series
470 4363 665 4420 annorum,
691 4352 725 4408 et
741 4341 832 4408 varii
850 4336 968 4408 reru‘m
987 4364 1026 4409 ac
1039 4343 1132 4412 vitae

139 4441 318 4516 humanae
331 4464 448 4520 casus,
472 4463 515 4509 ex
532 4436 599 4509 hoc
619 4442 780 4529 poemate
801 4467 864 4533 per
879 4445 1130 4534 compendium

139 4563 309 4639 tanquam
325 4569 344 4613 e
360 4538 526 4612 thesauro
542 4556 602 4611 aut
618 4544 716 4612 sonte
737 4555 853 4634 petere
868 4557 974 4636 atque
989 4540 1132 4615 haurire

140 4649 235 4718 licet.
287 4645 369 4717 Non
392 4643 496 4737 paulo
520 4642 613 4711 enim
635 4644 797 4713 foelicius
817 4641 875 4715 hic
893 4640 1046 4717 traditur
1066 4651 1132 4716 do·

140 4750 254 4820 ctrina
270 4763 362 4819 recte
377 4763 413 4818 et
428 4747 529 4817 beate
544 4745 707 4830 vivendi,
732 4771 838 4840 quam
855 4748 894 4815 in
908 4748 992 4817 ullis
1005 4746 1132 4819 Philo-

140 4846 335 4942 sophorum
354 4847 613 4927 monumentis,
644 4861 685 4918 ut
701 4871 782 4917 vere
798 4851 841 4918 de
856 4847 1015 4920 Homero
1032 4852 1132 4921 dixe·

140 4951 188 5021 rit
204 4947 392 5034 Horatius,
417 4949 512 5041 quod
534 4948 612 5017 ille:

192 5087 279 5169 Quid
294 5094 334 5150 sit
345 5103 452 5170 turpe,
478 5089 552 5172 quid
566 5089 748 5170 pulchrum,
775 5091 849 5175 quid
861 5096 953 5170 utile,
980 5092 1055 5176 quid
1067 5114 1131 5154 nou

190 5191 314 5257 Plenius
328 5205 358 5253 et
370 5195 477 5255 melius
493 5188 654 5276 Chrisippo
671 5207 701 5256 ει
715 5190 859 5259 Crantore
875 5194 1021 5257 docuerit.

142 5322 300 5395 Involvit
320 5346 403 5391 vero
425 5317 513 5392 haec
535 5322 740 5412 gravissima
767 5346 808 5392 ee
830 5323 1049 5394 sanctissima
1064 5324 1131 5394 do-

140 5440 255 5516 gmata
269 5422 483 5495 dulcissimis
497 5438 531 5495 ει
544 5423 812 5496 iucundissimis
833 5424 999 5509 iconibus
1013 5426 1130 5519 poe'ti·

1172 1050 1290 1122 studia
1307 1051 1405 1118 abire
1420 1051 1458 1118 in
1474 1072 1608 1136 mores,
1633 1053 1685 1121 ira
1702 1068 1742 1125 ut
1756 1077 1878 1124 verum
1897 1069 1968 1141 est,
1994 1056 2076 1127 lieri
2099 1080 2170 1127 nou

1173 1165 1298 1246 potest,
1325 1151 1412 1245 quin
1426 1147 1675 1222 humanissimi
1691 1169 1726 1224 ει
1740 1155 1935 1227 dulcissimi
1951 1155 2086 1229 Poitae
2100 1172 2168 1231 tra·
2210 1158 2214 1215 ί

1174 1255 1347 1339 ctatione,
1373 1254 1515 1343 ingenia
1533 1277 1676 1348 quoque
1699 1258 1903 1343 mitescant,
1929 1254 2168 1355 fiantquehu-

1174 1355 1337 1425 maniora
1355 1368 1388 1424 et
1406 1354 1516 1445 magis
1539 1357 1689 1448 placida.
1741 1356 1820 1429 Hoc
1835 1362 1940 1430 credo
1960 1362 2032 1437 viri
2053 1362 2165 1455 magni

1176 1472 1210 1528 et
1224 1457 1483 1549 praestantibus
1499 1456 1651 1547 ingeniis
1672 1461 1825 1551 praediti
1840 1463 2168 1553 animadvertentes,

1176 1561 1237 1630 alii
1255 1565 1377 1652 poema
1391 1556 1542 1629 Homeri
1557 1557 1788 1633 humanitatis
1803 1564 1994 1650 officinam,
2013 1565 2078 1635 alii
2093 1566 2167 1639 ion·

1177 1677 1247 1734 tem
1281 1662 1397 1732 omnis
1432 1662 1616 1733 suavitatis
1650 1679 1683 1735 et
1714 1671 1908 1737 venustatis
1932 1668 2167 1759 adpellarunt·

1177 1762 1316 1834 Plinius
1331 1764 1486 1860 primum
1504 1764 1718 1835 liberalioris
1744 1768 1927 1838 doctrinae
1953 1781 1989 1841 et
2015 1770 2168 1867 antiqui-

1178 1867 1258 1936 tatis
1282 1879 1464 1956 parentem
1487 1863 1685 1937 Homerum
1712 1881 1833 1954 vocat,
1869 1869 1971 1943 Plato
1999 1873 2169 1965 optimum

1178 1967 1270 2039 vitae
1286 1968 1505 2058 magistrum.
1555 1965 1674 2063 Atque
1689 1983 1729 2039 ut
1743 1970 1983 2062 intelligamus
1997 1972 2088 2046 istos
2099 1999 2168 2045 ma·

1179 2069 1325 2160 guilicos
1354 2069 1476 2139 titulos
1505 2094 1586 2140 vere
1616 2068 1774 2141 Homero
1804 2074 1933 2156 tribui,
1968 2074 2168 2147 intueamur

1178 2174 1306 2264 poima
1327 2171 1420 2255 eius,
1442 2184 1557 2241 totum
1572 2173 1678 2242 nobis
1699 2199 1827 2265 corpus
1841 2200 2089 2268 proponamus
2096 2232 2108 2265 ,
2127 2201 2168 2249 ne

1179 2275 1273 2343 utin
1289 2273 1432 2341 disiecta
1449 2287 1563 2344 statua
1585 2298 1626 2343 ex
1642 2275 1816 2348 mutilatis
1829 2278 1993 2371 partibus
2014 2292 2051 2352 et
2064 2280 2168 2351 mern·

1179 2376 1272 2460 bris,
1298 2373 1459 2444 iacienda
1475 2377 1522 2446 sit
1536 2377 1751 2451 coniectura.

1280 2476 1420 2568 Duplex
1441 2491 1492 2547 est
1513 2479 1686 2569 poe'matis
1701 2476 1885 2549 Homerici
1907 2494 2168 2571 argumentum:

1180 2573 1342 2648 Alterum
1360 2579 1463 2662 llias,
1497 2582 1647 2649 alterum
1670 2576 1830 2675 Odyssea
1860 2581 2083 2659 inscribitur.
2132 2578 2169 2652 ln
2212 2584 2214 2663 Ξ

1180 2678 1292 2748 Iliade
1309 2675 1518 2750 Plutarchus
1533 2683 1645 2751 robur
1658 2683 1829 2775 corporis,
1854 2682 1892 2751 in
1904 2678 2072 2780 Odyssea
2086 2684 2170 2754 vires

1179 2782 1314 2871 ingenii
1331 2781 1499 2850 celebrari
1517 2785 1561 2852 ab
1576 2782 1734 2853 Homero
1756 2784 1942 2854 existimat.
1993 2783 2170 2857 Describi-

1180 2897 1240 2954 tur
1263 2896 1381 2952 autem
1414 2884 1451 2950 in
1479 2882 1588 2954 llia'de
1619 2886 1778 2978 bellum,
1811 2900 1850 2957 ut
1874 2886 1967 2956 fama
1993 2886 2170 2957 nobilissi-

1181 3009 1296 3069 mum,
1321 2984 1368 3054 ita
1383 2979 1572 3055 honestum
1593 3011 1632 3055 ac
1648 2987 1765 3079 pium,
1792 2989 1887 3081 quod
1905 2985 2039 3060 Graeci
2055 3003 2165 3061 contra

1180 3084 1358 3155 Barbaros
1379 3110 1442 3176 pro
1457 3088 1662 3157 defensione
1680 3089 1871 3180 pudicitiae
1894 3091 2115 3181 coniugalis,
2129 3101 2165 3159 ut

1180 3188 1667 3271 ulciscerenturadulterium,
1684 3205 1717 3261 et
1727 3191 1891 3261 violatam
1903 3186 2057 3285 hospitii
2074 3193 2170 3264 fidem

1180 3302 1374 3380 gesserunt.
1425 3285 1587 3386 Odyssea
1601 3292 1760 3363 continet
1775 3316 1911 3363 errores
1923 3290 2086 3390 Ulyssis,
2111 3294 2171 3364 sub

1181 3392 1281 3462 cuius
1308 3391 1461 3480 imagine
1482 3392 1590 3464 Poe'ta
1612 3393 1730 3463 vimm
1762 3394 1955 3486 sapientem
1988 3421 2030 3468 ac
2055 3395 2173 3491 politi-

1181 3518 1280 3578 cum,
1305 3496 1484 3587 variisque
1498 3493 1660 3565 fortunae
1677 3495 1842 3586 procellis
1856 3495 2048 3583 iactatum,
2068 3511 2104 3569 et
2118 3496 2173 3592 qui

1180 3597 1359 3664 fortunam
1384 3596 1536 3665 consilio
1557 3619 1676 3688 regere
1697 3620 1738 3667 ac
1762 3598 1940 3670 moderari
1960 3600 2092 3688 sciret,
2117 3600 2171 3670 de·

1181 3698 1334 3766 scrihere
1353 3697 1479 3767 voluit.

1283 3797 1427 3892 Deque
1454 3812 1571 3891 parte,
1611 3824 1691 3868 cum
1716 3823 1794 3869 eam
1818 3800 1917 3892 prius
1946 3800 2172 3895 interpretari

1181 3901 1458 3985 decreverimus,
1494 3924 1605 3993 pauca
1629 3901 1669 3969 in
1692 3901 1889 3992 praesentia
1909 3897 2002 3972 mihi
2026 3903 2171 3975 dicende

1181 4026 1255 4071 esse
1269 4003 1363 4071 duxi.
1411 4000 1465 4071 Ac
1481 4003 1636 4093 primum
1653 3997 1721 4072 hoc
1736 4027 1811 4073 non
1825 4018 1877 4074 est
1891 4004 2066 4092 dubium,
2092 4005 2171 4102 quin

1181 4105 1220 4173 in
1238 4102 1347 4172 iliade
1363 4104 1511 4174 militiae
1527 4103 1682 4198 bellique
1704 4119 1813 4191 artes,
1842 4105 1881 4174 iu
1898 4101 2064 4201 Odyssea
2080 4123 2171 4199 togae

1183 4221 1217 4277 et
1233 4205 1326 4298 pacis
1341 4206 1548 4291 describere,
1567 4220 1673 4299 atque
1687 4207 1736 4277 ita
1750 4209 1789 4277 in
1807 4220 1882 4279 toto
1898 4214 2066 4298 poemate
2079 4224 2170 4282 utm-

1183 4332 1251 4401 que
1274 4329 1402 4395 genere
1425 4308 1553 4377 artium
1570 4308 1640 4378 tale
1657 4307 1856 4399 ingenium,
1882 4311 1980 4403 quod
1996 4308 2169 4405 Rempuh.

1182 4409 1380 4501 aliquando
1390 4410 1587 4497 gubernare
1603 4410 1758 4496 deberet,
1784 4412 1992 4502 informare,
2020 4413 2168 4497 erudire,

1181 4535 1222 4581 ec
1249 4533 1459 4601 praeparare
1485 4511 1646 4582 voluerit.
1708 4510 1828 4604 Pingit
1854 4513 1965 4603 igitur
1989 4514 2031 4584 iu
2052 4512 2169 4612 Ulysst

1181 4612 1371 4701 imaginem
1398 4614 1577 4705 quandam
1612 4612 1727 4683 civilis
1755 4629 1789 4686 et
1822 4628 1958 4704 togatae
1985 4616 2100 4705 vitae,
2135 4614 2169 4684 in

1184 4712 1295 4783 lliade
1311 4737 1394 4783 vero
1412 4715 1579 4785 militaria
1602 4716 1760 4805 exempla
1776 4716 1963 4809 proponit:
1999 4713 2059 4788 his
2084 4717 2168 4790 euin

1181 4818 1318 4887 artibus
1331 4814 1567 4908 Respublicae
1589 4840 1628 4886 ac
1650 4840 1757 4907 regna
1779 4832 1969 4911 parantur,
1997 4834 2169 4902 tenentur,

1181 4932 1442 5011 regunturque‚
1469 4914 1575 4989 ethis
1593 4918 1730 4989 artibus
1747 4922 1957 4991 instructum
1972 4944 2051 4992 esse
2069 4944 2169 5016 opor·
2212 4966 2214 4979 ·

1181 5033 1249 5101 tet,
1285 5020 1489 5112 quicunque
1508 5018 1636 5112 Remp.
1662 5033 1713 5092 est
1736 5023 1927 5116 aliquando
1950 5035 2169 5097 tractaturus.
2212 5064 2214 5073 ·

1181 5119 1296 5191 Notus
1313 5134 1364 5190 est
1380 5123 1475 5190 enim
1489 5122 1661 5192 eiusmodi
1678 5120 1826 5193 Homeri
1843 5146 1977 5206 versus,
2000 5151 2078 5221 quo
2091 5122 2169 5199 Ale-
2211 5086 2214 5195 i

1179 5225 1356 5292 xandrum
1373 5220 1548 5313 Magnum
1565 5224 1614 5294 ita
1637 5224 1846 5297 delectatum
1864 5225 2005 5316 ierunt,
2029 5242 2073 5301 ut
2096 5248 2168 5300 eum

1180 5346 1318 5414 semper
1334 5324 1372 5393 in
1390 5349 1451 5394 ore
1469 5320 1649 5396 habuerit:

1214 5434 1394 5527 ἀμφότερον
1415 5439 1561 5523 βασιλεύς
1580 5437 1614 5507 τ’
1636 5436 1763 5528 ἅγεθὸς
1783 5437 1936 5531 κρατερός
1953 5439 1990 5509 τ’
2014 5438 2167 5529 αἰχμητής.
