4664 6022
160 318 237 399 su
379 409 381 414 ι
456 364 462 381 ,
830 256 1003 387 ouen
1032 307 1107 383 nr
1141 307 1540 387 aarsrornan.
2130 314 2212 391 an

160 522 165 529 ·
263 491 393 564 Docuit
413 464 566 561 Athenis
581 510 703 558 annos
730 487 918 572 tredecim,
954 512 1021 557 nec
1042 487 1159 560 solum
1210 486 1316 555 fidem
1339 510 1378 557 ac
1403 485 1648 559 dexteritatem
1669 487 1707 557 in
1728 489 1914 574 docendo,
1940 490 2100 561 laborem
2121 490 2213 561 acri·

159 599 342 675 doctrinae
365 595 471 664 laude
497 595 622 665 urbem
642 590 873 661 celebriorem
896 592 1072 677 reddidit,
1097 591 1159 662 sed
1210 589 1321 660 bendi
1341 603 1395 662 tot
1412 591 1550 680 egregia
1567 604 1819 678 monumenta,
1841 608 1984 662 morum
1998 592 2211 681 gravitatem

159 706 268 775 etiam
287 701 425 770 civibus
444 718 573 785 magna
589 694 758 764 b'enelicia
774 693 978 784 impetravit
993 692 1160 765 abAnti-
1211 706 1246 762 et
1269 687 1548 778 humanitatem,
1573 707 1754 785 postremo
1781 696 1886 765 etiam
1908 696 2061 766 iniurias
2081 708 2211 790 quasa

162 821 276 902 patro,
300 802 364 896 qui
379 797 630 870 Macedoniam
644 798 880 887 gubernabat,
906 811 940 867 et
956 799 1060 867 unice
1073 798 1159 868 Ari·
1211 791 1449 890 sycophantia
1468 799 1613 890 accepit.
1678 797 1902 886 Quem-non?
1919 799 2069 870 delectet
2089 799 2212 870 videre

160 908 321 984 stotelem
336 915 598 994 praeceptorem
614 900 795 990 diligebat.
842 898 934 970 Cum
949 916 1066 971 autem
1082 926 1159 971 cer·
1182 958 1186 969 .
1212 897 1496 970 eticonsiderare
1518 901 1556 969 in
1580 925 1656 971 uno
1680 902 1780 987 viro,
1804 916 1877 973 tam
1899 901 2031 972 multas
2045 896 2212 973 beroien

161 1013 296 1085 tamina
316 1001 593 1079 Atheniensium
618 1029 699 1074 cum
722 999 914 1094 Antipatro
939 1019 1060 1097 postea
1083 1029 1160 1072 cre-
1212 1001 1385 1072 virtutes?
1434 1000 1526 1073 Cum
1551 1004 1646 1072 enim
1671 1004 1709 1074 in
1733 999 1945 1095 hecgener'e
1962 1006 2211 1096 perfectusar-

70 1146 73 1151 ·
161 1126 316 1193 scerent,
341 1134 388 1178 ne
403 1109 477 1200 ipse
491 1107 638 1199 quidem
652 1119 751 1177 tutus
765 1107 835 1176 fuit
850 1102 1015 1179 Athenis.
1067 1106 1159 1176 Nam
1213 1105 1297 1175 tiles
1327 1105 1453 1191 luerit,
1485 1106 1569 1175 satis
1594 1122 1740 1199 apparet
1763 1109 1937 1179 divinitus
1961 1132 2045 1177 eum
2067 1103 2209 1179 heroica

159 1242 241 1291 cum
272 1213 434 1285 homines
463 1210 581 1279 invidi
610 1223 794 1301 sperarent
822 1232 903 1277 eum
931 1211 1035 1279 facile
1058 1232 1161 1301 posse
1211 1221 1339 1279 natura
1357 1210 1692 1301 praeditumfuisse.
1881 1220 1884 1229 '

160 1318 336 1415 opprimi,
375 1314 534 1385 invisum
563 1312 634 1381 iam
662 1326 808 1403 propter
830 1309 1025 1403 Antipatri¹
1038 1314 1161 1382 amici·
1289 1350 1293 1359 ·
1314 1308 1496 1382 Hactenus
1517 1313 1653 1383 devita
1675 1313 1768 1398 dixi,
1793 1316 1914 1384 multo
1936 1312 2089 1382 brevius·
2103 1335 2208 1405 quam

161 1427 269 1502 tiam,
303 1421 485 1488 linxerunt
503 1417 672 1485 adversus
695 1440 774 1483 eum
799 1416 991 1505 impietatis
1014 1412 1160 1500 crimen,
1212 1438 1268 1484 res
1298 1416 1480 1505 poscebat;
1517 1439 1624 1484 nunc·
1642 1417 1687 1485 de
1717 1417 1794 1486 eius
1815 1410 2057 1508 Philosophia·
2084 1416 2208 1485 dicam.

160 1527 260 1623 quod
281 1522 479 1593 fabulosam
497 1518 656 1589 Deorum
678 1518 945 1587 multitudinem
966 1514 1160 1610 repreben-
1213 1514 1302 1587 Erat
1324 1533 1441 1589 autem
1463 1512 1549 1587 haec
1573 1542 1654 1609 pars
1677 1519 1851 1588 orationis
1863 1520 1978 1590 multo
1995 1518 2144 1608 longior
2155 1517 2207 1589 lu·

159 1632 287 1711 debat,
312 1638 347 1695 et
363 1648 472 1694 unam
489 1622 648 1714 aliquam
664 1634 844 1690 aeternam
861 1634 966 1713 atque
983 1622 1160 1692 infinitam
1213 1635 1313 1704 tura,
1339 1621 1410 1690 nisi
1434 1621 1594 1710 angustia
1619 1622 1791 1715 temporis
1808 1635 1957 1693 -vetaret
2010 1619 2206 1693 Conferen-

159 1732 337 1810 mentem',
364 1748 505 1795 causam
529 1725 692 1794 omnium
715 1747 835 1793 rerum
859 1746 932 1793 esse
949 1725 1161 1809 affirmabat,
1213 1725 1278 1790 dae
1300 1723 1394 1790 enim
1417 1736 1518 1792 erant
1531 1737 1664 1804 sectae,
1691 1729 1863 1818 quaedam
1879 1726 1983 1794 ctiam
2001 1726 2046 1793 de
2061 1722 2205 1795 Platore

160 1836 251 1906 illud
270 1833 375 1902 etiam
393 1827 624 1898 Homericum
640 1826 770 1896 citans:
1214 1826 1361 1894 dicenda
1395 1838 1518 1911 erant,
1549 1829 1627 1896 zsed
1658 1822 1748 1897 haec
1781 1827 1937 1898 breviter
1963 1826 2204 1919 perstringam.

163 1968 166 1975 ·
254 1929 311 1996 osis
330 1925 455 2011 ἀγαθὸν
475 1925 718 2010 πολυκοιρανίη,
745 1923 788 1998 εἷς
807 1923 952 2009 κοίρανος
975 1920 1066 1991 ἵστω·
1214 1927 1396 1997 Tanta-est
1409 1928 1614 2021 eloquentia
1624 1927 1963 2015 Platonis,¹uthaud
1981 1931 2094 2000 dubie
2107 1929 2203 2019 lunge

113 2104 117 2111 .
160 2036 375 2113 Formidans
391 2033 500 2122 igitur
514 2032 638 2124 iniqua
653 2030 798 2113 iudicia,
820 2027 1161 2103 concessitinChal-
1213 2032 1402 2102 antecellat
1423 2032 1590 2102 omnibus
1612 2057 1764 2126 quorum
1787 2045 1907 2104 extant
1923 2033 2062 2103 literae.
2113 2030 2203 2103 Mul·

161 2142 300 2218 cidem,
324 2160 414 2230 quae
436 2148 512 2205 erat
534 2135 574 2204 in
597 2133 664 2202 fide
681 2128 875 2223 Antipatri.
927 2132 1052 2227 Neque
1076 2130 1161 2203 haec
1213 2147 1267 2203 tae
1289 2134 1406 2205 etiam.
1419 2134 1696 2225 sapientissimae
1716 2137 1946 2226 cogitationes
1968 2157 2115 2228 sparsae
2131 2146 2203 2214 suut

159 2241 357 2323 calumnia,
384 2262 501 2331 neque
524 2233 610 2306 haec
632 2234 733 2323 luga,
759 2235 828 2304 vici
850 2231 1063 2327 Philosophi
1084 2238 1160 2326 glo·
1213 2237 1252 2305 in
1280 2237 1357 2307 eius
1380 2237 1645 2323 monumentis,
1682 2240 1742 2307 sed
1766 2238 1903 2308 nnllam
1928 2252 2039 2309 artem
2065 2239 2203 2327 integre,

95 2338 100 2351 ’
160 2351 253 2421 riam
285 2346 488 2414 obscurant.
562 2336 632 2410 Sed
668 2333 736 2407 hoc
767 2359 877 2426 genus
908 2341 1160 2434 periculorum,
1211 2364 1328 2432 neque
1348 2340 1476 2410 ordine
1493 2340 1650 2411 tradidit.
1703 2339 2015 2411 Deinde-maxima
2027 2363 2116 2432 pars
2129 2363 2203 2431 oper

161 2452 258 2546 quod
281 2468 471 2516 commune
494 2457 546 2513 est
567 2441 737 2511 omnibus
759 2440 851 2509 bene
874 2445 1093 2513 merentibus
1116 2445 1159 2513 de
1213 2466 1294 2511 rum
1316 2440 1453 2512 ironica
1473 2452 1546 2527 est,
1570 2468 1663 2536 quae
1686 2444 1796 2532 ligura
1815 2447 1867 2514 -ad
1882 2445 2132 2515 :deridendum
2148 2465 2199 2512 ac·

160 2574 288 2646 genere
311 2545 491 2629 humano,
518 2543 637 2636 potius
661 2566 830 2631 magnum
854 2545 954 2613 addit
978 2546 1159 2615 cumulum
1211 2545 1556 2630 commodationest,¹
1573 2570 1680 2639 quam
1694 2550 1737 2617 ad
1752 2550 1966 2619 docendum.
2005 2541 2204 2617 Athenaeus

161 2659 206 2728 sd
229 2654 305 2723 eius
326 2651 461 2721 laudes.
516 2646 678 2717 Primum
695 2645 791 2715 enim
807 2645 881 2735 ipsa
900 2648 1060 2717 veritatis
1077 2673 1160 2739 pro-
1213 2647 1337 2718 scribit
1376 2650 1556 2740 quendam
1583 2647 1743 2719 Platonis
1780 2650 1980 2721 auditorem
2006 2644 2202 2721 Charonea

159 2758 265 2832 lessio
291 2751 539 2825 honestissima
564 2762 635 2833 est;
670 2743 763 2816 hanc
788 2762 905 2818 autem
931 2750 968 2819 in
993 2751 1160 2842 periculis
1211 2763 1441 2821 consecutum
1466 2752 1693 2845 tyrannidem
1717 2753 1756 2822 in
1780 2753 1916 2845 patria,
1940 2752 2204 2823 imitatumesse
2247 2770 2249 2823 !

39 2914 41 2918 -
160 2860 338 2941 retinere,
364 2880 429 2925 nec
449 2854 534 2924 ullis
558 2851 667 2921 minis
691 2864 752 2920 aut
776 2851 933 2922 cruciatu
951 2854 1027 2923 ullo
1044 2856 1159 2923 deter·
1212 2854 1384 2922 absurdas
1407 2853 1485 2923 illas
1507 2855 1765 2945 disputationes
1789 2857 1834 2925 de
1854 2855 2043 2926 communi
2064 2878 2135 2927 usu
2155 2876 2204 2923 re·

160 2964 233 3036 reri
248 2986 289 3031 ac
302 2958 434 3051 depelli
448 2981 467 3024 a
482 2966 577 3025 recta
593 2953 780 3035 sententia,
806 2948 893 3023 haec
906 2957 1060 3044 gravitas
1076 2981 1160 3026 con-
1212 2980 1292 3025 rum
1315 2968 1351 3026 et
1367 2956 1579 3044 mulierum3
1606 2958 1728 3029 tulisse
1744 2959 1841 3028 enim
1857 2960 1990 3049 legem,
2015 2972 2059 3029 ut
2077 2953 2203 3027 domini

161 3064 360 3156 stantiaque
374 3058 639 3154 propriedigua
654 3068 705 3127 est
718 3051 1036 3147 virol‘httosophu
1069 3057 1157 3129 Glo·
1191 3072 1247 3127 set
1268 3059 1361 3127 servi
1383 3061 2023 3132 communiteromuibus-fortuniset
2041 3060 2200 3132 uxoribus

161 3172 298 3241 ciosum
322 3177 374 3233 est
392 3163 502 3251 igitur
516 3156 722 3241 Aristoteli,
747 3161 930 3229 numerari
949 3162 1043 3231 inter
1060 3186 1158 3231 sum·
1212 3172 1408 3233 uterentur.
1470 3159 1523 3232 lta
1545 3164 1636 3233 male
1657 3164 1857 3234 intellectae
1878 3163 2044 3235 Platonis
2067 3160 2200 3240 ironisc,

90 3335 94 3341 .
160 3294 239 3344 mos
253 3269 368 3352 viros,
392 3265 457 3359 qui
473 3275 619 3354 propter
633 3257 800 3331 honestas
815 3263 1003 3355 opiniones
1017 3279 1052 3336 et
1067 3279 1159 3335 recta
1213 3264 1373 3353 ineptum
1398 3259 1582 3334 hominem
1602 3290 1747 3356 prorsus
1769 3267 2001 3340 infamarunt
2075 3261 2202 3337 Aristo
2247 3274 2249 3299 ²

162 3372 313 3446 consilia
342 3360 624 3463 aSycophantis
652 3364 767 3433 vexati
799 3380 859 3436 atat
885 3369 1043 3457 oppressi
1065 3382 1159 3440 sunt.
1212 3367 1298 3435 teles
1330 3380 1453 3437 contra
1489 3368 1703 3440 discentium
1741 3371 1886 3440 utilitati
1924 3369 2135 3452 consulere,
2175 3378 2203 3433 et

152 3468 593 3569 ·1ttqu0niamomnibus
617 3467 791 3536 aetatibus
815 3465 1062 3561 sycophantae
1083 3472 1156 3541 bel·
1212 3464 1351 3538 scholas
1382 3470 1507 3541 iuvare
1538 3472 1663 3545 voluit.
1730 3470 1828 3542 Haec
1851 3473 2016 3542 voluutas
2043 3472 2150 3543 etiam
2172 3468 2202 3537 io

160 3582 237 3651 lum
267 3587 395 3666 gerunt
426 3596 506 3642 cum
536 3570 689 3639 veritate·
715 3565 939 3657 duuovdcov,
984 3575 1159 3663 erigamus
1212 3567 1433 3663 Plrilosopho
1465 3597 1627 3663 magnam
1659 3576 1800 3644 laudem
1832 3588 2001 3647 meretur.
2073 3572 2203 3661 lntrgrc

162 3683 302 3752 animos
332 3674 502 3765 exemplis
531 3670 787 3763 praestantium
818 3674 962 3744 illorum
989 3677 1159 3760 virorum,
1212 3677 1414 3766 complexus
1429 3689 1480 3746 est
1495 3675 1836 3762 artesDialecticen,
1861 3673 2041 3771 Physicen
2056 3670 2201 3748 etllthi-

163 3808 228 3855 nec
245 3779 434 3872 iniquitate
450 3771 637 3844 hominum
654 3774 811 3843 sinamus
827 3801 893 3846 nos
905 3780 950 3846 ab
964 3780 1080 3848 officio
1096 3781 1157 3849 ab·
1213 3802 1296 3860 cen,
1323 3792 1357 3847 et
1381 3781 1469 3847 duas
1492 3802 1548 3847 res
1563 3775 1727 3862 adhibet,
1756 3805 1845 3874 quae
1862 3780 1986 3848 lumen
2002 3779 2160 3850 afferunt
2172 3777 2202 3845 is

163 3885 257 3958 duci.
313 3880 354 3950 lu
381 3900 516 3948 secessu
536 3875 601 3943 illo
625 3877 808 3967 aliquanto
834 3894 910 3971 post
930 3894 1156 3951 mortuusest
1212 3882 1393 3965 docendo,
1427 3876 1654 3965 methodum,
1685 3898 1719 3952 et
1748 3883 2001 3975 proprietatem
2025 3880 2203 3953 sermonis.

163 4012 282 4068 anno,
307 3996 350 4053 ut
374 3983 513 4062 ferunt,
539 3978 794 4063 climacterica,
820 3984 1033 4071 sexagesimo
1054 3986 1158 4055 tertio
1213 3981 1309 4054 Utile
1332 3998 1383 4053 est
1404 3983 1513 4073 igitur
1529 3984 1769 4055 adolescentes
1785 3988 1829 4067 ad
1846 3983 2114 4055 Aristotelicam
2129 4006 2204 4055 cor·

166 4089 288 4161 aetatis
302 4108 397 4155 suae.
426 4080 548 4151 Mores
562 4082 637 4151 eins
650 4081 715 4152 etsi
731 4082 768 4151 in
785 4085 946 4155 oratione
958 4087 1158 4178 ipsiusper-
1212 4088 1437 4155 suetudinem
1458 4087 1648 4159 assuefieri.
1712 4087 1898 4158 Platonica
1918 4089 1980 4156 illa
2005 4086 2153 4159 licentia
2172 4085 2203 4156 iu

164 4194 303 4273 lucent,
336 4201 453 4257 tamen
477 4184 628 4254 iudicari
649 4200 797 4276 possunt
816 4213 856 4256 ex
880 4202 932 4258 tot
955 4187 1096 4281 Regum
1120 4216 1159 4260 ac
1212 4190 1430 4281 disputando
1459 4192 1553 4280 parit
1577 4192 1729 4260 incertas
1749 4206 1782 4260 et
1805 4191 1989 4280 ambiguas
2009 4191 2203 4281 opiniones

162 4292 373 4383 Principum
390 4289 547 4357 virorum
561 4289 809 4359 benevolentia
824 4313 905 4381 erga
922 4316 1016 4376 eum,
1042 4318 1159 4387 quam,
1211 4317 1287 4361 non
1318 4315 1418 4361 secus
1439 4315 1478 4359 ac
1503 4292 1658 4382 pictores
1680 4292 1842 4363 ludentes
1861 4296 2015 4385 pingunt
2037 4288 2204 4365 chimera

163 4397 235 4467 nisi
252 4394 374 4464 ferisset
391 4390 430 4460 in
446 4415 486 4460 eo
502 4390 692 4481 singularis
708 4393 871 4481 gravitas,
897 4395 991 4465 tueri
1005 4420 1081 4471 non
1095 4422 1158 4488 po-
1211 4409 1274 4464 aut
1303 4408 1504 4464 centauros.
1573 4392 1759 4482 Quantum
1790 4410 1908 4466 autem
1933 4409 1969 4466 et
1991 4397 2102 4468 rebus
2128 4393 2203 4484 ipsis

83 4492 88 4508 ²
164 4498 298 4571 tuisset.
349 4493 618 4565 Testamentum
636 4494 711 4564 eius
729 4496 834 4565 etiam
852 4498 1025 4578 declarat,
1044 4506 1157 4592 'quam
1213 4494 1423 4567 Aristoteles
1446 4496 1565 4565 vincat
1588 4498 1675 4565 alias
1697 4512 1822 4583 sectas,
1846 4522 1887 4566 ex
1911 4522 1952 4569 eo
1973 4497 2131 4589 intelligi
2148 4518 2204 4589 po·

162 4600 270 4672 luerit
287 4590 548 4695 φιλόστοργοςι
575 4597 847 4686 diligentissime
863 4601 959 4671 enim
977 4608 1159 4671 com'men-
1212 4612 1289 4681 test,
1316 4595 1611 4690 quodDialectica
1627 4601 1726 4670 nulla
1741 4602 1808 4670 alia
1824 4601 1931 4688 digna
1944 4601 2021 4671 visa
2036 4615 2102 4687 est,
2124 4618 2205 4693 quae

164 4706 226 4773 dat
251 4725 397 4772 araurem
425 4715 459 4770 et
485 4701 617 4769 liberos
644 4698 843 4794 Antipatro.
887 4702 1007 4774 'Srrnt
1029 4719 1065 4773 et
1090 4704 1158 4771 alia
1212 4701 1415 4791 perveniret
1444 4701 1488 4767 ad
1518 4716 1695 4790 posteros,
1732 4704 1801 4771 nisi
1832 4700 2081 4787 Aristotelica‚
2116 4700 2204 4797 quud

160 4802 395 4876 humanitatis
424 4805 529 4894 plena
563 4805 600 4873 iu
632 4818 859 4889 testamento,
900 4830 990 4899 quae
1020 4830 1067 4873 ne
1092 4804 1158 4872 sim
1184 4836 1189 4851 ·
1212 4798 1389 4895 Physicen
1414 4827 1455 4870 ex
1470 4805 1692 4890 geometricis
1714 4806 1828 4876 initiis
1848 4806 2127 4896 prudentissime
2145 4804 2206 4875 du·

166 4908 338 5001 prolixior
359 4906 498 4979 omitto.
550 4906 656 4977 Nunc
676 4932 781 5001 quam
810 4911 855 4979 sit
881 4907 1018 4996 egregia
1043 4907 1159 4991 imago
1185 4858 1189 4983 l
1212 4904 1269 4973 cit.
1325 4902 1441 4988 Quam
1466 4922 1655 4976 venustum
1678 4922 1749 4992 est,
1774 4912 1871 5002 quod
1887 4933 1984 4979 unus
1999 4910 2094 4980 vidit
2107 4921 2205 4981 natu·

163 5010 268 5081 nobis
285 5008 464 5101 proposita
483 5009 551 5079 viri
570 5007 803 5101 Philosophi,
830 5005 1159 5080 seu'hominisver-
1185 4988 1189 5137 ἰ
1212 5030 1288 5073 ram
1305 5006 1465 5089 virtutis3
1493 5030 1567 5078 esse
1580 5009 1769 5080 affectuum
1785 5010 2099 5082 mediocritatem?
2129 5008 2206 5099 Qut
2246 5044 2249 5079 ι

162 5115 272 5184 santis
297 5113 337 5180 in
360 5113 507 5197 studiis,
533 5139 642 5205 caque
665 5113 850 5205 referentis
872 5112 914 5177 ad
935 5132 1159 5177 communem
1213 5107 1363 5177 consilio
1392 5109 1597 5197 gravissime
1619 5113 1792 5202 significat
1816 5114 1955 5184 animos
1975 5113 2207 5185 assuefacien-

162 5216 377 5297 utilitatem,
402 5215 451 5285 ita
474 5216 670 5305 intelligere
695 5212 878 5305 poteritis,
904 5210 933 5276 si
959 5211 1081 5279 animo
1105 5226 1161 5283 to·
1212 5213 1279 5279 dos
1301 5233 1374 5279 esse
1396 5211 1434 5279 in
1450 5214 1550 5282 omni
1570 5215 1641 5285 vita
1657 5217 1701 5284 ad
1718 5216 2013 5289 mediocritatem.
2065 5214 2137 5287 Sed
2155 5237 2205 5283 re·

163 5333 234 5390 tam
258 5313 445 5386 historiam
468 5318 719 5398 intuebimini,
744 5328 778 5383 et
799 5312 1072 5382 considerabitis
1086 5315 1159 5383 vim
1185 5356 1189 5417 3
1211 5306 1448 5404 prehenditur
1469 5314 1508 5382 in
1532 5313 1724 5389 Aristotele
1747 5319 1965 5403 obscuritas,
1998 5342 2109 5410 quarn
2131 5315 2206 5412 qni·
2247 5376 2249 5385 .

142 5436 267 5513 atque
284 5421 435 5510 impetus
449 5420 603 5509 ingenii,
629 5419 779 5509 primam
798 5415 872 5484 eius
888 5415 1161 5502 institutionem,
1184 5422 1188 5479 1
1212 5417 1292 5483 dem
1309 5414 1384 5506 ipse
1399 5416 1577 5488 affectasse
1592 5421 1733 5504 dicitur,
1755 5421 1839 5514 quia
1852 5421 1984 5493 dixerit
2000 5422 2117 5491 libros
2129 5439 2205 5489 suos

129 5558 134 5563 ·
163 5523 365 5593 studiorum
389 5524 538 5612 gradus,
564 5520 743 5590 infinitam
764 5516 1161 5614 discendi-aviditatem,
1184 5488 1189 5599 l
1211 5518 1324 5588 editos
1340 5540 1446 5603 esse,
1477 5536 1513 5591 ct
1540 5546 1614 5592 non
1645 5523 1769 5594 editos.
1830 5521 1918 5595 Meo
1947 5523 2085 5595 iudicio
2105 5524 2203 5610 longe
