4664 6022
139 302 216 383 tte
866 290 1028 369 once.
1068 288 1142 373 nu
1174 287 1464 368 retroue
2112 292 2191 377 tro

143 472 284 549 scholas
297 466 423 549 lubet,
448 480 609 537 versatur
624 491 697 537 una
713 463 829 553 Dion,
851 480 886 537 et
905 468 1010 538 multi
1037 467 1143 538 nobi·
1193 464 1340 555 cogitari
1355 465 1475 557 possit.
1527 462 1667 536 Rursus
1680 467 1816 558 ‚quibus
1830 468 1907 538 vult
1924 470 2057 542 addere
2070 471 2193 562 splen-

144 580 195 649 les
215 575 456 646 adolescentes
467 568 699 664 Syracusani,
724 571 762 639 in
780 571 910 663 quibus
935 571 1002 639 luit
1020 568 1143 640 Eude-
1194 570 1316 638 dorem
1335 583 1369 637 et
1384 583 1612 652 ornamenta,
1644 568 1683 637 in
1698 564 1756 638 his
1772 571 1877 660 longe
1894 572 2006 644 vincit
2022 574 2194 646 varietate

145 703 226 751 mus
243 674 447 747 Aristotelis
470 673 614 744 amicus.
667 671 794 742 Postea
816 695 959 742 excusso
984 671 1143 758 Platone,
1194 670 1510 761 amplificationum
1552 684 1586 740 et
1619 686 1801 742 venustate
1842 674 2035 762 figurarum
2066 699 2194 747 omnes

91 856 96 865 ,
144 799 321 876 tyrannus
341 775 492 866 grassari
504 774 605 844 omni
622 775 751 844 scelere
769 777 894 866 coepit.
946 773 1142 864 Coniugem
1196 785 1363 845 oratores.
1422 770 1544 865 ltaque
1575 774 1744 842 nonnulli
1768 777 1952 862 dixerunt,
1985 774 2132 859 Iovem,
2165 779 2195 850 si

145 880 278 955 Dionis
294 881 429 949 nubere
446 877 548 947 alteri
566 877 669 966 cogit.
714 876 811 946 Haec
827 879 894 946 fuit
912 902 1014 948 causa
1032 876 1144 947 Dioni
1196 873 1332 945 Graece
1346 874 1531 944 locuturus
1543 888 1649 960 esset,
1677 875 1837 947 Platonis
1852 903 2000 949 usurum
2017 880 2193 956 oratione.

147 982 319 1054 movendi
334 981 432 1061 belli,
460 981 584 1072 inquo
603 982 738 1068 egregie
752 981 895 1049 adiutus
909 993 959 1050 est
976 1006 994 1050 a
1011 980 1144 1049 nobili·
1195 977 1357 1047 Fuerunt
1371 977 1478 1068 paulo
1493 978 1692 1068 superiores
1708 977 1856 1051 Platone
1872 977 2071 1066 Rhetores,
2094 981 2192 1053 Gor·

148 1089 217 1157 bus
248 1085 406 1166 civibus,
438 1081 599 1151 Platonis
630 1084 869 1152 auditoribus:
910 1083 957 1152 ita
984 1083 1145 1153 Platonis
1195 1081 1280 1170 glas,
1300 1075 1586 1174 Thrasymachus
1602 1094 1636 1150 et
1651 1081 1712 1148 alii
1728 1083 1886 1174 quidam,
1908 1084 1971 1177 qui
1987 1085 2194 1155 adolescen-

150 1183 270 1259 schola
293 1188 338 1255 de
361 1198 514 1279 tyranno
539 1184 647 1254 iustas
673 1209 804 1277 poenas
826 1185 986 1274 sumpsit.
1042 1183 1146 1270 Nam,
1196 1196 1247 1251 tes
1262 1183 1469 1252 exercebant
1484 1183 1522 1251 in
1538 1182 1708 1268 dicend03
1735 1208 1817 1252 nam
1834 1209 1871 1253 ea
1885 1186 2076 1278 disciplina
2091 1208 2194 1279 prae·

151 1306 192 1361 ut
214 1290 375 1359 futurum
399 1285 500 1355 Plato
524 1287 762 1376 praedixerat,
794 1301 966 1380 tyrannus
996 1310 1145 1375 regnum
1197 1284 1312 1375 cipue·
1333 1297 1419 1353 tunc
1450 1285 1742 1354 existimabantur
1773 1287 1918 1357 iuvenes
1944 1291 1989 1358 ad
2014 1287 2194 1382 Rempub.

152 1392 282 1465 amisit.
333 1387 534 1460 Consenuit
554 1389 683 1457 deinde
701 1387 801 1457 Plato
818 1390 945 1457 nonin
962 1389 1059 1473 ocio,
1085 1390 1146 1457 secl
1198 1386 1433 1476 praeparandi
1455 1407 1540 1459 esse.
1592 1386 1668 1457 llos
1692 1388 1775 1480 quia
1800 1385 1891 1457 nihil
1918 1392 2110 1461 tradebant
2125 1392 2193 1462 nisi

100 1502 104 1507 '
153 1497 251 1588 quod
267 1507 318 1564 est
333 1487 623 1561 honestissimum
640 1492 801 1561 docendo
817 1514 856 1560 ac
873 1493 1063 1561 scribendo
1087 1514 1146 1559 ex·
1198 1483 1393 1557 rhetoricos
1421 1489 1579 1574 libellos,
1612 1503 1646 1558 ct
1673 1490 1949 1562 assuefaciebant
1971 1494 2192 1566 iuventutem

154 1598 274 1667 citavit
293 1594 508 1687 optimarum
531 1594 661 1663 artium
684 1594 811 1666 studia.
862 1590 1010 1664 Habetis
1031 1588 1148 1662 histo·
1198 1592 1243 1659 ad
1260 1590 1401 1658 inanem
1419 1591 1659 1681 garrulitatem
1674 1592 1751 1661 sine
1769 1617 1887 1662 rerum
1907 1597 2090 1681 doctrina,
2116 1620 2194 1687 par·
2222 1620 2226 1625 ·

153 1701 244 1770 riam
268 1691 494 1789 philosophi,
526 1720 615 1786 quae
640 1697 799 1765 continet
821 1720 902 1765 vere
924 1690 1149 1788 philosophi·
1199 1693 1266 1761 sim
1281 1690 1381 1763 Plato
1398 1695 1486 1762 salse
1501 1693 1661 1787 exagitat.
1712 1693 1803 1764 Nam
1826 1721 1905 1765 cum
1929 1692 2021 1766 nihil
2044 1697 2194 1771 sitRei-

154 1826 235 1872 cum
259 1800 353 1870 vitae
375 1796 603 1869 curriculum.
655 1797 857 1890 Cupiditate
881 1799 1040 1868 discendi
1062 1798 1150 1867 adiit
1200 1796 1285 1886 pub.
1305 1796 1560 1885 perniciosius,
1586 1819 1693 1888 quam
1712 1797 1887 1868 assuefieri
1911 1813 2032 1870 tenera
2052 1801 2194 1891 ingenis

140 1903 286 1972 multas
312 1901 474 1989 regiones
499 1897 730 1992 longinquas,
763 1901 897 1970 invexit
930 1901 968 1969 in
997 1900 1148 1993 patriam
1200 1898 1244 1965 ad
1265 1892 1512 1988 Sophisticen,
1539 1895 1642 1967 Plato
1665 1899 1743 1968 iure
1769 1901 1896 1970 exarsit
1919 1905 2091 1973 adversus
2121 1902 2194 1974 eius

145 2005 307 2096 'optimas
321 2016 422 2086 artes,
438 2001 602 2071 excitavit
614 2004 742 2086 studia,
764 2004 984 2073 conflictatus
1001 2016 1053 2073 est
1068 2026 1149 2073 cum
1200 2001 1323 2068 aetatis
1344 1995 1542 2086 Rhetores,
1574 2024 1729 2092 quorum
1755 2004 1927 2093 palestrae
1956 2018 2101 2075 tantum
2126 2007 2195 2076 ale·

155 2107 318 2200 tyrannis
328 2131 337 2189 ;
369 2128 453 2172 nam
476 2104 512 2171 id
538 2128 681 2198 quoque
703 2107 745 2173 ad
771 2100 1022 2196 philosophum
1037 2103 1149 2196 perti·
1200 2097 1538 2193 bantSophisticen.
1584 2101 1768 2194 Repressis
1787 2105 1895 2193 igitur
1911 2102 2042 2178 horum
2059 2109 2194 2195 studiis,

156 2223 228 2281 net.
279 2205 443 2299 Reliquit
458 2222 532 2274 non
545 2207 661 2275 solum
677 2207 819 2298 scripta,
845 2210 904 2276 sed
919 2209 1023 2277 etiam
1041 2206 1149 2276 disci·
1200 2204 1307 2275 etiam
1344 2206 1489 2298 eosqui
1516 2200 1735 2276 Rhetoricen
1762 2208 2022 2298 profitebantur
2057 2224 2194 2302 postea,

156 2312 278 2399 pulos,
313 2310 376 2401 qui
407 2307 645 2398 posteritatem
671 2310 880 2379 erudierunt
908 2323 942 2379 et
962 2333 1150 2379 conserva·
1201 2306 1296 2376 acuit
1320 2319 1354 2375 et
1376 2307 1557 2387 excitavit,
1583 2307 1738 2399 primum
1761 2322 1800 2378 ut
1821 2309 1996 2399 fugientes
2016 2307 2194 2404 Sophisti·

157 2424 243 2480 runt
258 2423 351 2480 artes
365 2410 456 2478 vitae
471 2409 588 2482 utiles.
629 2409 737 2499 Quod
752 2412 844 2480 vitae
862 2435 971 2501 genus
988 2408 1070 2480 huic
1085 2435 1151 2480 an·
1202 2433 1286 2493 een,
1311 2408 1406 2477 locos
1428 2433 1610 2479 causarum
1625 2434 1708 2479 vera
1730 2412 1882 2503 quadam
1903 2415 2044 2483 ratione
2065 2415 2190 2485 cousti-

156 2514 379 2582 teserendum
403 2511 477 2580 est?
511 2525 572 2580 aut
596 2515 693 2605 quod
714 2537 846 2583 munus
870 2515 907 2581 in
930 2515 1002 2584 vita
1026 2514 1150 2583 utilius
1201 2524 1342 2580 tuerent
1363 2523 1397 2579 et
1413 2526 1618 2600 argumenta
1643 2537 1684 2581 ex
1709 2515 1936 2603 negociorum
1956 2518 2193 2588 lontibussu·

156 2629 207 2685 est
240 2615 399 2684 societati
432 2609 637 2695 hominum,
660 2640 786 2708 quam
820 2640 949 2686 munus
976 2616 1151 2685 docendi?
1202 2626 1358 2697 merent,
1389 2637 1464 2682 non
1487 2616 1673 2706 peregrina
1693 2629 1754 2684 aut
1779 2615 1937 2698 Poetica,
1971 2621 2033 2687 sed
2060 2634 2144 2711 apta
2163 2632 2194 2690 et

156 2716 280 2809 ltaque
296 2730 387 2786 recte
408 2717 546 2808 inquit,
572 2711 824 2808 philosophos,
853 2719 918 2787 etsi
934 2742 1007 2787 uon
1027 2732 1150 2807 gerant
1201 2729 1435 2785 consentanea
1449 2719 1575 2801 rebus,
1601 2719 1645 2787 cle
1667 2717 1796 2811 quibus
1812 2718 2004 2789 dicendum
2023 2734 2113 2792 erat.
2149 2719 2193 2792 lli

155 2817 405 2908 Magistratus,
432 2831 465 2888 et
475 2819 676 2889 abstineant
692 2844 712 2888 a
727 2822 927 2890 forensibus
946 2821 1149 2911 occupatio-
1201 2832 1283 2887 sunt
1299 2818 1469 2887 orationis
1485 2819 1607 2898 nervi,
1640 2819 1717 2887 sine
1731 2820 1861 2911 quibus
1884 2822 1988 2890 etiam
2007 2823 2040 2890 si
2053 2824 2195 2896 bellust

155 2921 274 3004 nibus,
300 2935 418 2989 tamen
434 2944 474 2989 eo
493 2921 603 2990 iustos
619 2944 710 3001 esse,
738 2923 820 3015 quia
835 2937 925 2992 artes
942 2923 1033 2993 vitae
1046 2923 1150 2991 utiles
1202 2921 1297 2988 varie
1325 2920 1417 3010 picta
1446 2923 1632 3006 dicuntur,
1669 2935 1787 2991 tamen
1815 2923 1930 2992 oratio
1955 2938 1997 2993 et
2022 2925 2191 2997 inaniset

156 3021 344 3115 inquirant
364 3037 399 3093 et
414 3024 566 3092 tradant.
618 3021 699 3091 Nou
721 3025 1151 3114 profectotueliusmece-
1203 3022 1320 3113 inepta
1337 3035 1399 3095 est.
1452 3021 1505 3093 Ac
1529 3018 1741 3092 hosnervos
1761 3039 1898 3093 secutae
1920 3040 2004 3097 suut
2026 3028 2184 3098 etiamn

155 3141 215 3196 tur
228 3126 271 3194 de
285 3121 428 3214 Repub.
443 3125 567 3193 aedilis
585 3124 646 3216 qui
670 3125 797 3194 molem
813 3128 966 3220 aliquam
981 3128 1149 3210 aedificat,
1201 3123 1419 3209 elocutione,
1448 3126 1580 3195 multae
1606 3126 1763 3214 egregiae
1786 3127 1951 3209 virtutes,
1983 3132 2189 3218 gravitaret

157 3250 263 3319 quam
287 3225 344 3294 vir
360 3227 502 3310 doctus,
528 3227 591 3318 qui
607 3227 696 3316 regit
716 3227 925 3316 religiones,
952 3229 1150 3322 quiosten·
1201 3227 1386 3317 splendor:
1418 3227 1536 3319 itaque
1559 3221 1808 3296 Demosthenis
1837 3229 2060 3300 oratiorum
2094 3232 2192 3302 rehut

141 3318 228 3413 dit,
253 3327 339 3420 quid
354 3327 400 3398 sit
415 3328 559 3409 iustum,
585 3329 646 3421 qui
665 3342 826 3399 naturam
842 3355 960 3399 rerum
977 3331 1149 3422 patefacit,
1201 3341 1276 3396 tum
1313 3329 1511 3397 elocutione
1536 3330 1641 3418 longe
1666 3344 1818 3421 praestat
1849 3346 2009 3401 veterum
2028 3333 2192 3427 scriptis.

136 3454 195 3515 ,ac
212 3430 368 3499 remedia
381 3430 575 3499 necessaria
590 3426 796 3500 hominibus
810 3447 994 3502 monstrat.
1028 3429 1148 3520 Quare
1200 3428 1345 3501 Habent
1370 3432 1542 3522 quaedam
1576 3431 1753 3502 lenocinia
1780 3446 1814 3501 et
1843 3433 2011 3503 flosculos
2039 3434 2191 3527 Gorgias

104 3563 109 3572 ’
155 3533 221 3601 etsi
245 3530 345 3600 Plato
370 3554 433 3601 suo
455 3533 609 3625 quodam
634 3534 783 3602 consilio
809 3558 883 3603 non
905 3535 1010 3624 gessit
1032 3533 1149 3623 Magi·
1200 3534 1444 3602 oratiunculae
1471 3534 1549 3601 sine
1578 3534 1671 3601 veris
1697 3535 1932 3623 argumentis,
1966 3536 2045 3607 sine
2069 3539 2190 3631 splen·

155 3645 284 3703 stratus
310 3633 348 3700 in
371 3635 501 3723 patria,
526 3648 645 3703 tamen
665 3636 708 3703 de
734 3636 890 3720 civibus,
915 3638 987 3704 imo
1010 3637 1054 3703 de
1075 3648 1148 3706 tota
1201 3637 1310 3717 dore,
1340 3634 1416 3703 sine
1438 3635 1711 3726 compositione3
1746 3636 1872 3728 Lysiae
1887 3660 1971 3707 vero
1986 3653 2189 3728 arguments

156 3734 372 3826 posteritate,
394 3758 521 3824 genere
533 3736 641 3804 ollicii
657 3739 913 3826 praestantiore
927 3739 1060 3828 optime
1074 3761 1149 3805 rne-
1201 3736 1337 3804 etiamsi
1362 3751 1446 3807 sunt
1469 3752 1566 3829 apta,
1602 3751 1724 3807 tamen
1744 3752 1828 3807 sunt
1845 3740 2037 3828 exanguia,
2065 3755 2102 3813 et
2122 3742 2189 3812 sine

156 3837 326 3907 'ritusest
377 3830 431 3906 Ac
448 3851 698 3907 commemorat
717 3838 792 3929 ipse
807 3863 965 3924 causam,
992 3863 1056 3908 cur
1069 3840 1150 3908 abs-
1201 3839 1328 3911 nitore.
1377 3835 1454 3909 Etsi
1484 3853 1601 3908 autem
1630 3840 1840 3930 compositio
1863 3853 1900 3909 et
1919 3843 2010 3912 ratio
2041 3843 2190 3915 ornandi

158 3938 305 4008 tinuerit
334 3939 380 4008 ab
399 3939 708 4009 administratione
732 3941 902 4022 civitatis,
938 3942 1022 4033 quia
1047 3964 1149 4031 pcae-
1201 3941 1343 4011 videtur
1366 3943 1411 4009 ab
1437 3940 1588 4011 {socrate
1610 3941 1766 4033 primum
1790 3955 1966 4028 mutuata,
1998 3947 2065 4039 qui
2092 3947 2188 4038 paula

157 4053 291 4109 sentem
308 4053 436 4110 statum
454 4065 528 4110 non
544 4043 720 4131 probaret,
743 4056 777 4113 et
791 4057 908 4114 tamen
924 4044 1148 4114 tolerandum
1201 4043 1267 4111 luit
1288 4044 1404 4112 maior
1430 4056 1517 4113 natu
1539 4068 1644 4136 quam
1667 4041 1788 4129 Plato,
1820 4056 1937 4114 tamen
1968 4043 2190 4119 nonnihilet
2231 4108 2233 4113 .

158 4165 230 4211 esse
245 4143 403 4226 sentiret,
429 4144 512 4234 quia
530 4157 568 4211 ut
588 4157 792 4230 parentum,
818 4145 866 4215 ita
882 4148 1016 4237 patriae
1034 4169 1149 4215 mores
1201 4143 1361 4215 Platonis
1376 4146 1610 4217 elocutionem
1626 4147 1800 4238 proluisse
1815 4147 2077 4238 posterioribus
2088 4173 2190 4244 appa·
2231 4168 2233 4177 '

157 4244 262 4313 etiam
281 4267 406 4332 parum
425 4245 605 4312 commodi
618 4245 755 4313 lercndi
771 4246 852 4315 sint.
896 4245 967 4317 Sed
982 4248 1148 4328 arbitror,
1201 4260 1265 4318 ret.
1316 4245 1474 4317 Consilia
1500 4273 1584 4318 vero
1604 4249 2191 4346 ininveuieudonervietampli-

157 4346 312 4436 primum
345 4345 481 4413 cladem
516 4347 648 4436 patriae
683 4362 716 4418 et
750 4349 952 4419 servitutem
979 4350 1018 4418 in
1045 4374 1148 4419 causa
1201 4348 1380 4420 ficationes
1400 4351 1439 4418 in
1454 4347 1695 4422 Demosthene
1714 4346 1810 4422 haud
1828 4351 2189 4427 dubiePlatonisdo-

157 4448 281 4531 fuisse,
307 4471 378 4539 quo
402 4446 521 4515 minus
537 4451 716 4519 accederet
731 4452 773 4518 ad
791 4448 991 4541 Rempub.,
1019 4453 1149 4522 deiude
1201 4452 1349 4522 ctrinam
1367 4454 1540 4525 redolent.
1592 4451 1683 4523 Nam
1698 4449 1956 4524 Demosthenes
1971 4478 2050 4528 non
2066 4454 2190 4553 ¹proenl

158 4550 272 4619 studia
289 4550 473 4618 doctrinae
488 4549 645 4620 animum
661 4552 736 4620 eius
750 4577 770 4621 a
786 4555 929 4624 caeteris
946 4556 1148 4646 occupatio·
1201 4555 1346 4624 accersit
1366 4569 1574 4644 arginuenta
1595 4555 1710 4624 aliena
1728 4559 1774 4627 ab
1795 4557 1980 4644 instituto,
2003 4573 2048 4632 ut
2060 4560 2190 4633 faciunt

158 4653 264 4720 nibus
278 4653 520 4738 abduxerunt,
547 4678 614 4745 qua
630 4654 667 4722 in
683 4678 721 4722 re
738 4656 849 4725 multo
865 4658 1046 4726 meliorem
1063 4681 1149 4748 ope-
1201 4653 1406 4748 Sophistae,
1430 4659 1492 4726 sed
1506 4682 1547 4725 ex
1563 4658 1790 4746 negociorum
1806 4660 1967 4730 lontibus
1982 4664 2096 4736 sumit
2112 4686 2191 4755 pu·

157 4778 233 4821 ram
269 4749 425 4844 Reipub.
459 4778 500 4823 ac
540 4756 728 4829 universae
762 4758 957 4848 posteritati
995 4761 1149 4830 navavit.
1202 4760 1296 4847 prias
1318 4761 1491 4844 rationes,
1523 4773 1563 4828 ut
1587 4763 1684 4829 decet
1713 4755 1896 4831 hominem
1928 4765 2134 4852 eruditum,
2158 4775 2191 4835 el

157 4851 261 4923 Nunc
282 4855 418 4947 aliquid
442 4857 646 4925 addendum
661 4872 712 4928 est
725 4861 769 4928 de
786 4859 862 4928 eius
884 4861 1041 4952 scriptis:
1068 4860 1150 4930 Pri·
1201 4856 1488 4946 hasDialectice,
1512 4886 1603 4952 pene
1621 4877 1662 4933 ut
1681 4864 1720 4932 tit
1741 4865 1780 4933 in
1803 4859 1943 4946 schola,
1968 4888 2102 4958 msgne
2121 4878 2190 4947 ests

158 4979 255 5023 mum
289 4956 491 5048 eloquentia
524 4971 622 5027 tanta
655 4973 725 5040 est,
767 4974 807 5031 ut
834 4962 939 5051 longe
965 4964 1150 5034 antecedat
1200 4965 1373 5044 contexit,
1405 4989 1445 5033 ac
1473 4965 1672 5058 plerunque
1701 4968 1865 5056 pugnans
1884 4969 2095 5045 sententias
2116 4976 2190 5040 nott

157 5077 280 5123 omnes
297 5055 452 5127 Graecos
467 5073 501 5129 et
514 5057 663 5129 Latinos
676 5076 843 5149 oratores,
862 5090 1014 5158 quorum
1030 5079 1149 5138 extant
1201 5066 1406 5156 populares,
1431 5070 1512 5151 sed,
1538 5082 1576 5138 ut
1590 5070 1639 5138 ita
1655 5069 1782 5153 dicam,
1808 5064 2056 5158 scholasticas,
2080 5073 2119 5151 id
2134 5082 2190 5156 est,

155 5158 293 5227 literae.
343 5156 486 5228 Nullius
501 5176 553 5231 est
573 5163 686 5232 oratio
701 5165 847 5236 uberior
860 5192 899 5235 ac
915 5167 1148 5259 splendidior.
1201 5192 1242 5236 ex
1276 5170 1438 5238 doctrina
1471 5172 1624 5263 quadam
1658 5171 1862 5258 gravissima
1895 5185 2014 5245 erutas
2047 5176 2190 5268 proten.

157 5257 200 5329 ln
216 5260 294 5329 aliis
308 5260 496 5329 laudamus
517 5264 703 5354 praecipue
719 5269 986 5360 proprietatem,
1013 5272 1051 5339 in
1068 5270 1148 5339 aliis
1201 5267 1299 5358 Quid
1314 5273 1517 5343 dubitemus
1530 5268 1939 5361 igiturDemostheuem,
1964 5298 2043 5346 non
2055 5290 2188 5349 ustum

154 5363 326 5442 nitorem,
361 5387 400 5430 ac
423 5363 614 5452 figurarum
635 5368 798 5455 delicias,
835 5369 936 5442 Plato
960 5396 1049 5465 quae
1069 5372 1148 5442 vult
1200 5368 1387 5442 rhetoricis
1428 5375 1577 5460 libellis,
1616 5377 1676 5444 sed
1709 5360 1775 5444 hac
1806 5377 2005 5447 eruditiore
2031 5376 2187 5450 doctrina

154 5466 296 5554 proprie
319 5465 465 5544 efferre,
488 5466 536 5537 ita
559 5468 693 5558 signate
714 5472 823 5566 dicit,
847 5487 887 5545 ut
910 5470 1006 5545 nihil
1030 5476 1146 5567 aptius
1200 5476 1394 5567 expolitum
1415 5476 1549 5548 luisse?
1588 5473 1641 5549 Ac
1665 5477 1839 5566 significat
1867 5478 1944 5569 ipse
1971 5503 2009 5550 se
2032 5478 2186 5554 Platonis

185 5744 218 5783 1.
