4664 6022
147 294 223 366 857
571 256 752 372 ἱὉΕΟΙ».
787 295 862 368 ott
896 295 1132 370 sttlutts
1161 293 1431 367 LlNGUAE
1467 294 1759 369 GRAECAE.
2109 297 2183 372 868

148 472 283 542 mitatis
307 486 464 556 nostrae,
490 494 611 540 causas
631 471 714 540 item
734 494 926 560 poenarum
943 496 983 540 ac
998 472 1142 539 calami·
1192 467 1445 556 Apostolorum
1464 470 1603 558 linguae
1621 470 1789 539 dissectae
1805 471 1843 538 in
1860 474 2005 543 modum
2021 474 2184 543 flammae

149 591 262 648 tatum
286 570 547 658 humanarum,
574 587 608 644 et
629 596 691 665 per
706 575 852 641 eandem
869 575 1067 644 doctrinam
1085 598 1141 641 rc·
1191 573 1450 660 adparuerunt,
1476 586 1509 642 et
1527 572 1593 663 ipsi
1609 573 1728 642 statim
1745 573 1852 642 variis
1867 573 1997 664 linguis
2012 575 2183 645 miracula

148 678 267 748 media
298 677 403 747 nohis
425 690 531 770 atque
558 676 804 746 liberationem
828 678 873 744 ab
894 677 1063 746 omnibus
1086 670 1141 745 his
1190 670 1258 741 Dei
1286 675 1406 765 eloqui
1436 697 1475 742 ac
1504 675 1706 765 praedicare
1736 691 1940 767 coeperunt.
2005 676 2183 768 Adparuit

149 781 348 861 aerumnis,
381 780 511 873 quibus
534 791 678 871 propter
701 791 879 870 peccatum
901 802 1066 870 oppressa
1091 793 1141 848 est
1191 789 1275 846 tunc
1294 773 1448 865 Spiritus
1472 792 1612 848 sanctus
1636 779 1701 848 sub
1726 780 1840 868 specie
1863 779 2026 873 flammae
2050 805 2089 849 ae
2112 779 2183 848 lin-

149 897 277 954 natura
306 878 481 966 humana,
514 896 547 952 et
576 894 752 950 aeternam
784 879 933 949 salutem
963 882 1141 974 vitamque
1190 900 1360 964 guarum,
1393 893 1425 949 et
1448 881 1560 970 prima
1583 881 1680 950 illius
1704 881 1816 951 virtus
1841 895 1947 974 atque
1967 881 2119 952 efficacia
2143 883 2182 950 in

150 987 256 1056 nohis
285 984 401 1054 offert.
470 981 571 1054 Misit
599 985 644 1052 ad
674 1006 739 1057 nos
771 983 928 1052 eiusdem
959 984 1140 1053 doctrinae
1191 981 1252 1050 illa
1282 981 1449 1050 varietate
1480 983 1683 1071 linguarum
1715 1006 1789 1053 sese
1817 984 1988 1056 ostendit:
2021 983 2096 1055 Deo
2120 1007 2182 1076 per

149 1088 301 1158 nuncios
325 1110 363 1154 ac
385 1086 586 1170 ministros,
627 1086 782 1176 primum
802 1100 941 1155 sanctos
965 1099 1078 1176 patres
1101 1110 1140 1153 ac
1192 1078 1257 1151 hoc
1298 1084 1412 1173 ipsum
1444 1085 1680 1173 significante,
1719 1088 1860 1179 qualem
1892 1083 2107 1171 Ecclesiam,
2148 1098 2182 1157 et

148 1185 361 1281 Prophetas:
387 1190 486 1260 misit
507 1191 648 1258 tandem
670 1201 852 1256 aeternum
869 1202 975 1282 atque
994 1188 1138 1257 unicum
1190 1185 1293 1277 quale
1307 1208 1474 1273 regnum,
1501 1203 1533 1256 et
1549 1212 1618 1280 quo
1635 1190 1741 1259 modo
1758 1190 1792 1259 id
1810 1191 1904 1259 inter
1918 1185 2081 1259 homines
2095 1213 2182 1258 con-

147 1294 263 1362 filium
288 1315 393 1362 suum
415 1291 608 1363 Dominum
631 1313 671 1358 ac
694 1291 952 1380 redemptorem
977 1305 1138 1361 nostrum
1189 1300 1395 1377 gregaturus
1410 1305 1516 1374 esset,
1542 1314 1668 1380 nempe
1684 1316 1746 1383 per
1761 1293 1974 1375 doctrinam,
2000 1290 2183 1362 cuiusmi-

149 1396 266 1466 lesum
282 1389 484 1473 Christum,
507 1407 547 1464 ut
562 1393 592 1461 is
608 1392 747 1461 victima
767 1416 830 1480 pro
847 1392 1140 1482 peccatisnostris
1190 1390 1300 1460 nistra
1318 1390 1438 1478 lingua
1455 1406 1543 1463 esset
1560 1394 1690 1466 futura.

148 1501 265 1581 heret,
297 1520 337 1565 ae
366 1520 432 1565 nos
458 1497 645 1566 decadem
672 1495 853 1564 volontate
876 1497 1009 1565 aeterni
1033 1494 1140 1586 patris
1291 1489 1381 1562 Cum
1398 1494 1507 1582 igitur
1521 1496 1624 1564 aliter
1637 1491 1705 1566 hoc
1719 1509 1858 1568 tantum
1874 1497 2009 1567 bonum
2025 1495 2181 1585 accipere

147 1604 321 1670 edoceret.
374 1594 539 1691 Eumque
559 1597 742 1666 hominem
760 1597 855 1680 fieri,
883 1592 1036 1666 humana
1055 1623 1140 1665 voce
1189 1620 1263 1663 non
1293 1596 1485 1686 possimus,
1518 1622 1625 1689 quarn
1653 1599 1824 1668 beneficio
1852 1600 2025 1669 sermonis
2053 1611 2087 1667 et
2110 1597 2182 1666 lin-

147 1704 253 1773 nobis
276 1701 397 1794 loqui,
421 1714 456 1770 et
477 1700 619 1793 quidem
639 1699 772 1768 aeterni
788 1703 898 1791 patris
913 1702 1061 1770 verbum
1077 1725 1140 1768 vo·
1189 1721 1296 1787 guae,
1327 1711 1368 1767 ut
1399 1700 1504 1768 divus
1527 1697 1658 1769 Paulus
1687 1701 1756 1785 ait,
1790 1702 1874 1771 fides
1898 1715 1950 1772 est
1973 1726 2014 1771 ex
2038 1700 2181 1771 auditu:

148 1806 220 1876 cari
244 1805 376 1888 voluit,
409 1816 449 1873 ut
470 1802 667 1873 doctrinam
693 1802 804 1890 ipsius
827 1804 1012 1894 praecipue
1036 1803 1140 1870 nobis
1190 1801 1316 1869 merito
1331 1802 1566 1890 magnifacere
1580 1803 1746 1871 dehemus
1761 1804 1864 1874 istam
1881 1804 2039 1874 nobilem
2056 1827 2183 1887 arcam,

148 1907 424 1979 commendaret,
479 1903 539 1975 ·Ac
562 1918 661 1997 pater
683 1906 758 1993 ipse
779 1906 823 1972 de
843 1907 941 1976 coelo
964 1905 1142 1997 praecepit
1190 1903 1227 1970 in
1243 1926 1312 1996 qua
1326 1917 1445 1973 tantus
1455 1899 1824 1997 thesaurusrepositus
1834 1908 2050 1990 adservatur,
2075 1927 2183 1997 quam

147 2014 266 2102 ipsum
297 2009 425 2079 audiri.
491 2004 573 2095 Quo
602 2021 761 2095 tempore
789 2030 861 2076 una
892 2033 974 2077 cum
1004 2006 1140 2098 Spiritu
1190 2005 1252 2098 qui
1275 2006 1474 2094 negligunt,
1503 2001 1540 2074 hi
1565 2032 1681 2100 neque
1704 2004 1870 2078 thesauro
1895 2009 2095 2098 potientur,
2121 2006 2183 2075 sed

147 2126 270 2182 sancto
293 2113 331 2180 in
356 2109 530 2202 baptismo
547 2104 682 2180 Christi
705 2132 741 2177 se
761 2111 1018 2187 manifestavit,
1041 2135 1081 2177 ac
1098 2111 1141 2177 de
1189 2132 1263 2177 tina
1285 2132 1364 2177 cuns
1389 2132 1490 2200 capsa
1516 2110 1631 2199 ipsum
1655 2134 1797 2204 quoque
1813 2109 1987 2180 amittent.
2040 2107 2184 2198 Quanta

148 2217 248 2285 coelo
274 2213 456 2285 clamavit:
491 2208 596 2281 Hunc
615 2212 744 2281 audite.
799 2211 962 2305 Denique
978 2208 1141 2283 Christus
1190 2234 1274 2279 vero
1292 2224 1325 2279 et
1341 2235 1448 2304 quant
1465 2225 1554 2281 tetra
1572 2213 1791 2300 ingratitudo
1806 2226 1875 2293 est,
1902 2227 1996 2284 tanta
2015 2213 2109 2280 dona
2126 2210 2184 2278 di-

148 2320 238 2408 ipse,
270 2341 350 2385 cum
373 2340 392 2385 a
419 2314 578 2392 ludaeis,
612 2315 692 2406 quis
714 2329 821 2397 esset,
854 2315 1141 2403 interrogaretur,
1190 2312 1272 2380 vina
1300 2313 1499 2402 negligere?
1533 2327 1663 2406 quanta
1687 2314 1914 2399 infoelicitas,
1946 2310 2001 2383 his
2025 2313 2184 2383 excidere

149 2415 225 2492 loh
250 2422 285 2490 8.
317 2416 519 2507 respondit,
564 2435 601 2483 se
629 2438 774 2506 prorsus
802 2417 899 2485 aliud
932 2412 1026 2485 nihil
1058 2440 1141 2500 esse,
1190 2440 1230 2485 ac
1245 2414 1432 2486 frustrari?

147 2545 255 2615 qoam
279 2542 360 2588 curn
383 2516 442 2610 qui
468 2517 700 2607 loqueretur
690 2540 792 2605 rpsrs
825 2515 892 2588 hoc
917 2533 987 2603 est,
1018 2522 1141 2587 docto-
1292 2514 1436 2586 Porro
1427 2530 1520 2586 mter
1542 2519 1700 2608 linguas,
1728 2517 1880 2601 Graeca,
1913 2519 1987 2587 sive
2007 2514 2183 2606 multipli-

147 2647 224 2692 rem
250 2632 356 2711 atque
377 2618 549 2688 nuncium
571 2618 710 2690 consilii
733 2643 773 2688 ac
795 2621 1140 2692 voluntatisaeterni
1190 2643 1265 2689 cem
1292 2620 1489 2690 doctrinam
1512 2633 1725 2712 spectemus,
1757 2646 1862 2740 quam
1887 2618 1983 2691 Deus
2006 2642 2069 2713 per
2093 2613 2184 2686 hanc

148 2723 260 2816 patris
281 2721 348 2792 sui.
400 2715 569 2790 Eiusdem
590 2721 774 2790 doctrinae
789 2724 987 2810 vulgandae
1002 2749 1042 2794 ac
1058 2748 1141 2814 pro
1190 2722 1347 2812 linguam
1369 2717 1527 2793 humano
1551 2747 1678 2814 genere
1698 2724 1913 2814 impertivit,
1944 2748 2007 2795 seu
2030 2719 2183 2791 suavita·

148 2823 328 2916 pagandae
348 2821 590 2912 provinciam,
615 2817 779 2894 Christus
799 2841 879 2917 post
897 2849 932 2895 se
949 2822 1141 2916 Apostolis,
1189 2838 1261 2893 tem
1292 2848 1331 2893 ac
1360 2825 1588 2915 elegantiam,
1625 2826 1729 2896 facile
1758 2826 1914 2917 primurn
1942 2827 2060 2897 locum
2089 2821 2185 2892 obti-

145 2948 341 3017 eorumque
365 2924 568 3017 discipulis,
591 2947 704 3018 usque
727 2929 812 2996 dum
835 2924 892 2997 hic
908 2929 1006 2997 orbis
1022 2939 1140 3008 staret,
1190 2924 1299 2996 nebit.

145 3027 341 3101 mandavit.
400 3022 448 3096 Et
469 3029 563 3120 quod
588 3028 830 3099 inenarrabile
853 3031 1063 3099 miraculum
1090 3043 1141 3098 est
1291 3025 1381 3095 Nam
1406 3027 1561 3118 primum
1585 3024 1668 3099 huic
1686 3030 1829 3120 linguae
1845 3028 1942 3100 Dens
1959 3052 2094 3100 novum
2113 3024 2187 3097 Te-

144 3130 355 3203 clementiae
376 3153 417 3197 ac
434 3129 603 3199 bonitatis
618 3130 781 3214 divinae,
803 3144 936 3201 tantam
954 3126 1060 3201 huius
1074 3133 1141 3199 do·
1190 3140 1422 3211 stamentum,
1456 3123 1523 3198 hoc
1552 3144 1622 3211 est,
1655 3154 1732 3199 eam
1760 3133 1980 3211 doctrinam,
2015 3131 2116 3202 euius
2139 3130 2186 3199 ad

142 3232 282 3305 ctrinae
297 3232 370 3300 vim
386 3254 460 3300 esse
473 3232 605 3316 voluit,
631 3244 671 3302 ut
687 3233 788 3302 nullo
805 3233 874 3303 alio
890 3235 1016 3318 modo,
1041 3233 1141 3304 nulla
1190 3254 1257 3301 nos
1278 3229 1450 3299 nuncium
1471 3255 1512 3300 ac
1528 3226 1718 3302 Ductorem
1740 3246 1923 3303 aeternum
1944 3232 2058 3301 filiurn
2082 3253 2186 3301 suurn

142 3335 302 3418 ratione,
328 3328 490 3403 homines
513 3335 558 3404 ab
580 3347 722 3404 aeterna
744 3349 860 3405 morte
882 3336 1048 3421 liberari,
1070 3336 1139 3404 sal·
1190 3332 1306 3417 misit,
1332 3332 1564 3404 concredidit.
1614 3333 1707 3407 Cum
1727 3335 1824 3405 enim
1848 3333 2002 3427 populus
2021 3330 2186 3403 Iudaicus

143 3438 255 3531 vique
278 3435 354 3506 fieri
378 3460 484 3529 quam
505 3459 570 3528 per
592 3432 660 3507 hoc
686 3438 835 3508 verbum
854 3451 1010 3529 possent.
1062 3435 1141 3508 Hoc
1190 3448 1337 3529 propter
1356 3434 1648 3525 ingratitudinem
1670 3461 1691 3507 a
1713 3438 1825 3527 gratia
1848 3436 1970 3507 divina
1993 3433 2187 3519 excidisset,

142 3540 255 3612 unico
283 3540 390 3608 modo
412 3533 509 3608 Deus
531 3539 770 3625 innotescere,
803 3564 843 3611 ac
866 3540 1046 3611 mentibus
1071 3535 1141 3609 hu·
1190 3550 1295 3633 atque
1323 3538 1419 3608 iusta
1449 3550 1606 3609 veterum
1638 3542 1864 3612 oraculorum
1894 3537 2186 3631 praedictionem,
2290 3558 2294 3569 ·

141 3642 264 3712 rnanis
278 3641 377 3711 illabi
393 3640 487 3727 vult,
510 3657 544 3714 et
560 3665 623 3733 per
637 3643 788 3712 eundem
802 3645 949 3711 modim
965 3640 1141 3734 Spiritum
1190 3640 1356 3731 gentibus
1377 3633 1463 3709 haec
1478 3641 1644 3736 mysteria
1661 3636 1869 3714 clementiae
1884 3640 2029 3711 divinae
2044 3661 2187 3709 annun-
2308 3688 2311 3695 -

141 3768 251 3815 suum
277 3755 437 3814 sanctum
463 3744 631 3836 inspirat,
657 3768 719 3837 per
737 3769 843 3839 quem
860 3745 898 3813 in
916 3757 1058 3836 pectore
1072 3739 1141 3814 hu·
1191 3742 1319 3813 cienda
1336 3756 1441 3837 atque
1456 3743 1640 3814 offerenda
1655 3758 1790 3831 essent,
1817 3756 1851 3815 et
1867 3740 2088 3814 Graecorum
2104 3763 2190 3812 curn

142 3869 256 3916 mano
275 3869 388 3916 novos
411 3859 529 3916 motus
554 3845 643 3931 ciet,
676 3871 807 3919 novam
832 3847 946 3918 lucem
971 3847 1143 3931 accendit,
1191 3845 1310 3925 natio,
1343 3857 1421 3915 tum
1449 3845 1570 3937 lingua
1591 3847 1695 3937 longe
1719 3848 1860 3941 lateque
1880 3859 1966 3917 tunc
1989 3840 2113 3915 Asiam
2133 3856 2188 3913 st-

143 3974 189 4021 ac
219 3973 321 4041 saepe
347 3960 513 4033 testatur,
545 3972 620 4017 non
650 3949 738 4018 alibi
761 3944 955 4020 Ecclesiam
980 3972 1081 4021 suam
1107 3962 1142 4020 et
1192 3972 1261 4041 que
1277 3945 1459 4038 Europam
1480 3962 1729 4040 occupaverat:
1756 3949 1872 4019 voluit
1886 3945 1984 4018 Deus
2003 3941 2097 4016 hanc
2111 3945 2185 4015 lio·

143 4052 342 4123 electornm
367 4063 488 4120 coctus
512 4073 604 4134 esse,
629 4075 735 4145 quam
752 4052 816 4121 nbi
832 4047 901 4121 hoc
917 4053 1068 4122 verbum
1084 4076 1142 4121 so-
1191 4073 1297 4141 guam
1312 4049 1389 4121 eius
1404 4050 1588 4121 doctrinae
1603 4051 1828 4142 potissimum
1845 4049 2013 4121 nuncians
2028 4061 2064 4119 et
2077 4045 2189 4117 mini-

142 4166 229 4236 nat,
254 4153 404 4223 discitur
425 4175 466 4223 ac
486 4154 645 4224 docetur.
698 4150 773 4241 Qui
796 4178 872 4223 non
892 4155 1022 4225 dixerit
1044 4155 1141 4225 iusta
1192 4167 1300 4224 stram
1317 4174 1401 4222 esee.

142 4257 297 4326 verbum
326 4249 414 4339 hoc,
448 4279 522 4324 non
547 4255 615 4325 erit
642 4253 675 4324 ei
704 4256 877 4326 matutina
908 4257 990 4338 lux,
1023 4257 1143 4351 inquit
1298 4249 1355 4323 Ad
1378 4256 1663 4344 cognoscendum
1683 4254 1794 4345 igitur
1813 4268 1921 4350 atque
1938 4267 2032 4325 recte
2052 4248 2191 4323 intelli-

140 4357 284 4431 Esaias.
335 4355 516 4451 Tantique
529 4358 613 4426 facit
627 4357 922 4427 clementissimos
938 4372 971 4429 et
986 4360 1142 4450 optimus
1192 4358 1347 4447 gendum
1387 4380 1521 4427 novum
1560 4355 1850 4443 Testamentum,
1896 4357 1993 4451 quod
2029 4351 2189 4424 continet

141 4459 244 4533 Deos
266 4455 374 4529 huius
391 4461 742 4530 doctrinaestudium
758 4482 798 4529 ac
813 4462 1076 4544 tractationem,
1101 4473 1142 4531 nt
1193 4455 1429 4548 Evangelium
1449 4453 1607 4545 Christi,
1632 4458 1781 4531 omnino
1804 4482 1894 4552 opus
1914 4471 1966 4528 est
1987 4453 2093 4527 huius
2117 4453 2188 4522 lin-

141 4564 243 4634 lilius
264 4561 400 4632 aeterni
423 4563 534 4654 patris
557 4586 598 4631 ex
615 4558 726 4632 Deo
716 4585 793 4654 ipso
815 4563 909 4634 dicat
932 4576 1035 4634 natos
1055 4587 1143 4650 esse,
1193 4584 1281 4652 guae
1300 4560 1447 4634 auxilio.
1505 4558 1596 4630 Nam
1618 4586 1700 4632 cum
1723 4575 1759 4632 et
1780 4563 1874 4633 filius
1895 4559 1962 4632 Dei
1985 4559 2190 4648 redemptor

142 4665 210 4760 qui
234 4659 301 4734 hoc
322 4665 472 4736 verbum
495 4663 661 4744 audiant,
686 4665 905 4737 meditentur
923 4690 964 4735 ee
978 4679 1140 4737 tractent
1193 4676 1332 4749 noster,
1357 4663 1396 4733 in
1413 4658 1483 4733 hoc
1503 4662 1598 4733 libro
1620 4665 1794 4735 derebus
1815 4661 2044 4742 coelestibus,
2067 4659 2112 4728 de
2132 4680 2188 4727 re-

142 4767 231 4857 Quo
260 4765 374 4857 elogio
405 4767 492 4861 qnid
524 4766 682 4851 dulcius,
715 4766 873 4837 maiusve
902 4768 976 4839 dici
994 4782 1056 4839 aut
1080 4793 1142 4839 co·
1193 4789 1264 4887 gno
1284 4764 1396 4858 patris
1417 4765 1493 4848 sui,
1519 4788 1674 4886 speque,
1700 4769 1745 4836 de
1767 4779 1909 4836 aeterna
1932 4764 2044 4834 salute
2068 4773 2189 4831 nostra

140 4869 250 4963 gitari
272 4869 408 4959 potest?
1194 4870 1242 4938 ita
1256 4867 1514 4959 significanter,
1539 4869 1588 4939 ita
1602 4869 1759 4939 dilucide
1772 4867 2014 4946 concionetur,
2034 4862 2188 4935 utnulla

252 4970 352 5041 llanc
379 4993 464 5041 vero
490 4970 719 5040 foelicitatem
749 4982 885 5041 tantam
910 4985 952 5043 nt
972 4973 1142 5065 consequi
1193 4984 1371 5054 creatura,
1398 4971 1521 5040 nullus
1544 4971 1599 5039 vel
1618 4969 1795 5059 Angelus,
1822 4969 1879 5038 vel
1896 4963 2071 5039 homoita
2088 4965 2189 5060 loqui

142 5073 340 5169 possimus,
375 5097 495 5144 amare
522 5087 557 5144 et
588 5072 823 5164 magnifacere
857 5074 977 5142 omnia
1009 5075 1142 5145 instru-
1193 5072 1366 5164 potuerit:
1392 5087 1428 5143 et
1444 5070 1795 5163 ApostolreSprrrtu
1811 5084 1933 5141 sancto
1947 5069 2078 5153 atttau
2103 5090 2190 5136 ean-

142 5192 265 5250 menta
279 5177 466 5256 dehemus
492 5200 555 5267 per
567 5200 658 5270 qrrae
673 5177 739 5245 rste
755 5170 942 5245 thesauros
957 5199 1168 5266 compara·
1193 5175 1328 5246 demin
1345 5175 1497 5245 dicendo
1516 5174 1779 5245 lucemimitari
1796 5174 2031 5256 studuerunt,
2057 5183 2188 5239 etora-

142 5296 226 5363 tur,
251 5280 345 5349 inter
365 5302 455 5372 quae
478 5278 678 5369 linguarum
700 5277 857 5399 cpgnitio
879 5278 1005 5348 merito
1028 5278 1169 5379 prima
1165 5232 1219 5335 l
1192 5278 1328 5348 tionem
1358 5301 1458 5347 susm
1481 5278 1526 5347 ad
1547 5274 1683 5349 Christi
1707 5275 1942 5366 praeceptoris
1966 5274 2021 5344 sni
2047 5269 2189 5339 dicendi

142 5395 321 5455 censetur.
375 5378 414 5450 ld
444 5382 539 5474 quod
564 5377 663 5450 Deus
690 5379 796 5451 etiam
828 5381 867 5450 in
894 5402 992 5450 saera
1013 5362 1169 5450 Pente-¹
1193 5380 1360 5465 liguram,
1399 5404 1506 5472 quaro
1529 5378 1687 5470 proxime
1708 5378 1929 5451 effinxerunt.
1981 5373 2189 5466 Multaeque

143 5499 242 5558 coste
268 5483 446 5569 ostendit,
477 5506 558 5554 curn
586 5483 625 5551 in
657 5484 813 5554 adventu
844 5481 1001 5574 Spiritus
1030 5482 1144 5555 uncti
1193 5478 1251 5553 hic
1268 5493 1352 5552 sunt
1368 5504 1488 5567 voces,
1512 5481 1644 5551 multae
1661 5481 1792 5570 figurae
1807 5504 1847 5550 ac
1865 5475 2030 5573 phrases,
2055 5474 2190 5546 multae
