4664 6022
596 283 757 363 nect.
807 286 882 365 DE
922 283 1183 364 scultro
1218 284 1477 365 terte-em
1796 352 1804 359 .
1919 308 1922 313 ·
1980 298 2056 371 21⁸

128 482 224 549 esse,
249 463 340 533 sicut
353 456 486 532 Paulus
503 476 669 534 testatur:
698 457 835 534 Omnes
850 460 1011 555 Respub.
1062 457 1168 547 chod
1193 461 1338 555 quidem
1358 462 1510 550 facietis,
1532 462 1563 535 si
1579 464 1622 535 ad
1647 468 1835 557 perfectam
1855 469 2054 540 doctrinam

123 559 442 656 simperiaaDeo
463 565 625 634 ordinata
641 588 724 637 esse.
779 564 898 655 Quare
915 567 1010 638 Deus
1059 563 1235 653 aspiratis.
1287 562 1399 635 Nemo
1422 568 1517 636 enim
1540 569 1727 658 perfectam
1745 570 1942 639 doctrinam
1966 596 2054 642 con.

123 665 228 736 ntum
255 665 477 737 Iudaicarum
499 668 633 757 legum,
669 670 730 736 sed
752 670 856 739 etiam
883 664 1009 738 harum
1058 665 1161 757 sequi
1172 678 1303 756 potest,
1330 667 1400 736 nisi
1416 669 1622 758 dignitatem
1639 684 1672 740 et
1687 672 1968 760 magnitudinem
1987 667 2051 742 ha.

123 790 217 839 trum
242 783 345 839 autor
365 781 435 853 est,
473 794 560 862 quas
587 770 864 860 sapientissimae
891 772 1009 842 natio·
1057 790 1137 836 rum
1159 788 1278 837 rerum
1296 767 1481 860 intelligat.
1534 770 1575 840 ld
1599 770 1716 841 autem
1739 773 1815 841 lieri
1836 799 1910 843 non
1929 789 2053 871 potest,

133 884 168 941 et
207 873 340 962 optime
372 873 581 942 constitutae
615 872 773 942 civitates
805 885 1008 945 tenuerunt.
1056 868 1127 937 nisi
1143 869 1215 937 vim
1232 870 1372 942 virtutis
1389 872 1573 962 intelligat.
1622 870 1763 944 Etcum
1782 877 1969 965 perfectam
1982 879 2046 945 do·

130 967 221 1042 haec
237 972 428 1063 disputatio
444 988 477 1043 et
492 976 584 1065 apud
603 973 843 1044 Aristotelem:
876 974 1006 1047 Utrum
1056 971 1205 1040 ctrinam
1223 973 1408 1062 expetetis,
1433 977 1521 1044 ordo
1541 976 1646 1044 etiam
1663 971 1887 1046 adhibendus
1905 978 1987 1063 erit,
2015 991 2050 1049 et

136 1076 185 1145 sit
201 1100 258 1144 res
274 1099 313 1143 ex
331 1075 461 1165 scripto
484 1076 561 1143 iure
578 1075 754 1161 iudicare,
781 1102 826 1146 an
850 1102 891 1146 ex
909 1078 1006 1148 arbi.
1056 1074 1226 1142 sumenda
1244 1098 1284 1141 ex
1301 1074 1379 1145 aliis
1396 1078 1532 1147 artibus
1547 1077 1782 1147 instrumenta
1796 1083 1988 1148 necessaria
2003 1082 2048 1149 ad
2162 1160 2167 1167 ¹

123 1178 288 1262 tadicnm3
330 1180 388 1243 seo
413 1177 620 1248 Aristoteles
650 1180 755 1267 longe
776 1179 927 1269 praefert
950 1180 1005 1250 ius
1055 1168 1433 1265 hancprofessionem.
1485 1176 1606 1267 Quare
1624 1180 1654 1247 si
1676 1180 1755 1271 quis
1779 1193 1847 1259 en,
1875 1183 1937 1273 qui
1961 1205 2048 1251 con·

123 1302 196 1352 um.
247 1276 296 1348 Et
317 1278 460 1370 quidem
486 1281 532 1347 ita
551 1281 654 1350 dicit:
683 1282 755 1370 Qui
775 1282 888 1370 legem
906 1307 1005 1373 prae.
1054 1277 1196 1367 temptis
1212 1278 1378 1347 omnihus
1400 1279 1528 1363 literis,
1556 1281 1661 1350 irruit
1684 1282 1727 1349 ad
1746 1281 1819 1365 ins,
1849 1282 1878 1350 is
1900 1284 1986 1354 sciat
2011 1306 2047 1354 se

127 1376 249 1453 Deum
269 1395 303 1451 et
320 1380 411 1469 leges
436 1382 512 1450 vult
526 1405 702 1472 praeesse,
729 1386 789 1452 sed
808 1385 869 1477 qui
887 1379 1004 1453 homi-

123 1483 286 1567 teneicit,
312 1484 411 1553 addit
432 1484 463 1550 ci
486 1484 659 1570 belluam,
685 1484 849 1557 videlicet
865 1487 1004 1577 cupidi.
1052 1480 1129 1550 vult
1143 1482 1322 1552 contemni
1336 1483 1423 1552 alias
1437 1486 1551 1555 bonas
1566 1500 1667 1569 artes,
1689 1508 1804 1578 neque
1820 1486 1951 1578 percipi
1969 1488 2046 1557 sine

125 1598 169 1657 et
191 1584 431 1669 iracundiam,
456 1610 547 1678 qtrae
562 1584 845 1667 sunt'belluina‚
872 1602 906 1658 et
924 1613 1003 1680 per·
1052 1606 1179 1672 magna
1208 1583 1353 1692 scientia
1377 1587 1570 1657 multarum
1593 1588 1744 1657 aliarum
1765 1589 1894 1669 artium
1920 1604 2044 1681 potest.

123 1700 154 1759 ιι
167 1688 303 1755 animos
320 1687 425 1757 etiam
442 1687 478 1755 in
503 1688 589 1759 viris
603 1690 759 1781 optimis.
812 1689 858 1760 At
880 1691 936 1759 lex
952 1706 1003 1762 est
1051 1681 1148 1758 Dixi.

123 1790 196 1860 sine
213 1790 414 1880 cupiditate.
468 1788 537 1859 Sed
553 1791 637 1883 quid
655 1792 713 1861 isti
723 1790 893 1862 Centauri
908 1792 1002 1862 iudi·

123 1892 320 1963 Aristotelis
341 1907 584 1977 morarentur,
617 1893 679 1986 qui
700 1918 815 1986 neque
829 1895 1000 1964 maximo·
1051 1917 2039 1939 ··········-·········-···-·-·--·-······-·--·-·-

123 1993 290 2079 trorum,
324 1993 386 2088 qui
414 1992 572 2084 Respub.
602 1996 864 2066 constituerunt
886 2020 1001 2090 neque
1150 1998 1153 2007 '

123 2096 345 2169 ctissimarum
377 2096 579 2181 civitatum,
613 2097 766 2189 denique
786 2121 901 2191 neque
929 2100 1000 2169 Dei
1056 2080 1228 2206 Q
1886 2096 2022 2174 (mmo-⁹)

123 2215 363 2271 amoventur.
424 2196 567 2269 Scilicet
592 2198 671 2289 plus
694 2199 816 2270 vident
839 2196 1000 2270 homiues
1864 2186 2036 2215 Μ

143 2300 260 2385 stulti,
288 2300 461 2391 imperiti,
487 2325 592 2394 quam
611 2298 742 2385 Solon,
765 2326 870 2394 qnam
887 2300 998 2373 Sena·
1284 2286 1359 2371 De
1391 2294 1561 2399 scripio
1593 2290 1692 2371 iure
1722 2298 1805 2372 etc.

123 2396 318 2473 tironiensis
343 2426 382 2471 ac
401 2399 606 2487 Romanus,
641 2428 746 2496 quam
769 2402 911 2488 Moses,
937 2410 999 2475 de·
1118 2456 1198 2528 Apud
1220 2458 1294 2512 cm·
1309 2459 1380 2581 ΜΙΪΙ.
1400 2479 1426 2530 p.
1441 2459 1492 2512 218
1505 2480 1583 2530 ,μ’
1608 2462 1636 2512 ,n
1661 2464 1812 2519 Declamas.
1831 2462 1863 2519 T·
1880 2463 1900 2519 Ι.
1922 2482 1948 2532 p.
1962 2465 2040 2534 m,

123 2506 243 2599 'iguem
270 2504 364 2574 Deus
387 2502 461 2592 ipse
477 2506 643 2575 conditor
663 2503 885 2599 Rerumpub.
900 2524 934 2578 et
947 2509 997 2577 le-
1151 2527 1178 2578 in
1192 2527 1333 2582 serven(
1351 2566 1358 2582 .
1374 2532 1394 2584 t.
1411 2550 1436 2601 ρ.
1450 2529 1509 2584 225.
1523 2548 1547 2582 ec
1561 2530 1632 2598 apud
1647 2531 1773 2584 tuebar-d.
1790 2534 1822 2588 r.
1840 2531 1874 2584 u.
1891 2554 1919 2604 p.
1933 2536 2040 2590 5⁴1.-

123 2621 226 2679 mtor.
284 2605 354 2677 sed
380 2606 464 2696 quid
490 2606 528 2673 in
560 2632 598 2675 re
628 2608 810 2679 manifesta
835 2633 925 2698 opus
947 2625 996 2680 esp
1149 2594 1213 2665 Qno
1229 2614 1302 2677 anno
1317 2599 1479 2680 scriptasit,
1499 2598 1607 2651 definiri
1622 2617 1679 2652 non
1698 2609 1802 2669 potest,
1830 2601 1879 2653 nisi
1899 2603 2039 2673 quodco·

1151 2674 1308 2735 gnoscrtur,
1336 2685 1398 2735 quta
1418 2668 1516 2737 legitur
1530 2670 1600 2736 apud
1620 2669 1783 2735 cratonem,
1809 2687 1870 2724 earn
1891 2681 1953 2725 ante
1967 2690 2040 2727 anno

132 2708 397 2800 disputatione?
448 2707 545 2777 Haec
569 2709 640 2778 (lixi
664 2724 803 2779 tantum
825 2713 870 2780 ad
895 2737 996 2804 prete·
1150 2734 1442 2792 latitabitamesse.
1478 2735 1612 2791 Dedimus
1629 2758 1688 2792 eam
1703 2739 1747 2793 hic
1760 2751 1873 2813 propter
1886 2743 2040 2811 argumenti

123 2814 218 2880 udos
249 2811 502 2894 adolescentes,
536 2822 581 2879 ne
598 2812 804 2901 perniciosis
823 2812 895 2882 illis
917 2815 997 2906 opi·
1147 2800 1362 2858 ⁸⁵m⁵¹³¹¹¹d³⁰⁰m·

123 2914 172 2983 ms
191 2913 415 2982 indoctorum
435 2913 689 2985 adsentiantur.
741 2912 996 2986 Demosthenes

123 3017 218 3085 adam
242 3015 444 3104 gravissima
467 3040 569 3085 causa
596 3015 702 3101 dicit,
743 3017 856 3106 legem
888 3019 995 3089 luisse

123 3115 266 3202 Locros,
292 3130 332 3186 ut
347 3117 383 3183 si
408 3118 487 3210 quis
502 3141 670 3186 suasurus
693 3134 781 3188 esset
797 3144 926 3189 novam
944 3122 994 3190 le-

123 3226 342 3313 'proponeret
363 3243 460 3287 suam
476 3221 687 3289 sententiam
706 3222 891 3291 universae
906 3223 994 3290 civi-

123 3322 211 3393 tello
236 3321 368 3389 inserto
392 3321 429 3389 in
453 3321 638 3413 laqueum,
670 3335 711 3391 ut
735 3322 765 3389 si
788 3346 843 3390 res
867 3325 994 3414 displi-
1042 3304 1195 3390 Utiliter
1215 3319 1418 3389 institutum
1441 3337 1508 3406 est,
1541 3334 1582 3390 ut
1605 3321 1642 3389 iu
1663 3325 1815 3416 quadam
1839 3326 2035 3417 frequentia

123 3424 259 3497 tstatim
276 3424 575 3513 strangularetur,
597 3424 652 3491 sin
675 3436 790 3491 autem
807 3424 993 3514 placuisset
1043 3419 1204 3486 omnium
1220 3421 1409 3499 ordinum,
1434 3437 1468 3492 et
1484 3423 1593 3491 totins
1609 3420 1817 3495 Scholastici
1838 3441 1957 3496 coetus
1973 3433 2035 3497 de·

123 3508 210 3606 lex?
226 3525 471 3596 dimittebatur
495 3539 599 3595 autor
625 3526 832 3608 incolumis,
874 3551 992 3596 exem.
1043 3534 1234 3590 cernantur
1259 3525 1389 3611 gradus
1414 3537 1448 3590 et
1473 3525 1654 3593 doctrinae
1683 3527 1895 3596 testimonia.
1954 3526 2031 3598 Pri-

126 3627 176 3697 tto
199 3652 240 3696 ex
267 3629 405 3721 laqueo.
465 3624 511 3696 Et
533 3627 616 3719 qnia
639 3651 744 3695 nemo
769 3628 870 3696 facile
898 3630 988 3699 iudi.
1043 3646 1140 3689 mum
1163 3636 1204 3692 ut
1226 3624 1366 3714 publica
1390 3624 1639 3713 suffragiorum
1664 3641 1868 3698 nostrornm
1899 3654 2032 3701 rennn-

123 3730 304 3801 nniversae
332 3729 484 3798 civitatis
513 3730 632 3798 subire
655 3752 760 3798 ausus
783 3743 853 3812 est,
887 3733 991 3801 annis
1041 3724 1145 3793 ciatio
1169 3726 1248 3816 plus
1271 3725 1468 3796 autoritatis
1496 3723 1659 3811 haberet3
1689 3731 1818 3798 deinde
1847 3733 1943 3800 utin
1967 3729 2033 3804 trac

122 3856 152 3900 rs
174 3832 352 3913 ducentis,
387 3832 486 3901 nullo
509 3856 599 3899 nova
616 3832 669 3899 lex
694 3832 763 3902 lata
782 3849 843 3904 est.
895 3831 990 3903 llaec
1040 3827 1238 3918 frequentia
1263 3828 1428 3898 iuventus
1451 3831 1495 3897 de
1520 3829 1720 3898 studiorum
1739 3832 1909 3929 dignitate
1927 3849 2032 3927 atque

123 3928 255 4004 sthenes
272 3935 412 4016 recitat,
440 3949 477 4003 ιιι
498 3936 622 4003 doceat
645 3933 682 4000 in
707 3934 798 4002 bene
816 3936 989 4004 coustitu-
1041 3928 1193 3998 utilitate
1210 3933 1454 4003 admoneatur,
1488 3931 2030 4023 ltaquealiisurmnacumgra-

123 4037 194 4108 iub.
219 4036 404 4127 praecipue
424 4031 490 4104 hoc
516 4036 649 4119 caveri,
687 4060 732 4103 ne
750 4049 881 4104 temere
899 4038 989 4123 teges
1040 4030 1147 4099 vitate
1165 4026 1225 4100 hic
1241 4055 1342 4121 saepe
1359 4033 1403 4100 de
1417 4033 1533 4120 legum
1550 4034 1738 4120 dignitate,
1765 4038 1855 4105 etde
1872 4030 1937 4104 hoc
1958 4052 2029 4107 toto

123 4154 190 4210 tur.
250 4137 404 4207 Proinde
432 4138 550 4207 sciatis
583 4138 699 4216 vobis,
738 4138 989 4222 adolescentes,
1039 4155 1164 4220 genere
1195 4135 1377 4202 doctrinae
1403 4134 1589 4213 dixerunt,
1623 4159 1662 4203 ac
1692 4141 1923 4208 ostenderunt
1944 4135 2031 4211 haee

123 4244 222 4310 nodo
241 4266 318 4310 cum
337 4240 464 4330 ineptis
479 4240 550 4308 iltis
569 4240 792 4309 sentiendum
811 4263 902 4323 esse,
926 4242 987 4333 qui
1039 4248 1159 4303 uestra
1184 4236 1301 4304 studia
1334 4234 1522 4325 praecipue
1552 4239 1595 4304 ad
1625 4235 1802 4330 lteurpnla.
1838 4241 2029 4331 pertinere,

123 4344 252 4434 iptnrn,
280 4358 313 4412 et
329 4336 419 4409 haim
434 4341 632 4410 doctrinam
649 4366 754 4435 quam
773 4344 988 4431 profitemur,
1037 4349 1306 4429 secuturamque
1338 4337 1518 4425 ingentem
1552 4341 1797 4409 contusionem
1826 4367 1866 4410 ac
1899 4344 2024 4411 barba·

123 4445 462 4535 ›explodivolnnt
517 4442 615 4532 Quin
634 4444 681 4512 ita
699 4444 867 4532 cogitare,
894 4445 987 4513 inter
1037 4437 1125 4505 riern
1148 4437 1239 4507 vitae
1263 4432 1470 4523 hominum,
1502 4439 1533 4507 si
1554 4435 1641 4510 llaec
1672 4443 1844 4515 eruditior
1867 4445 2025 4513 doctrina

123 4575 130 4618 ι
153 4541 299 4618 honesta
325 4546 439 4615 ollicia
462 4541 529 4615 hoc
551 4570 692 4638 quoque
710 4544 863 4639 requiri,
889 4561 928 4615 ut
942 4549 986 4614 de
1037 4537 1364 4609 iureconsultorum
1392 4541 1579 4615 deleretur.
1632 4542 1703 4611 Nec
1728 4571 1810 4612 vero
1837 4545 2025 4637 quicquam

123 4674 143 4719 c
180 4651 315 4737 legibus
342 4662 544 4717 reverenter
568 4647 737 4719 sentiatis.
803 4645 875 4715 l'os
903 4673 985 4718 vero
1036 4635 1219 4710 honestius
1242 4656 1312 4725 est,
1338 4655 1372 4711 et
1395 4644 1810 4729 omnibusbonisviris‚
1837 4649 2027 4735 acpraeci-

123 4750 193 4821 ttici
210 4750 317 4834 iuris,
342 4750 573 4819 memineritis
591 4744 683 4816 hauc
697 4749 893 4817 doctrinam
910 4774 984 4818 non
1036 4766 1104 4833 pue
1127 4757 1249 4812 nostro
1274 4742 1402 4813 ordine
1418 4745 1578 4835 dignius,
1604 4770 1710 4839 quam
1734 4768 1955 4836 propugnare
1974 4751 2025 4818 le.

123 4856 166 4923 ad
187 4848 252 4922 troc
276 4853 385 4934 tradi,
412 4865 450 4921 ut
470 4852 665 4921 causidicos
682 4851 808 4920 elliciat
823 4852 984 4920 callidio·
1033 4866 1093 4930 ges
1120 4846 1290 4913 adversus
1320 4847 1478 4914 furorem
1508 4848 1564 4915 vel
1590 4848 1729 4937 populi,
1772 4848 1825 4915 vel
1855 4860 2024 4941 tyranno-

123 4958 159 5025 ed
184 4956 297 5026 multo
327 4954 455 5043 magis,
489 4971 526 5023 ut
554 4954 647 5022 viros
671 4954 780 5024 iustos
806 4978 846 5021 ne
871 4954 1009 5043 honosi
1034 4969 1126 5016 rum.
1179 4943 1308 5016 Nullae
1331 4948 1521 5031 victoriae,
1554 4950 1645 5017 nulli
1670 4943 1841 5038 triumphi
1866 4950 1944 5037 plns
1964 4979 2022 5020 ve-

123 5112 130 5132 .
198 5054 274 5126 ltoc
309 5057 436 5147 putetis
462 5056 500 5124 in
528 5051 593 5123 inec
627 5055 788 5123 doctriua
816 5055 983 5147 praecipi,
1005 5050 1008 5091 ³
1033 5072 1091 5115 rae
1112 5047 1229 5117 laudis
1254 5062 1454 5130 merentur,
1486 5076 1591 5143 quarn
1624 5046 1709 5117 haec
1745 5051 1904 5119 defensio
1936 5080 2022 5144 pro·-

123 5174 153 5231 ιι
170 5162 261 5248 apud
282 5158 619 5247 praestantissimum
637 5156 800 5231 Pofotam:
1003 5162 1008 5299 p
1032 5148 1272 5243 pugnatioque
1296 5151 1384 5220 iuris
1408 5168 1441 5222 et
1458 5152 1658 5232 doctrinae,
1685 5166 1844 5243 quaeest
1866 5152 2022 5243 Reipub.

123 5286 156 5330 te
172 5273 317 5329 iustitiam
332 5272 459 5343 moniti,
485 5282 513 5327 et
530 5289 591 5326 ιιοιι
607 5288 743 5345 spernere
759 5267 855 5324 divos.
1033 5252 1236 5324 necessaria.
1288 5249 1501 5344 Qtranqnam
1519 5267 1635 5321 autem
1654 5247 1738 5322 haec
1755 5279 1858 5322 ccnrsa
1874 5258 2021 5325 summis

123 5390 131 5434 s
151 5365 259 5453 igitur
281 5388 440 5455 operam,
474 5376 513 5431 ut
536 5388 614 5430 curn
634 5363 707 5450 ipsa
729 5360 889 5429 electrina
905 5371 981 5427 stn-
1032 5354 1255 5445 eloquentiae
1271 5353 1408 5421 viribus
1428 5357 1587 5423 ocumrda
1606 5368 1697 5436 erat,
1725 5369 1841 5423 tamen
1858 5358 2020 5424 cintreium

124 5466 269 5538 usticiae
296 5481 330 5537 et
353 5464 514 5534 onmium
545 5466 716 5534 virtutum
744 5460 977 5551 coniungatis.
1031 5458 1209 5526 laudanda
1231 5470 1282 5527 est
1302 5454 1487 5541 voluutas,
1520 5456 1583 5550 qui
1608 5455 1743 5524 etiamsi
1770 5478 1843 5524 non
1873 5472 2020 5546 ponunt

1045 2966 1176 3035 Oratio
1203 2961 1349 3055 publice
1375 2961 1508 3037 habita
1535 2966 1793 3066 Witenterpoe
1817 2974 1859 3041 in
1887 2993 2040 3063 promo·

1044 3072 1148 3139 tione
1169 3068 1344 3138 Doctorta
1373 3072 1495 3155 luris,
1530 3066 1578 3139 de
1608 3076 1749 3163 scripto
1784 3077 1890 3161 iure,
1925 3086 1965 3146 et
1989 3074 2037 3147 dc

1159 3167 1353 3264 dignitate
1361 3179 1535 3269 veterum·
1544 3175 1796 3264 interpretum
1814 3181 1922 3249 iuris.
