4664 6022
139 257 191 330 se
362 349 366 353 ,
584 184 1794 332 necnonsrunronoornmaeraun⁴
2138 257 2186 332 m

142 452 212 523 quo
223 426 427 498 discrimine
443 425 518 518 ipse
534 425 678 518 quidem
695 420 763 494 hoc
777 426 857 496 loco
873 427 1043 511 dicerem,
1067 426 1139 495 nisi
1191 436 1267 494 tum
1291 422 1384 493 male
1410 423 1573 495 consciae
1592 425 1723 497 mentis
1737 449 1867 518 pavor,
1891 427 2023 523 quibus
2042 428 2186 522 qnando

142 527 390 601 dehortaretur
411 529 611 617 argumenti
635 527 834 597 difficultas.
895 527 1043 610 Verum,
1070 525 1138 601 hoc
1191 549 1315 609 tremo,
1341 539 1381 597 ut
1403 523 1555 612 Paulus,
1586 529 1769 613 medetur,
1794 544 1937 600 nonest
1958 554 2022 600 cur
2040 530 2186 600 alterius

144 633 250 702 velim
278 631 446 701 omnibus
471 624 683 700 Christiaflis
712 631 892 700 mentibus
919 654 1138 720 persuasum,
1190 628 1378 705 desideres,
1398 630 1540 719 epodas.
1600 627 1691 698 Nam
1718 630 1931 701 saevientem
1956 631 2185 723 cupiditatem

144 756 286 826 prorsus
303 733 401 803 aliud
418 755 490 801 esse
500 726 829 827 Christianismum,
857 757 963 825 quam
979 733 1034 800 vel
1050 726 1138 801 Phi·
1190 729 1251 797 alii
1273 752 1336 819 per
1366 727 1460 818 leges
1482 724 1670 800 cohercere
1697 732 1852 804 student.
1911 729 1981 802 llic
1999 728 2184 829 Christum

144 830 361 926 losophiam,
386 834 444 902 vel
459 845 662 902 nostrorum
688 827 875 902 homiuum
893 832 926 903 Τ
928 830 1138 923 heologiam,
1190 829 1290 899 illum
1306 843 1468 899 nostrum
1485 825 1656 916 exhibet,
1671 832 1734 924 qui
1757 833 1795 900 in
1817 828 2040 907 hoc-carnem
2056 834 2186 920 induit,

143 934 226 1007 Alia
241 939 285 1005 ad
300 936 466 1005 virtutem
483 935 539 1004 via
554 948 626 1018 est,
649 934 740 1003 alius
754 937 932 1005 bonorum
949 937 1047 1020 tinia,
1068 936 1137 1004 alia
1191 945 1229 1000 ut
1255 934 1421 1022 expiaret.
1477 930 1602 1025 Neque
1622 934 1790 1025 praecipit
1811 935 1919 1004 modo
1937 935 2185 1027 imperandum

144 1033 300 1108 hominis
313 1032 501 1128 εὐθυμία,
521 1051 628 1128 quam
643 1038 850 1128 praescribit
861 1035 1011 1121 Paulus,
1032 1061 1138 1130 quarn
1190 1032 1332 1119 arrimo,
1357 1035 1418 1102 sed
1434 1057 1514 1102 eum
1530 1035 1707 1120 ostendit,
1734 1036 1798 1129 qui
1813 1036 1906 1106 vires
1919 1039 2025 1107 addat
2040 1037 2185 1129 pericli-

17 1139 30 1237 ι’
143 1164 234 1233 quae
254 1134 557 1229 Philosophorum
587 1133 718 1207 scholis
745 1141 903 1214 docetur.
968 1138 1139 1208 Miseram
1190 1135 1292 1208 tanti.
1344 1132 1425 1225 =lam
1455 1158 1539 1205 vero
1570 1137 1627 1203 vel
1646 1161 1760 1206 unum
1786 1137 1905 1229 profer
1926 1139 1989 1232 qui
2012 1140 2185 1226 docuerit,

141 1238 321 1333 Rempuh.
344 1235 605 1324 Christianam,
642 1264 732 1333 quae
765 1242 839 1332 ipsa
861 1239 916 1310 sui
938 1241 1066 1321 oblita,
1100 1241 1137 1308 in
1190 1236 1369 1329 quomodo
1393 1237 1485 1304 male
1508 1238 1683 1307 consciam
1699 1253 1874 1330 mentem,
1899 1241 1937 1309 id
1954 1242 2051 1333 quod
2067 1240 2185 1333 pluri·

143 1342 276 1411 alienas
297 1337 435 1419 scholas
458 1342 600 1411 detrusa
625 1355 697 1426 est,
729 1342 802 1412 imo
827 1365 917 1437 quae
939 1343 1037 1412 iuxta
1053 1341 1141 1410 scri·
1192 1362 1289 1406 mum
1305 1337 1344 1404 in
1360 1337 1465 1406 rebus
1478 1333 1693 1408 Christianis
1706 1341 1831 1421 refert,
1854 1336 2061 1412 consoleris
2101 1340 2185 1413 Non

143 1456 301 1534 pturam,
326 1443 571 1534 ¹contubernio
596 1441 857 1528 Moabitidem,
889 1443 1042 1513 alienam
1067 1443 1141 1511 lin·
1190 1462 1280 1528 nego
1313 1461 1387 1507 esse
1413 1438 1527 1525 locos,
1561 1443 1691 1533 quibus
1724 1442 1901 1512 adflictam
1933 1442 2186 1514 conscientiam

143 1566 267 1636 guam,
298 1544 409 1634 oblita
434 1547 584 1635 patriae,
615 1545 753 1616 didicit.
816 1544 934 1634 Quam
960 1546 1141 1615 calamita·
1192 1541 1382 1609 consoleris
1413 1554 1448 1609 et
1469 1541 1509 1609 in
1540 1543 1689 1636 reliquis
1707 1544 1902 1635 scripturae
1927 1545 2187 1631 voluminibus,

144 1660 215 1716 tem
244 1670 318 1714 noo
352 1646 454 1714 video
479 1647 768 1731 cuidebeamus,
808 1649 877 1717 nisi
903 1649 1038 1716 insanis
1064 1648 1140 1715 istis
1192 1646 1252 1711 sed
1276 1642 1530 1723 subobscuros,
1562 1656 1595 1713 et
1618 1668 1771 1737 quorum
1793 1646 1913 1715 nullus
1935 1669 2020 1717 usus
2043 1647 2188 1717 iuturus

144 1745 326 1836 Magistris
354 1752 502 1832 nostris,
542 1749 605 1841 qui
639 1774 675 1818 se
710 1750 893 1839 imperitae
925 1750 1140 1841 plebeculae,
1192 1757 1283 1828 erat,
1316 1744 1386 1811 nisi
1410 1767 1430 1812 a
1454 1741 1566 1814 Paulo
1592 1747 1758 1816 illustrati
1778 1760 1904 1817 essent.
1956 1746 2000 1817 In
2016 1742 2187 1818 humanis

145 1849 312 1919 ementito
338 1850 520 1918 doctrinae
545 1849 670 1935 titulo,
705 1852 902 1925 venditant.
953 1851 1139 1922 Praetereo
1192 1845 1363 1916 doctrinis
1393 1866 1483 1933 nego
1512 1869 1586 1915 esse
1615 1848 1654 1915 in
1689 1846 1914 1933 universum,
1955 1849 2019 1941 qni
2047 1850 2185 1920 sauciae

48 2008 56 2033 ,
146 1974 253 2045 quarn
267 1952 433 2020 adcurate
446 1953 574 2021 formet
593 1950 724 2021 Paulus
739 1976 862 2022 omnes
877 1948 1064 2023 hominum
1081 1977 1141 2021 or·
1191 1948 1301 2015 menti
1319 1948 1452 2015 mederi
1469 1948 1590 2037 possit.
1642 1947 1718 2018 lmo
1742 1950 1830 2042 quid
1843 1962 1951 2038 agunt
1966 1952 2065 2021 aliud
2080 1946 2186 2022 scho-

42 2115 43 2119 ,
145 2053 265 2137 dines,
317 2052 520 2146 Principes,
571 2049 783 2145 Episcopos,
824 2055 987 2140 iuvenes,
1030 2078 1140 2138 senes,
1191 2049 1250 2116 lici
1280 2047 1496 2131 doctorculi,
1524 2074 1633 2142 qoam
1663 2062 1703 2120 ut
1726 2050 1902 2122 adflictam
1931 2053 2184 2123 conscientiam

145 2168 342 2224 matronas:
382 2178 464 2222 nam
495 2149 582 2224 haec
619 2155 767 2225 fortasse
796 2159 1000 2226 communia
1033 2151 1141 2225 habet
1190 2172 1334 2241 prorsus
1359 2150 1604 2222 excarnificent
1625 2164 1658 2220 et
1675 2152 1846 2222 enecent?
1874 2152 1913 2221 id
1929 2155 2024 2246 quod
2040 2168 2094 2224 est
2110 2177 2187 2224 cen·

145 2279 226 2325 cum
252 2256 332 2324 aliis
359 2257 467 2323 sacris
486 2257 726 2348 scriptoribus.
787 2254 890 2327 Hanc
914 2259 1139 2329 sibilaudem
1189 2274 1275 2320 nere
1300 2250 1338 2317 in
1362 2252 1525 2320 formulis
1548 2254 1908 2339 casuum,‚summis,
1941 2269 2185 2348 quasvocaut,

145 2358 290 2448 proprie
317 2357 490 2442 vindicat,
524 2360 620 2450 quod
644 2360 774 2448 gratiae
799 2360 973 2447 originem
997 2383 1139 2449 acpro-
1190 2354 1227 2420 in
1245 2353 1521 2421 satisfactionum
1537 2355 1767 2440 adversariis,
1790 2369 1824 2425 et
1836 2357 1955 2425 nescio
1971 2357 2103 2450 quibus
2115 2381 2186 2428 nu·

145 2460 390 2550 pagationem,
417 2459 575 2551 adeoque
589 2461 722 2550 peccati
737 2474 771 2530 et
786 2460 872 2548 legis
890 2460 962 2528 sim
979 2461 1138 2537 excussit,
1190 2456 1242 2544 gis
1258 2454 1347 2528 aliis,
1401 2452 1569 2524 Sauciant
1586 2470 1620 2526 et
1639 2457 1732 2525 male
1747 2480 1852 2526 sanae
1867 2456 2081 2528 Pontificum
2096 2482 2184 2529 con·

146 2584 235 2651 quos
265 2559 488 2650 potissimum
520 2560 615 2630 locos
647 2561 692 2629 ah
720 2585 761 2630 eo
793 2563 962 2653 requires.
1019 2558 1139 2654 Atque
1190 2556 1413 2640 stitutiones,
1448 2570 1487 2625 ut
1503 2557 1597 2625 iores
1612 2559 1729 2627 verius
1745 2558 1916 2646 sanguine
1930 2559 2075 2650 scriptas
2087 2560 2186 2631 Pon-

147 2655 393 2743 haecomnia,
426 2685 530 2753 quam
551 2661 669 2749 gravi,
704 2687 809 2754 quam
831 2663 1006 2746 dilucida,
1033 2687 1138 2754 quam
1192 2658 1346 2739 tificum,
1373 2681 1478 2748 quam
1494 2656 1668 2728 Draconis
1685 2655 1915 2730 Atheniensis
1930 2661 2033 2750 leges.
2074 2661 2185 2751 Quod

85 2839 90 2846 ,
147 2762 298 2851 eleganti
321 2760 483 2830 oratione
508 2764 752 2856 persequitur?
802 2762 965 2834 Breviter
981 2765 1138 2856 quidem,
1190 2783 1299 2849 genus
1330 2759 1516 2827 doctorum
1550 2774 1630 2849 apte
1668 2777 1770 2833 vocat
1803 2759 2002 2833 Hieremias
2024 2765 2186 2855 aspides,

147 2865 206 2932 sed
222 2865 271 2933 ita
293 2876 334 2932 ut
355 2856 447 2930 nihil
463 2864 572 2947 desit,
598 2880 639 2935 ut
660 2888 834 2958 nusquam
851 2890 926 2934 non
940 2867 1139 2935 satisfaciat.
1190 2883 1278 2954 quae
1312 2860 1413 2928 nullo
1441 2862 1595 2928 carmine
1629 2863 1725 2930 vinci
1757 2879 1898 2955 queant.
1966 2863 2184 2960 Quanquam

147 2963 294 3034 Periclis
310 2966 505 3034 orationem
520 2965 622 3036 aiunt
635 2966 824 3035 solitamin
840 2968 1044 3037 auditorum
1062 2968 1139 3035 ani·
1190 2966 1282 3032 bone
1311 2958 1425 3044 Deus,
1454 2986 1628 3053 nusquam
1657 2965 1838 3057 meliorem
1868 2990 2014 3037 navasse
2038 2993 2184 3059 operam

140 3067 215 3134 ‚mis
239 3079 378 3135 tenaces
405 3068 577 3157 quosdam
601 3067 741 3137 aculeos
772 3069 989 3160 relinquere:
1032 3063 1140 3136 huius
1189 3065 1257 3132 sihi
1274 3057 1801 3153 scholica'l‘heologiavidetur,
1825 3090 1932 3158 quam
1948 3068 2182 3139 inconscien-

148 3168 218 3236 dici
239 3191 315 3236 non
337 3180 473 3260 potest,
506 3164 701 3253 ut³llectat,
734 3184 774 3242 ut
796 3183 928 3254 verset,
953 3184 995 3240 ut
1015 3170 1140 3260 rapiat,
1190 3167 1258 3235 tiae
1273 3187 1430 3237 censura.
1478 3164 1635 3235 Proinde
1650 3168 1795 3237 iuvenes
1809 3163 1952 3239 Christo
1969 3171 2185 3261 inaugurati,

147 3283 188 3339 ut
203 3268 400 3337 inflammet
416 3269 563 3354 legentis
576 3271 747 3340 animum.
794 3270 899 3342 Dolet
914 3272 1139 3354 conscientia,
1190 3266 1359 3336 Paulinae
1381 3262 1635 3359 Philosophiae
1658 3270 1797 3339 animos
1820 3271 1992 3357 addicite,
2017 3273 2089 3340 nisi
2108 3296 2185 3342 non

147 3368 367 3440 consolatur:
401 3370 568 3442 sollicitat
588 3373 764 3463 cupiditas
786 3374 953 3461 genialis,
979 3386 1082 3442 vocat
1101 3373 1140 3439 in
1189 3384 1241 3439 est
1262 3368 1364 3438 vobis
1384 3370 1611 3440 salusvestra
1631 3396 1747 3445 curae.
1796 3362 2057 3442 Hinciormam
2074 3371 2191 3445 Chri-¹

147 3473 261 3555 viam,
290 3472 419 3541 retinet
448 3496 493 3540 ne
520 3474 620 3542 frena
651 3476 745 3543 laxes
774 3476 987 3563 aegrescenti
1008 3475 1139 3557 animo,
1188 3472 1320 3540 stianae
1335 3471 1447 3553 vitae,
1473 3466 1557 3540 hinc
1572 3473 1774 3543 animorum
1794 3475 1938 3559 solatia,
1962 3470 2047 3544 hinc
2062 3500 2185 3546 rerum

131 3574 249 3643 rittum
273 3573 389 3662 ipsum
412 3584 563 3644 ostentat
581 3570 780 3654 Christum,
804 3577 864 3668 qui
889 3591 1015 3645 servet.
1066 3575 1136 3649 De·
1188 3575 1348 3641 onmium
1373 3587 1447 3640 tum
1474 3573 1697 3658 divinarum,
1733 3587 1807 3644 tum
1831 3571 2069 3646 humanarum
2085 3577 2184 3647 iudi-

148 3675 257 3766 nique
286 3673 454 3764 quicquid
490 3676 699 3744 morborum
733 3676 892 3745 orriroum
923 3680 1063 3765 fatigat,
1093 3678 1138 3745 ab
1188 3675 1281 3742 cium
1301 3673 1417 3763 petite.
1469 3671 1614 3758 Etenim
1632 3677 1851 3745 iuventutem
1871 3677 1907 3745 in
1925 3679 2049 3769 primis
2064 3682 2187 3765 refert,

148 3771 217 3844 hoc
239 3788 314 3863 pete
339 3788 628 3862 praesentaneum
652 3778 861 3849 remedium.
919 3776 1043 3868 Neque
1065 3778 1138 3847 ulla
1187 3772 1281 3844 nihil
1298 3774 1498 3865 antiquius,
1525 3773 1618 3845 nihil
1638 3777 1736 3867 prins
1760 3782 1889 3847 ducere
1905 3775 2109 3851 Christiana
2124 3781 2184 3851 di-

149 3891 220 3947 tem
237 3872 518 3943 efficaxPanacea
535 3890 604 3960 est,
622 3903 727 3970 quam
740 3877 891 3947 Paulina
904 3880 1035 3963 oratio,
1056 3881 1137 3947 nul·
1188 3877 1357 3968 sciplina,
1383 3899 1402 3954 e
1425 3901 1494 3969 qua
1518 3901 1583 3947 ceu
1600 3879 1769 3948 viaticum
1786 3881 1960 3950 foeliciter
1982 3884 2184 3972 transigen-

148 3979 224 4047 lum
248 3976 415 4044 adversus
432 3977 597 4047 veneficia
616 3992 688 4048 tam
710 3980 862 4049 salutare
880 3980 1000 4076 Moly,
1033 4005 1137 4073 quam
1189 3981 1253 4049 dae
1272 3979 1363 4048 vitae
1379 3991 1488 4067 paret.
1539 3979 1664 4071 Neque
1684 3983 1778 4049 enim
1795 3984 1871 4052 lieri
1885 3997 2016 4073 potest,
2038 3996 2078 4054 ut
2096 4009 2183 4076 pro-

148 4080 315 4147 adversus
339 4077 449 4145 animi
474 4081 618 4149 morbos
632 4077 733 4150 Pauli
754 4082 926 4155 doctrina.
976 4081 1138 4152 Platoni·
1188 4083 1232 4150 he
1262 4080 1428 4151 instituas
1455 4081 1583 4165 vitam,
1618 4094 1658 4151 ut
1683 4082 1857 4153 foeliciter
1886 4085 2075 4174 transigas,
2108 4087 2184 4156 nisi

149 4204 229 4249 cum
258 4172 648 4265 Charmidemmorho,
681 4183 800 4252 nescio
832 4209 924 4276 quo,
959 4184 1138 4254 levaturus
1187 4181 1348 4252 Paulinis
1377 4181 1509 4263 literis,
1547 4187 1734 4270 adversum
1764 4185 1911 4256 insidias
1942 4187 2184 4276 pertinacissi-

149 4280 330 4356 Socrates,
356 4281 485 4368 duplex
509 4283 639 4354 indicat
655 4285 869 4369 remedium,
895 4302 930 4358 et
944 4286 1136 4355 radiculam
1189 4308 1329 4354 morum
1353 4277 1508 4353 hostium
1530 4284 1680 4355 Satanae
1704 4289 1881 4360 etcarnis.
1932 4287 2183 4382 Reliquasar·

149 4383 327 4474 quandam
360 4394 395 4448 et
429 4381 750 4469 incantamentum,
787 4403 974 4482 censetque
1014 4413 1137 4477 parurn
1189 4402 1240 4457 tes
1268 4385 1406 4453 omneis
1435 4386 1491 4453 vel
1521 4400 1746 4456 contemnere
1770 4389 1868 4458 licet:
1911 4387 2079 4476 Paulina,
2109 4393 2182 4464 nisi

148 4484 369 4574 profuturam
391 4483 583 4553 radiculam
608 4488 695 4557 citra
720 4489 1040 4573 incantamentum,
1066 4514 1139 4572 seu,
1188 4511 1286 4579 spem
1308 4511 1449 4555 omnem
1477 4488 1601 4557 salutis
1627 4489 1805 4573 abiecisti,
1838 4490 1968 4580 negligi
1992 4516 2066 4561 non
2097 4520 2183 4586 pos-

148 4600 187 4653 ut
200 4582 385 4653 Platonico
400 4597 480 4653 utar
495 4589 622 4682 verbo,
649 4589 737 4658 citra
754 4578 903 4678 epodeu.
951 4588 1065 4660 Porro
1080 4616 1138 4659 ra·
1178 4603 1283 4663 sunt.
1334 4584 1382 4657 Et
1395 4585 1593 4679 Episcopos
1605 4591 1719 4661 adniti
1738 4593 1902 4676 decebat,
1924 4609 1964 4692 ut
1980 4588 2065 4664 haec
2080 4612 2184 4668 tene·

148 4685 302 4753 diculam
318 4685 572 4772 interpretatur
593 4690 876 4780 temperantiam:
904 4699 1041 4783 epodon
1058 4688 1138 4781 phi·
1188 4703 1282 4775 rent,
1309 4712 1383 4757 non
1399 4692 1507 4759 modo
1530 4692 1592 4782 qni
1610 4693 1760 4763 studiosi
1783 4692 2056 4779 vocantur,⁸sed
2073 4699 2182 4791 plane

147 4780 364 4875 losophicam
398 4788 618 4872 doctrinam,
657 4792 733 4859 sine
761 4815 849 4885 qua,
890 4817 1138 4886 quamcunque
1188 4793 1392 4862 universum
1414 4785 1657 4862 Christianum
1676 4795 1814 4884 vulgus.
1872 4794 2181 4870 DecebatAcade-

149 4888 241 4956 vitae
265 4886 437 4957 rationem
463 4890 579 4975 ineas,
605 4893 773 4962 incertam
796 4906 832 4962 et
852 4893 1053 4964 instabilem
1072 4918 1138 4984 pu-
1186 4894 1276 4961 mias
1307 4886 1401 4960 nihil
1421 4893 1555 4962 maiore
1584 4919 1671 4964 cura
1690 4920 1730 4964 ac
1749 4899 1867 4966 studio
1891 4901 2036 4984 docere,
2071 4925 2179 4994 quam

148 5000 199 5058 tat
228 4988 395 5055 futuram.
461 4988 606 5078 Quanto
636 4993 787 5083 amplius
822 4995 979 5082 precium
1011 5019 1137 5082 operae
1187 4990 1256 5064 hoe
1272 5015 1381 5083 genus
1398 4994 1473 5084 pias
1488 4995 1626 5079 literas,
1652 5021 1738 5089 quas
1755 5000 1903 5069 barbara
1919 5013 1953 5069 ct
1965 5004 2180 5073 confusanea

147 5090 303 5157 tacturus
326 5111 378 5170 es,
410 5088 438 5155 si
461 5094 595 5162 morbis
614 5096 727 5163 animi
748 5096 1000 5179 medicaturus,
1033 5096 1137 5167 Pauli
1187 5095 1393 5186 disciplina,
1413 5090 1681 5187 Philosophiam
1707 5099 1765 5167 isti
1789 5102 1956 5171 ementito
1980 5105 2086 5174 titulo
2110 5092 2181 5176 vd·

70 5225 74 5232 ·
148 5191 309 5259 doctrina
332 5205 449 5273 utare,
475 5205 571 5264 tanto
587 5197 772 5289 quibusvis
793 5198 916 5287 epoclis
931 5199 1136 5282 efficaciore,
1187 5211 1283 5268 cant:
1318 5192 1518 5267 forensibus
1531 5199 1617 5268 item
1633 5199 1777 5282 litibus,
1810 5218 1845 5273 et
1866 5203 2180 5298 sordidaquadam

147 5304 281 5383 quanto
292 5290 406 5358 divini
422 5293 649 5383 spiritusvis,
673 5294 839 5370 humanis
853 5312 1004 5388 praestat
1018 5299 1136 5369 omni·
1185 5293 1438 5388 Philosophiae
1461 5301 1619 5386 aemula,
1652 5290 1868 5392 Theologia,
1892 5305 2042 5374 maiores
2065 5310 2180 5378 nostri

146 5392 224 5466 bns.
284 5392 378 5465 Sunt
404 5394 518 5462 animi
542 5400 680 5486 morbi,
712 5413 789 5472 tum
812 5400 930 5477 carnis
950 5402 1137 5494 cupiditas,
1184 5413 1388 5487 mutarunt,
1423 5397 1587 5492 χαλκέα,
1631 5401 1661 5470 si
1698 5403 1768 5471 diis
1807 5404 1941 5496 placet,
1976 5403 2178 5503 χρυσείων.
