4664 6022
139 248 220 325 ror
616 224 798 323 'nucu
829 242 905 320 nu
937 236 1346 319 asrnouonra
1378 243 1455 320 nr
1488 239 1711 320 eroon.
2118 246 2196 322 roa

140 422 254 521 plecti
269 433 387 494 totum
404 433 520 492 terrae
534 420 729 508 ambitum·
743 434 778 493 et
794 419 940 515 quidem
957 434 1064 507 certa,
1088 419 1146 491 fa·
1195 444 1297 515 posse
1314 417 1456 512 regere,
1480 414 1579 491 bunc
1596 420 1839 506 moderatum,
1864 420 1998 493 iustum
2015 432 2051 494 et
2065 418 2195 493 utilem

140 528 204 601 cili
228 540 265 598 ει
288 525 554 616 compendiaria
569 524 821 617 supputatione
837 520 1147 616 comprehensum,
1194 525 1332 596 civibus
1355 525 1443 596 sore.
1506 524 1560 594 Ac
1578 525 1672 594 addo
1697 525 1804 595 verba
1828 523 2009 611 Platonis,
2040 540 2081 596 ut
2101 523 2195 596 tanti

141 654 252 728 quem
280 629 311 697 si
341 628 556 718 cogitatione
589 643 760 722 tanquam
784 628 899 698 oculis
922 642 1037 699 totum
1058 652 1145 697 con·
1194 628 1265 699 viri
1279 653 1346 698 vor
1360 642 1394 699 et
1408 628 1582 699 autoritas
1597 653 1659 698 vos
1671 629 1717 698 ad
1732 652 1890 699 amorem
1903 642 1939 699 et
1954 629 2113 701 studium
2127 622 2194 698 ba·

141 732 348 827 templeris,
381 733 495 825 possis
518 731 624 802 etiam
648 731 770 801 mirari
798 731 1026 823 parvitatem,
1063 754 1144 801 cnm
1194 757 1276 804 rum
1300 732 1516 824 optimarum
1539 733 1670 802 artium
1693 732 1872 807 exuscitet.
1925 729 2048 804 Unum
2063 746 2195 803 estna·

139 838 186 911 sit
214 849 424 908 nostrorum
455 835 694 906 miliariorum
717 835 908 928 quinquies
934 833 1033 904 mille
1056 859 1145 930 qua·
1194 851 1294 907 turae
1311 835 1515 918 vinculum,
1542 837 1704 906 doctriua
1722 859 1973 917 numerorum,
1999 836 2194 927 figurarum

139 940 431 1032 dringentorum.
482 935 580 1008 Haec
605 939 680 1009 sine
702 937 864 1009 doctrina
885 951 1048 1011 motuum
1066 963 1145 1007 coe·
1195 953 1228 1010 et
1251 952 1413 1021 motuum
1436 939 1661 1025 coelestium,
1688 964 1727 1009 ac
1749 940 1780 1008 si
1800 940 1881 1035 quis
1905 939 2010 1009 aliam
2033 939 2129 1009 viam
2147 936 2193 1006 ad

138 1043 286 1117 testium
303 1040 443 1111 includi
464 1042 567 1111 certis
585 1041 904 1133 descriptionibus,
930 1042 1031 1135 quasi
1050 1041 1145 1109 limi·
1195 1043 1405 1113 discendum
1438 1056 1601 1136 quaeret,
1643 1043 1824 1125 fortunam
1856 1043 2015 1128 invocet,
2052 1052 2093 1111 ut
2121 1038 2194 1110 dici

141 1148 240 1223 tibus
265 1170 342 1216 non
366 1158 549 1237 poterantae
595 1142 670 1214 lam
689 1158 823 1238 quanta
839 1145 1045 1216 suavitasac
1061 1146 1145 1215 dul·
1194 1148 1294 1218 solet.
1347 1143 1439 1215 Nam
1463 1146 1538 1215 sine
1559 1140 1616 1215 bis
1638 1171 1743 1215 nemo
1760 1145 1797 1214 in
1814 1145 2018 1217 civitatibus
2034 1166 2203 1239 unquam

147 1253 229 1325 codo
251 1249 300 1320 sit
327 1243 435 1319 huius
459 1246 663 1333 doctrinae,
690 1249 867 1331 dicerem,
894 1246 924 1316 si
948 1247 1064 1318 verbis
1086 1272 1145 1317 ex·
1195 1249 1483 1323 beatus'existet.
1536 1246 1606 1318 Hic
1634 1251 1762 1319 modus
1791 1264 1860 1333 est,
1904 1242 1990 1318 baec
2019 1245 2194 1328 educatio,

143 1376 279 1450 ponere
293 1374 446 1445 possem.
496 1349 567 1423 Sed
590 1347 676 1421 haec
693 1352 914 1444 experiundo
929 1374 1146 1442 cognoscen-
1195 1350 1280 1423 baec
1294 1352 1496 1445 disciplina,
1521 1378 1582 1422 sen
1599 1353 1711 1423 facilis
1725 1351 1967 1425 seudillicilis.
2017 1345 2194 1421 Perhanc

141 1460 184 1531 ds
218 1469 286 1530 est.
354 1453 427 1526 Sua
458 1455 588 1549 cuique
614 1468 760 1525 naturae
784 1454 1028 1546 propriissima
1054 1455 1145 1523 actio
1196 1458 1246 1527 ire
1269 1479 1409 1527 necesse
1432 1469 1504 1542 εει,
1528 1481 1593 1525 nec
1617 1458 1668 1526 sas
1693 1470 1744 1526 est
1767 1454 1942 1546 negligere
1966 1452 2102 1534 Deum,
2125 1448 2192 1624 qai

140 1556 402 1633 iucundissima
443 1572 515 1638 cst,
557 1570 599 1629 ut
630 1582 715 1628 nare
745 1557 920 1649 piscibus,
967 1558 1143 1629 modulari
1194 1575 1329 1652 gratnm
1352 1562 1396 1628 de
1416 1583 1452 1629 se
1472 1558 1602 1629 samam
1620 1560 1658 1629 in
1674 1553 1729 1628 his
1744 1559 1881 1629 artibus
1895 1556 2015 1648 generi
2034 1551 2142 1626 huma
2173 1580 2193 1623 o

141 1660 355 1745 Lusciniae,
392 1661 440 1732 ita
475 1657 639 1733 homines
671 1684 799 1751 magna
828 1661 1010 1753 voluptate
1042 1662 1144 1730 adlici
1196 1664 1334 1738 tribuit.
1386 1660 1483 1734 Haec
1500 1676 1585 1733 sunt
1600 1662 1762 1733 Platonis
1779 1662 1906 1748 verba,
1930 1661 1968 1728 in
1988 1659 2120 1754 quibus
2136 1683 2194 1727 co·

139 1789 288 1839 uecesse
307 1777 379 1845 est,
405 1788 485 1835 cum
508 1777 672 1835 naturam
690 1778 801 1836 totam
821 1788 940 1834 rerum
957 1763 1146 1857 aspiciunt,
1195 1769 1321 1860 gitate,
1344 1791 1451 1860 quam
1468 1767 1646 1859 sapienter
1663 1766 1796 1837 dictum
1811 1764 1877 1849 sit,
1904 1778 2039 1854 gratam
2055 1758 2124 1831 Dei
2143 1760 2195 1830 sa·

138 1894 222 1943 cum
250 1891 484 1939 numerorum
514 1883 550 1939 et
579 1868 867 1957 magnitudinum
898 1867 1146 1960 proportiones
1195 1897 1288 1940 mam
1314 1869 1431 1941 audiri
1453 1869 1490 1938 in
1516 1865 1574 1938 his
1597 1870 1750 1950 artibus,
1778 1862 1847 1937 hoc
1867 1881 1937 1953 est,
1962 1887 2194 1935 numerorum

140 1972 359 2057 inveniunt,
392 1995 473 2041 cum
496 1971 703 2043 coelestium
728 1984 762 2040 et
784 1970 996 2045 inferiorum
1019 1996 1145 2063 corpo·
1196 1973 1332 2045 ordinis
1357 1986 1390 2043 ct
1413 1972 1618 2043 coelestium
1642 1996 1832 2065 corporum
1851 1971 2055 2061 cognitione
2074 1989 2194 2037 neces-

138 2100 224 2151 rutn
238 2069 467 2147 harmoniam
482 2088 738 2145 etconsensum
752 2067 1037 2166 deprehendunt,
1064 2099 1144 2144 cum
1195 2077 1289 2147 sario
1313 2100 1378 2145 nos
1401 2089 1553 2148 statuere
1574 2079 1748 2145 mundum
1772 2100 1790 2143 a
1815 2088 1933 2145 mente
1951 2087 2092 2143 aeterna
2108 2093 2191 2140 con-

140 2180 273 2253 vident
292 2177 414 2249 omnia
437 2191 530 2249 certa
554 2178 630 2269 lege
655 2177 797 2248 condita
823 2201 913 2259 esse,
947 2191 989 2249 ut
1012 2201 1078 2246 nos
1101 2179 1145 2245 oe
1196 2181 1311 2251 ditum
1336 2203 1421 2254 esse.
1480 2177 1574 2248 Vere
1597 2179 1706 2270 igitur
1729 2173 1815 2247 baec
1840 2177 1915 2269 ipsa
1939 2174 2122 2257 doctrina,
2151 2173 2194 2242 tle

140 2277 350 2355 Architecto
366 2281 594 2351 admoneant.
645 2277 704 2350 Ad
719 2275 812 2350 banc
825 2280 1144 2350 considerationem
1196 2309 1264 2380 qua
1275 2283 1492 2377 loquimur,
1518 2297 1568 2353 est
1590 2275 1771 2375 μαντικὴ,
1800 2280 1906 2350 etiam
1922 2279 1952 2349 εἰ
1968 2277 2121 2372 reliquas
2138 2275 2195 2344 di·

140 2409 224 2459 cum
255 2383 331 2455 nati
362 2384 492 2469 simus,
525 2407 666 2454 necesse
698 2396 750 2454 est
775 2408 851 2452 eam
874 2383 1049 2476 voluptati
1073 2406 1145 2452 esse
1196 2387 1396 2458 vinationes
1419 2411 1494 2456 non
1515 2399 1733 2471 scrutemur,
1757 2386 1801 2453 de
1823 2380 2083 2477 mutationibus
2100 2376 2194 2448 a'e‘ris

140 2512 217 2561 non
241 2486 473 2566 monstrosis,
500 2511 574 2556 non
598 2486 760 2557 distortis
783 2486 931 2558 naturis.
982 2482 1061 2556 Etsi
1082 2510 1145 2556 au·
1197 2504 1448 2581 etcorporum
1479 2503 1703 2573 nostrorum,
1753 2511 1903 2582 quarum
1937 2509 2013 2554 non
2044 2480 2194 2552 omnino

143 2605 213 2664 tem
235 2590 347 2661 initio
369 2590 546 2682 praefatus
569 2612 670 2675 sum,
695 2615 751 2659 me
778 2615 853 2660 non
876 2590 1056 2660 dicturum
1073 2612 1145 2659 essc
1196 2594 1295 2663 nulla
1325 2607 1377 2665 est
1407 2592 1562 2680 utilitas,
1612 2592 1642 2662 si
1672 2592 1768 2661 iutra
1800 2590 1911 2661 iustas
1940 2601 2051 2657 metas
2081 2583 2196 2656 conti·

140 2696 186 2767 de
212 2709 317 2787 parte
347 2693 575 2779 divinatrice,
618 2706 734 2762 tamen
767 2687 835 2762 boc
864 2695 1012 2778 addam,
1052 2687 1145 2761 hanc
1197 2709 1360 2769 neantur.

139 2797 259 2893 ipsam
273 2796 473 2867 doctrinem
486 2809 648 2867 motuum
663 2796 865 2866 coelestium
884 2821 946 2889 per
961 2820 1034 2866 sese
1047 2820 1145 2889 μαν-
1297 2796 1390 2869 Cum
1421 2797 1531 2890 igitur
1555 2798 1718 2868 doctrina
1740 2799 1784 2866 de
1806 2795 1962 2866 motibus
1985 2789 2196 2863 coelestibus

141 2894 252 2996 ωὴν
274 2923 367 2980 εεεε,
399 2913 433 2970 ει
454 2900 681 2992 praecipuam
702 2923 742 2968 ac
757 2899 987 2971 certissimam
1004 2898 1145 2969 divina·
1197 2902 1301 2997 plena
1322 2902 1367 2974 sit
1390 2902 1622 2987 eruditionis,
1648 2927 1729 2972 cum
1751 2900 1795 2971 sit
1814 2900 1913 2970 utilis
1933 2897 2024 2968 vitae
2041 2895 2086 2963 ad
2104 2906 2195 2964 tcm-
2242 2974 2247 2987 Ι

143 3004 282 3077 tionem
310 3003 568 3093 gubernantem
595 3001 688 3073 vitae
712 3026 899 3074 summam.
966 3000 1057 3072 Nam
1080 2996 1145 3070 hae
1198 3031 1325 3098 porum
1356 3019 1390 3075 et
1412 3005 1599 3095 regionum
1623 3005 1911 3086 distinctionem,
1941 3024 2020 3070 cum
2044 2997 2089 3067 sit
2114 2994 2196 3065 dul·

137 3106 430 3199 legesmotuum,
456 3118 631 3177 testantur
647 3106 823 3176 mundum
839 3129 913 3174 non
932 3129 1013 3174 casn
1028 3120 1145 3178 ortum
1201 3109 1360 3193 cissima,
1402 3133 1483 3178 cum
1511 3109 1695 3179 confirmet
1727 3108 1764 3175 in
1792 3106 1922 3176 animis
1943 3098 2128 3173 honestam
2152 3100 2197 3166 de

137 3232 237 3291 esse,
262 3209 325 3279 sed
347 3233 366 3278 a
383 3223 501 3279 mente
517 3222 659 3279 aeterna
675 3209 878 3292 conditum,
911 3222 945 3279 ct
960 3200 1044 3277 huic
1060 3232 1146 3277 con·
1199 3210 1274 3280 Deo
1289 3211 1512 3297 sententiam,
1533 3235 1685 3304 cumque
1700 3211 1746 3280 sit
1757 3209 1892 3279 occasio
1907 3205 2079 3283 discendi,
2102 3201 2196 3271 bona

139 3310 259 3385 «litori
279 3306 472 3382 humanam
494 3324 660 3381 naturam
685 3334 789 3381 curae
815 3333 899 3382 esse.
951 3307 1048 3379 Haec
1064 3334 1144 3378 cum
1199 3315 1339 3404 ingenia
1370 3307 1563 3397 adhortor,
1595 3326 1635 3383 ut
1663 3313 1701 3381 in
1726 3308 1812 3380 baec
1835 3310 1951 3411 studia
1977 3305 2196 3385 incumbant,

142 3412 330 3509 peropimis
351 3416 596 3485 demonstrent
613 3414 705 3505 leges
721 3427 905 3497 motuum,
932 3413 1053 3502 negari
1073 3437 1146 3481 nou
1199 3430 1230 3486 et
1248 3440 1328 3497 sua,
1352 3430 1386 3486 et
1400 3414 1558 3507 Reipub.
1573 3439 1689 3498 causa,
1715 3415 1772 3512 cqi
1790 3409 1955 3483 honestas
1973 3422 2076 3491 artes,
2104 3406 2196 3475 vitae

142 3528 284 3613 potest,
305 3511 397 3588 banc
418 3518 618 3590 doctrinam
643 3542 725 3588 vere
747 3540 820 3586 esse
842 3510 1028 3608 panetaria
1046 3517 1090 3585 de
1109 3539 1146 3584 re
1200 3520 1303 3590 utiles
1320 3541 1529 3588 conservare
1546 3508 1725 3590 debemus.
1777 3514 1874 3586 Dixi.

140 3619 312 3696 maxima.
364 3618 455 3691 Nam
472 3615 559 3690 baec
574 3621 701 3692 deDeo
718 3622 810 3691 etde
827 3619 1049 3711 providentia
1065 3642 1146 3687 sen-

140 3721 277 3809 tenna,
322 3724 481 3816 prolecto
520 3727 564 3794 ad
596 3725 764 3794 virtutem
795 3721 934 3791 animos
966 3722 1146 3794 exuscitet.

140 3824 328 3899 Praedicit
353 3821 526 3920 Physicus
553 3828 709 3919 pluvias,
734 3826 763 3895 si
786 3826 922 3917 spirent
942 3818 1067 3895 Austri
1092 3825 1146 3894 vel

140 3925 327 4024 Zephyri,
351 3930 381 3999 si
395 3927 545 4013 Boreas,
572 3930 807 4000 serenitatem.
862 3925 1008 4016 Quanto
1025 3927 1148 3997 utilior
1213 3945 1277 4016 No,
1295 3943 1356 4018 41,

141 4032 323 4105 divinatio
350 4047 417 4117 est,
451 4032 661 4102 confirmare
684 4033 822 4100 animos
845 4031 889 4099 de
911 4030 1147 4122 providentia,
1213 4042 1380 4070 Μ

141 4158 191 4209 ne
227 4159 312 4207 casu
347 4137 523 4207 mnndum
561 4136 714 4205 extitisse
744 4133 947 4204 somnient?
989 4131 1147 4231 ⁸Magna
1445 4143 1572 4231 Lau,
1598 4144 1720 4228 vigae
1749 4143 1958 4229 scholast.

140 4261 250 4311 causa
275 4237 362 4322 suit,
388 4263 452 4310 cur
465 4239 566 4308 Deus
586 4233 671 4307 baec
695 4242 739 4307 de
762 4262 798 4307 se
821 4235 1021 4307 testimonia
1043 4235 1147 4305 nobis

140 4342 383 4437 proposuerit.
430 4339 521 4411 Nam
537 4367 615 4410 cum
630 4341 821 4410 didicimus
836 4340 930 4423 inde,
949 4362 1022 4408 esse
1031 4336 1147 4409 Deum

144 4447 426 4537 gubernatorem
456 4445 640 4529 omnium,
672 4443 924 4533 intelligimus,
958 4442 988 4511 ei
1021 4466 1148 4532 paren-

2029 4029 2195 4061 ω

1272 4323 1490 4451 minimi&
1508 4326 1529 4380 l.
1550 4344 1577 4397 p.
1587 4324 1639 4378 too
1652 4342 1727 4395 sqq..
1751 4321 1826 4378 Serv.
1844 4320 1877 4378 T.
1891 4320 1911 4374 l.
1931 4339 1958 4392 p.
1969 4318 2048 4386 405.,
2072 4314 2198 4373 Richard.

1333 4435 1341 4451 .
1366 4435 1373 4450 .
1392 4416 1418 4468 p.
1483 4433 1491 4450 .
1722 4416 1727 4431 ·

142 4550 235 4621 ‘¹⁰¹⁰
252 4571 338 4629 Μ’
364 4547 588 4639 ³8⁰⁰⁸⁰l¹¹¹¹¹⁸
602 4547 768 4617 ⁰sdl¹¹⁹¹¹¹
783 4547 828 4616 ‘¹¹‘
842 4546 929 4637 ipso,
953 4544 1034 4614 ‘¹5¹¹
1046 4569 1148 4613 ¹1¹⁰ss-
1201 4562 1261 4630 De
1285 4556 1403 4630 lande
1424 4561 1527 4628 vitoe
1548 4553 1800 4627 scholasticae
1816 4556 1957 4638 oratio,
1986 4547 2089 4620 dicto
2106 4567 2131 4616 o
2150 4546 2197 4614 D.

141 4652 243 4724 tibus
259 4651 391 4721 nostris
406 4664 439 4720 et
455 4651 493 4719 in
512 4651 654 4743 politica
673 4649 837 4719 societate
851 4646 1051 4719 institutum
1064 4670 1147 4731 esse,
1211 4660 1374 4734 Metel,
1403 4660 1581 4732 pendi,
1605 4663 1645 4731 5„
1660 4657 2187 4752 prOmoggoneMwmrmm,

142 4768 181 4826 ει
206 4754 361 4824 sancitas
383 4777 515 4844 poenas
536 4753 829 4826 conturbantium
853 4744 950 4820 bunc
972 4750 1148 4829 ordinem,

144 4881 236 4954 quas
253 4881 298 4927 ne
314 4855 485 4946 Gigantes
501 4856 663 4950 quidem,
690 4856 747 4924 vel
762 4855 793 4924 si
806 4855 925 4925 ausint
940 4856 984 4922 ad
1000 4877 1037 4922 se
1051 4877 1147 4921 com·
1203 4835 1301 4923 Cum
1324 4844 1512 4915 considero
1535 4867 1611 4929 eos,
1636 4844 1698 4937 qni
1716 4842 1754 4909 in
1771 4835 1868 4909 hrrnc
1885 4839 2000 4906 locum
2016 4838 2061 4905 ad
2077 4835 2201 4904 dicen·

143 4961 364 5033 muniendos
379 4959 561 5051 imponere
570 4955 810 5038 PelioOssan,
836 4958 991 5048 effugere
1005 4969 1147 5049 queant.
1203 4954 1288 5021 dum
1310 4949 1509 5040 prodeunt,
1537 4948 1594 5016 vel
1617 4943 1816 5035 argumenti
1839 4941 2018 5024 novitate,
2046 4939 2102 5007 vel
2126 4939 2201 5005 elo-

143 5060 317 5158 Denique
338 5063 451 5134 multa
470 5064 515 5132 de
530 5060 607 5133 Deo
629 5077 664 5133 et
684 5063 729 5131 de
749 5060 911 5131 moribus
932 5072 1054 5129 monet
1069 5082 1150 5127 coe·
1202 5053 1349 5149 quentia
1379 5052 1536 5142 placere,
1576 5049 1821 5118 animadverto
1854 5037 1945 5111 mihi
1976 5043 2079 5111 valde
2112 5059 2201 5130 opus

144 5168 294 5239 lentium
310 5167 428 5256 legum
443 5167 552 5251 ordo,
579 5167 769 5236 testificans
783 5166 827 5232 ad
845 5158 994 5232 humani
1010 5163 1150 5252 generis
1202 5181 1277 5226 esse
1297 5148 1520 5226 humanitate
1543 5164 1649 5246 atque
1666 5149 1842 5243 aequitate
1861 5158 1987 5219 vestra.
2036 5142 2127 5213 Nam
2144 5163 2202 5209 ar·

146 5270 341 5341 utilitatem
367 5263 429 5337 has
453 5293 571 5338 rerum
596 5269 690 5338 vices
712 5267 874 5338 conditas
890 5289 975 5339 esse.
1029 5262 1150 5353 Quare
1203 5271 1591 5349 gumentumnovum,
1618 5257 1714 5348 quod
1735 5251 1881 5345 quidem
1905 5244 1990 5318 huic
2012 5247 2090 5315 loco
2112 5267 2201 5313 con·

147 5369 255 5443 Plato
271 5375 466 5463 prudenter
482 5372 591 5456 dixit,
616 5396 697 5442 eum
714 5371 831 5440 virum
851 5383 989 5439 tautum
1005 5368 1149 5438 beatum
1204 5362 1326 5431 venire
1355 5360 1553 5441 videretur,
1584 5357 1725 5426 nullum
1758 5351 1999 5443 reperiebam,
2031 5372 2096 5417 nec
2122 5369 2200 5436 per-

149 5496 245 5557 osae,
269 5475 334 5569 qui
356 5469 449 5544 hauc
472 5474 673 5546 doctrinam
697 5471 884 5558 didicerit,
909 5464 1009 5542 bunc
1033 5491 1150 5541 mores
1203 5465 1357 5556 vulgatis
1368 5464 1499 5534 addere
1511 5460 1650 5555 aliquid
1661 5455 1865 5551 splendoris
1878 5453 2030 5524 dicendo
2046 5469 2201 5544 possum.
