4664 6022
131 309 178 391 Μ
710 303 873 391 DECL.
904 304 982 384 DE
1014 304 1348 387 autentico
1378 306 1589 387 ELECT.
2119 307 2172 385 et

128 505 203 557 cum
226 480 429 553 multorum
451 480 584 553 iniuria
601 480 689 553 fines
705 481 808 572 regni
823 484 982 574 proferre
996 482 1134 576 ampli·'
1177 482 1288 559 everti
1307 484 1412 567 etiam
1436 494 1541 578 queat
1556 483 1766 573 argutsndo.
1816 480 2035 579 Dicebatque
2049 495 2173 574 optare

127 586 314 678 tuteque.
371 578 420 678 Et
448 597 488 654 ut
512 581 642 654 Graeci
670 585 877 675 proverbio¹
893 599 1127 673 monuerunt,
1176 600 1214 658 se
1228 598 1269 657 ut
1280 586 1325 657 de
1339 586 1448 659 sacris
1462 610 1502 655 ex
1519 586 1595 655 solo
1604 584 1673 655 Dei
1689 585 1797 657 verbo
1810 585 2040 662 iudicaretur.
2073 581 2171 656 llaec

127 685 293 779 Spartam
311 698 416 756 nacto
432 688 631 755 ornandam
646 710 722 757 eam
734 711 819 760 esse.
854 685 906 759 lta
918 684 976 758 hic
986 713 1125 759 summa
1177 706 1253 761 tum
1275 690 1430 779 agitabat
1450 688 1592 758 animus
1614 688 1710 773 eius,
1736 713 1815 760 cum
1839 687 1963 779 religio
1985 699 2060 760 tota
2081 702 2172 758 esset
2276 721 2282 734 ·

127 789 294 861 vianimi
309 785 473 859 incubuit
491 788 530 857 in
544 782 632 875 huc,
658 802 701 860 ut
716 804 883 883 tanquam
898 793 1043 861 domum
1061 816 1126 883 pa·
1177 793 1303 864 obruta
1326 785 1585 863 Monachorum
1606 791 1767 861 somniis.
1818 789 1946 863 Postea
1961 815 2046 862 vero
2063 814 2170 884 quam

125 891 338 966 tufamilias
364 891 529 962 redderet
553 890 727 961 ditionem
749 894 916 963 omnibus
937 893 1042 964 bonis
1066 918 1124 963 re·
1175 895 1384 986 perpurgari
1412 893 1547 986 coepit,
1578 907 1613 964 et
1635 906 1805 986 tanquam
1830 894 2040 965 reviviscere
2061 886 2171 964 Chri-

125 997 186 1069 bns
207 993 473 1065 florentiorem.
532 991 673 1062 Possem
696 990 754 1065 hic
778 995 883 1067 etiam
908 1020 1125 1065 commemo·
1176 999 1289 1069 stiana
1304 999 1486 1082 doctrina,
1511 997 1685 1087 adplicuit
1700 997 1860 1067 animum
1875 998 1919 1067 ad
1938 1019 2013 1066 eam
2029 993 2171 1091 penitus

125 1121 221 1176 esre,
251 1119 364 1189 quam
386 1095 581 1186 periculosa
605 1096 750 1166 dissidia
766 1111 966 1169 exterorum
984 1097 1124 1168 Princi-
1176 1101 1476 1189 cognoscendam,
1503 1123 1548 1168 ne
1572 1099 1657 1192 quid
1676 1114 1806 1169 temere
1815 1111 1883 1175 ,ant
1899 1100 2083 1188 probaret,
2107 1106 2171 1167 aut

129 1224 226 1295 pum,
252 1220 368 1291 quam
390 1196 501 1268 multa
521 1197 617 1269 bellu
636 1199 824 1269 autoritate
844 1223 908 1271 sua
923 1200 1122 1272 diremerit:
1175 1203 1370 1273 damnaret.
1421 1199 1493 1274 Ubi
1510 1202 1687 1294 perspexit
1702 1202 1773 1270 vim
1790 1201 1991 1291 religionis,
2017 1214 2091 1273 toto
2105 1221 2168 1291 pe·

133 1302 187 1383 red
214 1321 346 1393 neque·
367 1312 505 1390 tempus
530 1300 729 1390 longiorem
753 1303 972 1395 orationem,
1007 1327 1123 1398 neque
1175 1318 1273 1375 ctore
1288 1305 1470 1396 amplexus
1483 1319 1534 1376 est
1550 1329 1608 1388 ea,
1636 1327 1726 1397 quae
1739 1304 1782 1372 ad
1798 1327 1896 1375 suam
1910 1316 2064 1374 mentem
2081 1323 2169 1371 con·

129 1404 216 1475 sires
245 1424 350 1473 meae
373 1400 513 1482 ferunt,
546 1417 580 1472 et
602 1403 787 1496 plerasque
809 1427 865 1475 res
885 1420 997 1495 gestas
1020 1420 1123 1477 notas
1174 1408 1398 1477 formandam
1423 1408 1595 1487 facerent,
1622 1420 1657 1476 et
1679 1407 1842 1498 pietatem
1860 1406 2015 1489 alerent,
2040 1402 2168 1473 ociosis

124 1528 195 1591 use
207 1504 319 1575 vobis
332 1503 505 1589 arbitror,
532 1526 620 1597 quas
633 1505 664 1575 si
678 1506 799 1577 animo
813 1508 1041 1599 reputabitis,
1065 1508 1123 1577 in·
1175 1509 1489 1601 disputationibus,
1515 1532 1605 1603 quae
1618 1511 1662 1578 ad
1676 1508 1957 1578 aedificationem
1972 1500 2066 1575 nihil
2080 1527 2169 1575 con-

123 1607 294 1699 telligetis
308 1628 446 1677 summa
463 1608 670 1697 prudentia,
693 1630 902 1704 summoque
917 1610 1067 1681 consilio
1084 1614 1121 1680 in
1175 1614 1331 1696 ducunt,
1353 1611 1500 1701 longum
1522 1613 1640 1683 valere
1657 1610 1765 1696 dixit,
1792 1626 1826 1681 et
1844 1611 1881 1679 in
1900 1609 2029 1679 ritibus
2043 1606 2167 1700 puhli-

123 1706 215 1804 ltep.
242 1722 424 1779 versatum
445 1731 538 1793 esse,
564 1724 600 1781 et
615 1734 697 1781 vere
712 1712 901 1781 salutarem
918 1711 1119 1806 Principem
1174 1715 1243 1800 cis,
1276 1714 1359 1809 quia
1391 1714 1535 1784 videbat
1564 1707 1770 1805 prophanus
1799 1714 1971 1807 quosdam
2002 1706 2167 1805 homines
2203 1705 2212 1719 '

123 1811 363 1930 etpatriaqet
378 1811 648 1882 exterisfuisse.·
688 1808 934 1905 Egoprofecto
948 1837 1121 1885 summam
1174 1817 1383 1907 contemptis
1407 1815 1557 1906 publicis
1580 1815 1759 1900 moribus,
1786 1826 1969 1905 praetextu
1990 1809 2167 1882 libertatis

124 1910 218 1987 hanc
243 1912 537 2007 verissimamque
554 1915 697 1983 laudem
713 1914 788 1985 eius
803 1938 877 1984 esse
890 1919 999 2000 duco,
1025 1920 1118 2010 quod
1172 1916 1407 2008 Evangelicae
1426 1920 1682 2010 propemodum
1699 1919 1738 1986 in
1754 1918 1890 1987 belluas
1906 1914 2056 1999 mutari,
2081 1909 2167 1981 dili-

123 2018 171 2091 ita
184 2039 315 2110 pacem
329 2025 465 2086 tutatus
480 2028 553 2099 est,
574 2028 621 2086 ut
630 2030 747 2085 tamen
762 2041 782 2086 a
798 2017 894 2086 bello
911 2034 1121 2109 provocatus
1173 2022 1375 2110 gentissime
1390 2022 1500 2102 cavit,
1528 2045 1573 2090 ne
1590 2019 1677 2113 qnid
1693 2032 1846 2090 mutaret
1863 2033 2013 2101 temere,
2038 2038 2083 2085 ne
2101 2037 2165 2084 suo

124 2119 252 2198 etiam,
295 2115 524 2187 abstinuerit:
565 2138 635 2211 qua
672 2119 779 2189 laude
806 2114 901 2189 nihil
932 2120 1121 2210 excogitari
1174 2125 1333 2215 exemplo
1347 2123 1504 2214 imperiti
1516 2135 1711 2215 peccarent.
1750 2118 1797 2192 Et
1809 2121 1992 2205 sentiebat,
2014 2117 2052 2187 id
2068 2117 2166 2211 quod

123 2220 295 2310 Principe
310 2218 485 2289 illustrius
498 2231 624 2311 potest.
676 2219 808 2293 Divina
825 2221 920 2292 enim
935 2225 1121 2312 praeconia
1173 2248 1228 2295 res
1255 2240 1325 2308 est,
1357 2225 1535 2316 publicam
1563 2248 1703 2294 morum
1729 2220 1960 2294 mutationem
1985 2217 2165 2312 periculo·

125 2324 232 2397 etiam
255 2334 432 2401 meretur,
458 2345 541 2397 uam
560 2346 640 2395 cum
656 2325 811 2401 mundus
826 2325 969 2416 imperii
984 2348 1122 2416 posses-
1173 2348 1246 2396 sam
1280 2350 1365 2400 esse.
1424 2324 1586 2420 Cumque
1613 2328 1658 2395 de
1681 2325 1853 2414 religione
1873 2319 1943 2393 hoc
1966 2323 2093 2404 modu,
2125 2330 2168 2389 ut

126 2426 265 2497 sionem
296 2422 333 2493 vi
361 2434 467 2515 atque
490 2424 599 2493 armis
622 2425 765 2495 defendi
788 2426 917 2496 dehere
935 2428 1122 2512 existimet,
1179 2429 1273 2514 dixi,
1303 2429 1466 2513 sentiret,
1498 2443 1533 2498 et
1571 2428 1777 2516 regionibus
1814 2427 1888 2497 suis
1921 2447 2011 2515 pure
2044 2420 2166 2494 doceri

125 2522 295 2601 Christus
314 2537 456 2607 contra,
482 2526 695 2617 pronunciat
716 2529 839 2607 beatos
856 2551 929 2598 esse
944 2529 1065 2616 mites,
1088 2544 1122 2601 et
1174 2554 1271 2600 sacra
1300 2544 1494 2622 pateretur,
1529 2545 1659 2623 quanta
1682 2527 1797 2598 Deum
1820 2527 2057 2597 immortalem
2082 2545 2168 2592 con-

127 2628 312 2703 suevitia
330 2626 485 2709 alienos,
511 2628 631 2721 eisque
645 2631 899 2718 possessionem
916 2644 1029 2701 terrae
1043 2633 1122 2725 pol·
1173 2634 1321 2713 stantia,
1347 2648 1480 2726 quanto
1501 2632 1631 2703 robore
1654 2631 1765 2701 animi
1787 2629 1955 2700 sustinuit
1978 2625 2167 2707 invidiam,

126 2732 266 2805 licetur.
319 2725 370 2799 Et
388 2730 495 2820 paulo
518 2746 617 2822 pust,
636 2733 805 2823 ‘pacificos
821 2734 927 2805 etiam
944 2735 1036 2805 tilios
1054 2734 1121 2805 Dei
1174 2760 1241 2830 qua
1260 2735 1298 2804 in
1313 2733 1503 2806 Pontificio
1519 2757 1628 2823 regno
1644 2732 1823 2821 flagravit,
1849 2731 1934 2801 vicit
1949 2727 2165 2801 Pontificum

126 2834 294 2927 adpeltau
344 2826 460 2901 Erant
482 2847 600 2903 tamen
625 2833 663 2902 in
689 2859 730 2905 eo
753 2834 911 2927 privatae
929 2835 1035 2907 etiam
1048 2838 1122 2907 vir·
1174 2838 1343 2927 fulmina,
1378 2852 1413 2907 et
1433 2836 1549 2906 minas
1570 2822 1791 2905 summorum
1813 2831 1973 2922 Regum,
2005 2843 2165 2901 contem·

127 2950 219 3010 tutes
240 2956 410 3025 maguae,
440 2935 670 3026 praecipuum
696 2936 878 3027 religionis
898 2934 1122 3011 Christianae
1172 2941 1243 3033 psit
1259 2940 1413 3011 convitia
1427 2940 1536 3029 vulgi,
1562 2939 1838 3008 sacrificulorum
1852 2959 1949 3005 sacra
1964 2934 2002 3002 in
2018 2944 2166 3027 quaestu

131 3038 303 3111 studiumt
334 3060 419 3105 nam
448 3060 546 3106 sacra
572 3062 635 3128 per
662 3062 806 3109 omnem
828 3040 936 3111 vitam
959 3042 1121 3132 religiose
1173 3038 1392 3117 habentium.
1445 3040 1525 3131 Qun
1539 3042 1577 3109 in
1592 3065 1630 3109 re
1642 3041 1725 3110 satis
1738 3038 1929 3108 declaravit
1943 3060 1979 3107 se
1992 3060 2034 3105 ex
2046 3032 2166 3104 animo

128 3139 308 3222 canavis,
339 3149 484 3209 etcum
514 3162 640 3229 magna
667 3142 818 3213 varietas
842 3142 1054 3234 opinionum
1077 3147 1121 3213 de
1174 3168 1324 3237 vereque
1356 3145 1473 3214 favere
1500 3139 1663 3226 Christo,
1710 3166 1789 3211 cum
1821 3141 1919 3208 illius
1948 3153 2070 3208 uotam
2098 3131 2167 3204 sibi

128 3242 302 3334 religione
314 3235 374 3310 his
387 3242 607 3332 temporibus
618 3243 738 3328 fuerit,
764 3256 882 3314 tamen
896 3247 1030 3336 optima
1046 3270 1121 3316 cer·
1174 3248 1271 3316 inuri
1294 3260 1489 3338 pateretur,
1521 3270 1602 3315 cum
1626 3245 1663 3312 in
1685 3265 1832 3333 corpure
1854 3265 1918 3311 suo
1940 3240 2038 3309 illins
2058 3251 2165 3308 stem-

128 3345 336 3438 tissimaque
352 3365 492 3434 semper
509 3345 650 3433 delegit.
698 3342 747 3415 Et
765 3371 844 3416 cum
860 3343 1008 3417 antehac
1024 3346 1121 3417 Pon·
1174 3362 1265 3418 mata
1281 3361 1451 3437 gestaret,
1476 3342 1545 3415 hoc
1564 3360 1626 3431 est,
1650 3370 1731 3414 ciem
1749 3346 1792 3413 ad
1802 3339 1935 3412 Christi
1954 3340 2166 3429 exemplum,

128 3447 264 3517 tibrum
294 3443 586 3529 constitutiones,
620 3461 655 3516 et
684 3448 829 3540 quidam
860 3442 1008 3518 humani
1033 3450 1121 3518 ritus
1174 3451 1248 3539 ipse
1272 3451 1376 3517 etiam
1399 3449 1624 3519 laceraretur.
1677 3445 1772 3533 Quid
1797 3443 1976 3513 enimnisi
1994 3453 2165 3534 perpetua

130 3574 191 3641 pro
208 3547 385 3639 religione
399 3547 468 3615 soli
486 3550 699 3619 ducerentur
712 3549 749 3618 in
765 3550 923 3641 templis,
948 3552 1121 3642 praestitit
1173 3551 1375 3621 carnificina
1400 3549 1510 3619 animi
1532 3550 1600 3620 fuit
1618 3548 1679 3616 ille
1696 3544 1850 3618 hostium
1866 3543 2043 3636 impetus?
2090 3538 2165 3613 Cu-

130 3676 168 3723 ea
188 3648 345 3744 quaein
366 3649 528 3719 muribus
544 3668 644 3722 erant
660 3651 866 3740 diligenter,
894 3652 929 3721 id
946 3656 1041 3746 quod
1057 3676 1120 3743 ego
1173 3657 1230 3726 ius
1252 3650 1342 3722 mihi
1356 3649 1534 3722 Eremitae
1557 3651 1689 3720 ieiunia
1707 3665 1741 3721 et
1757 3648 1916 3739 vigilias,
1942 3672 2023 3718 cum
2040 3640 2096 3715 his
2112 3644 2164 3713 af·

131 3753 307 3845 specimen
328 3752 443 3821 bonae
466 3754 594 3822 mentis
610 3754 842 3845 interpretort
868 3768 903 3825 et
920 3756 1002 3849 quia
1018 3770 1119 3847 puta-
1173 3757 1391 3827 flictionibus
1413 3756 1519 3824 audet
1539 3755 1725 3847 quisquam
1746 3750 1929 3822 conferre?
1980 3747 2165 3838 Nonpro·

131 3856 188 3927 bct
207 3853 292 3923 illos
307 3853 397 3923 ritus
413 3856 611 3924 conducere
628 3859 669 3926 ad
688 3857 969 3927 assuefaciendus
984 3859 1122 3928 animos
1174 3860 1263 3929 fecto
1285 3858 1426 3947 gravius
1446 3870 1669 3948 oppugnatus
1683 3870 1735 3925 est
1749 3846 1936 3938 Ezechias,
1961 3871 2164 3944 quanquam

133 3956 247 4047 vulgi,
270 3955 545 4048 invitandosquc
559 3960 600 4025 ad
617 3960 773 4029 studium
789 3963 1052 4048 cognoscendae
1066 3984 1122 4030 re·
1175 3961 1312 4029 moenia
1343 3958 1571 4052 Solymorum
1601 3957 1765 4027 cinxisset
1792 3950 1914 4028 hostis.
1974 3950 2077 4020 Vidit
2105 3944 2164 4017 hic

135 4058 294 4150 ligionis,
340 4058 470 4149 templa
502 4060 683 4145 condidit,
723 4063 938 4131 ceremonias
970 4063 1122 4148 invexit,
1174 4088 1315 4157 quoque
1339 4086 1412 4130 non
1434 4063 1542 4130 semel
1563 4060 1718 4150 expediri
1742 4059 1910 4129 adversus
1932 4076 2104 4137 searma,
2131 4063 2165 4119 et

136 4160 313 4233 accersivit
329 4160 567 4252 undecunque
583 4164 645 4254 qui
663 4186 759 4233 sacra
775 4166 954 4236 docerent.
1006 4161 1055 4234 Et
1068 4177 1122 4234 ta·
1174 4164 1433 4257 propemodum
1451 4163 1573 4253 iugulo
1590 4161 1748 4250 gladium
1762 4158 1941 4229 intentari.
1993 4154 2064 4227 Sed
2080 4153 2164 4247 quia
2202 4237 2206 4253 Ι

137 4286 211 4335 nen
232 4262 368 4353 accipio
389 4275 467 4334 tum
483 4288 594 4356 quum
609 4265 729 4335 animo
744 4268 938 4359 requireret
952 4267 1121 4337 sincerio-
1174 4266 1358 4357 religionis
1387 4288 1524 4335 causam
1556 4264 1689 4333 sciebat
1708 4256 1874 4332 humanis
1897 4258 2034 4329 viribus
2059 4254 2164 4326 susti·

138 4388 203 4437 rem
235 4365 483 4435 tractationem
515 4362 739 4438 Christianae
768 4369 970 4449 doctrinae,
1020 4394 1122 4459 saepe
1174 4371 1251 4439 neri
1273 4383 1333 4438 aut
1354 4367 1496 4436 defendi
1512 4390 1585 4437 non
1600 4387 1700 4458 posse
1708 4416 1720 4449 ‚
1748 4359 1840 4433 nihil
1856 4363 1929 4454 ipse
1947 4373 2070 4431 contra
2087 4381 2166 4426 mo-

140 4490 211 4538 cum
235 4467 351 4537 doctis
375 4466 461 4537 viris
483 4469 749 4541 confabulatum
771 4494 844 4541 esse
867 4473 960 4541 dcvi
977 4487 1122 4543 natura·
1173 4474 1276 4555 litus,
1300 4470 1450 4540 salutem
1472 4493 1571 4539 suam
1592 4481 1626 4537 et
1642 4490 1786 4536 suarum
1801 4465 1960 4555 gentium
1977 4459 2053 4530 Deo
2069 4481 2165 4528 com·

142 4592 199 4663 que
217 4569 413 4658 religionis.
472 4565 509 4640 0
532 4572 637 4641 altam
659 4595 936 4667 generosamqne
957 4588 1122 4654 mentem,
1175 4575 1358 4656 mittebat,
1383 4585 1419 4642 et
1442 4570 1740 4666 quemadmodum
1761 4567 1818 4637 vir
1840 4564 2052 4637 fortissimus
2071 4560 2165 4651 apud

142 4692 245 4767 neque
273 4672 369 4741 enim
398 4672 555 4763 plebeios
583 4674 722 4745 animos
751 4677 893 4749 incessit
923 4672 1009 4746 haec
1038 4701 1120 4746 cura
1175 4674 1401 4747 Podtamait:

144 4773 437 4866 contemplandae,
456 4777 1014 4872 pervestigandaequereligionis.
1041 4777 1122 4848 Ma·
1226 4783 1388 4868 Quidquid
1402 4788 1459 4845 erit
1472 4780 1637 4864 superanda
1654 4784 1753 4841 omnis
1766 4779 1888 4840 lustuns
1901 4772 2024 4835 ferendo
2037 4784 2094 4834 est.

145 4894 235 4962 tuam
251 4878 431 4970 quandam
448 4877 583 4969 ingenii
602 4880 694 4966 vim,
720 4895 754 4952 et
770 4876 947 4952 heroicam
965 4881 1122 4952 indolem
1175 4880 1226 4952 lta
1265 4880 1453 4974 patientia,
1500 4877 1814 4967 moderationeque
1849 4870 1961 4942 animi
2001 4865 2165 4938 inimico-

146 4978 377 5050 tuimadverto
406 4980 444 5048 in
468 5004 511 5050 eo
532 4983 661 5067 fuisse,
693 5007 773 5053 cum
797 4998 980 5077 tantopere
999 4983 1124 5055 arsisse
1174 5008 1255 5053 rum
1285 4981 1485 5064 saevitiam,
1519 4992 1691 5073 quantum
1719 4976 1795 5045 tieri
1819 4972 1952 5066 potuit,
1981 4966 2167 5058 mitigavit.

146 5082 248 5178 ‘tudio
272 5081 588 5172 perdiscendorum
610 5108 790 5156 sacromm
808 5087 924 5158 video.
977 5085 1042 5158 Est
1059 5110 1122 5155 au·
1174 5085 1257 5154 Non
1274 5099 1377 5155 vacat
1397 5078 1490 5152 hanc
1509 5083 1648 5151 laudem
1670 5092 1819 5149 tractare
1835 5074 2009 5167 pluribus.
2060 5069 2168 5140 Prae·

147 5190 203 5251 tem
228 5181 389 5275 profecto
413 5178 500 5253 haec
518 5211 601 5255 cura
626 5187 791 5279 inprimis
814 5188 920 5279 digna
943 5188 1122 5278 Principe.
1175 5202 1270 5258 tereo
1296 5188 1365 5255 iam
1398 5185 1494 5277 quod
1525 5179 1645 5253 schola
1676 5180 1865 5250 constituta
1892 5176 2021 5259 sensit,
2055 5194 2168 5264 quan·

148 5277 244 5378 Saepe
258 5286 471 5357 detestatum
487 5287 627 5371 ferunt,
652 5289 763 5383 siquis
779 5286 953 5362 humanas
967 5292 1123 5362 rationes
1173 5303 1250 5359 tum
1269 5289 1404 5357 adferat
1419 5284 1576 5375 Rebusp.
1590 5282 1736 5354 scientia
1752 5282 1954 5360 literarum,
1982 5298 2068 5369 quas
2086 5273 2166 5340 vul·

148 5378 177 5453 in
206 5412 308 5459 causa
343 5388 528 5478 religionis
563 5392 736 5477 adferret,
778 5407 962 5485 propterea
994 5393 1124 5485 inquit,
1174 5414 1238 5482 gus
1254 5389 1461 5482 Principum
1481 5387 1559 5458 odit
1578 5409 1663 5455 cane
1684 5385 1785 5475 peius
1800 5396 1835 5455 et
1848 5404 1974 5470 angue.
2027 5371 2167 5446 Omitto

150 5492 229 5577 quod
255 5486 353 5562 nibil
383 5503 455 5561 tam
478 5507 579 5567 acute
602 5494 721 5586 colligi
745 5509 879 5588 posset,
918 5496 1006 5591 quin
1028 5495 1122 5565 idem
1174 5517 1244 5589 qua
1271 5491 1455 5583 diligentia
1481 5490 1621 5586 fideque
1641 5485 1772 5558 amicos
1793 5480 2015 5566 adiunxerit,
2047 5475 2167 5549 colue-
