4664 6022
148 272 219 349 oti
621 261 789 345 DECL.
827 263 905 345 ult
935 267 1277 357 ruluuulco
1307 278 1465 363 DUCB
1497 286 1622 388 SAX.
1651 290 1739 379 EI..
2135 312 2202 394 972

148 443 252 540 genia
282 455 478 525 oiiintare,
512 443 573 514 sed
604 442 806 514 doctrinam
838 442 934 516 vitae
959 444 1152 519 salnurem
1303 452 1364 529 Ab
1386 460 1581 538 ambitione
1603 492 1689 545 vero
1709 472 1950 553 alienissimus
1972 483 2065 570 luit,
2099 511 2201 580 quam

149 546 361 643 qiiaerebat,
393 568 542 641 eamque
566 546 612 616 ad
633 568 738 617 suuni
763 545 803 615 iu
819 546 1046 622 invocatione
1060 565 1095 622 et
1113 551 1154 623 iii
1202 550 1296 627 nihil
1317 560 1388 632 nisi
1403 562 1580 639 insaniam
1604 594 1678 644 esse
1693 578 1813 670 palam
1837 582 1989 663 dicebat.
2054 585 2204 666 Videbat

150 648 244 721 vitae
262 649 523 741 gubernatione
535 649 780 721 transferebat
1203 674 1336 754 quarm
1357 666 1471 737 mole,
1496 669 1541 741 ,gt
1556 672 1661 745 etiam
1684 680 1830 771 exiguae
1854 688 2151 778 gubernationis,
2174 707 2204 765 et

252 762 300 841 lit
313 764 481 839 materias
497 766 627 837 electas
643 764 681 835 iii
705 766 851 860 optimis
866 768 1157 863 scriptisdescri-
1203 777 1337 855 quanta
1362 765 1409 838 sit
1424 768 1612 845 infirmitas
1632 772 1808 855 humanae
1829 790 1978 873 mentis,
2013 816 2129 886 quam
2151 818 2205 866 su·

150 868 189 941 lii
208 868 278 942 tilii
295 870 464 955 curabat,
490 882 531 941 ut
547 890 607 939 ess
622 891 727 962 saepe
747 871 937 962 relegeret,
961 877 1059 967 quod
1073 875 1157 968 qni-
1203 865 1298 936 bitae
1321 872 1570 946 conversiones
1585 877 1766 972 fortunae,
1802 913 1910 981 quam
1930 892 2064 965 bifidae
2092 891 2204 967 homi.

151 974 233 1044 deni
256 973 409 1045 iaciebat
432 970 472 1040 iii
499 973 653 1064 templo,
687 973 752 1043 ubi
773 975 1009 1046 concionibus
1023 977 1156 1048 auditis
1204 991 1292 1087 num
1306 971 1526 1062 voluntates,
1551 979 1628 1050 sine
1642 995 1972 1114 quorumsocietate
1985 1018 2044 1066 res
2059 1021 2204 1089 maguae

151 1074 317 1149 ardentia
331 1074 630 1167 votaetgemitus
651 1099 717 1167 pro
738 1098 833 1161 sese,
857 1101 924 1169 pro
939 1092 1013 1149 tota
1028 1074 1156 1149 Eccle-
1204 1090 1280 1159 geri
1295 1096 1370 1142 non
1385 1092 1545 1167 possunt.
1594 1079 1780 1161 Laudabat
1795 1092 1885 1166 illud
1910 1098 2071 1170 dictum:
2098 1099 2204 1194 Spar.

152 1179 202 1247 sia
247 1201 313 1269 pro
336 1176 473 1268 patria,
506 1201 571 1268 pro
597 1174 814 1247 Germaniae
843 1181 976 1261 salute,
1009 1182 1157 1251 lectioni
1205 1189 1276 1243 tam
1302 1190 1424 1248 nactus
1446 1203 1503 1264 es,
1536 1181 1629 1302 hanc
1654 1213 1753 1265 orna.
1812 1191 1863 1269 Et
1880 1197 2039 1271 Paulum
2058 1203 2232 1322 dicebag.

151 1232 335 1351 mideebat.
387 1277 508 1350 fratri
522 1281 631 1350 etiam
650 1295 686 1351 et
699 1281 917 1350 consiliariis
931 1284 1054 1353 eadem
1068 1286 1157 1354 scri-
1204 1298 1280 1344 non
1295 1277 1410 1349 solum
1425 1276 1613 1372 Evangelii
1629 1312 1818 1379 preconem
1840 1302 2076 1374 excellentem
2093 1307 2204 1393 fuisse,

149 1397 211 1475 pta
227 1384 515 1455 commendabat.
1204 1379 1265 1446 aed
1291 1380 1398 1450 ctiam
1426 1385 1622 1475 sapientem
1650 1396 1862 1469 monitorem
1891 1404 2105 1494 politicum,
2144 1412 2202 1504 qui

255 1502 299 1574 ln
327 1503 588 1573 iurisdictione
608 1528 695 1573 vero
710 1506 777 1574 etsi
799 1504 969 1574 iniustam
985 1506 1157 1598 asperita-

150 1622 223 1680 tem
247 1608 391 1687 oderat,
423 1621 544 1676 tamen
566 1630 793 1700 nequaquam
812 1608 933 1678 lentus
947 1623 1034 1682 eras.
1084 1609 1156 1679 La-

151 1711 306 1782 trocinia
329 1711 419 1780 adeo
434 1731 556 1778 severe
568 1709 731 1802 punivit,
753 1725 796 1779 ut
812 1712 1005 1800 sumpserit
1016 1712 1156 1802 suppli·

1203 1481 1376 1575 praecipit
1398 1487 1556 1559 studium
1577 1492 1727 1586 quietis,
1759 1512 1794 1570 et
1817 1515 1857 1572 ut
1881 1509 2034 1599 propria
2058 1511 2201 1606 quisque

1205 1583 1322 1654 iaciat.

1304 1681 1384 1757 Etsi
1398 1705 1516 1761 autem
1528 1708 1607 1785 post
1622 1695 1745 1772 Caroli
1760 1705 1971 1781 electionem
1988 1713 2083 1787 vixit
2094 1740 2195 1789 annos

151 1817 206 1884 cia
222 1816 329 1887 eiiam
343 1815 389 1883 oe
404 1812 641 1906 quibusdam,
666 1813 730 1907 qui
751 1814 789 1881 in
809 1814 958 1882 umus
974 1815 1158 1884 nonninus
1177 1844 1183 1889 i
1203 1787 1276 1855 fere
1290 1810 1368 1873 ⁵2¹2
1392 1803 1512 1863 ¹³¹⁰OE
1533 1799 1741 1888 periculosis
1763 1811 1896 1881 mvbis
1913 1813 2106 1906 aliquoties
2121 1844 2198 1890 ton-

151 1932 187 1989 et
208 1917 340 2010 amplis
359 1916 436 1986 nati
459 1917 613 1985 fuerant.
669 1915 753 1984 Non
779 1928 914 1997 metus,
940 1940 1015 1984 uon
1031 1918 1157 2006 gratia,

150 2045 226 2090 nou
239 2019 419 2113 cupiditas
434 2018 507 2088 ulla
521 2041 603 2086 eum
617 2017 775 2103 inflexit,
797 2031 969 2089 utcontra
985 2019 1157 2091 iustitiam
1178 2068 1184 2097 .

150 2125 293 2194 faceret.

253 2240 528 2314 Contrua-ersus
556 2262 648 2335 quae
676 2239 716 2310 in
746 2240 866 2310 aulam
892 2241 1157 2328 adferebantur,

149 2370 280 2439 magna
297 2344 487 2415 sedulitate
500 2343 751 2435 cognoscebat,
776 2356 812 2413 et
829 2367 868 2412 re
881 2344 1061 2463 disputata
1075 2369 1156 2414 cum

150 2449 302 2523 cruditis
316 2446 497 2541 sapienter
511 2445 723 2525 dirimebat,
754 2459 790 2516 et
805 2447 843 2514 in
859 2461 1157 2564 compositionum

148 2552 317 2625 formulis
340 2574 472 2645 inagna
496 2572 580 2618 cura
606 2546 740 2617 vitabat
754 2550 1031 2667 ambiguarum
1045 2564 1081 2620 ct
1097 2574 1159 2669 cp-

150 2653 326 2739 tliiiriios,
361 2652 486 2722 diceus
509 2652 593 2721 inde
614 2650 832 2721 inllammari
854 2665 888 2721 et
909 2652 991 2724 lites
1012 2665 1047 2722 et
1063 2653 1159 2738 odia,

150 2784 225 2833 nou
245 2755 417 2849 extingui.
1077 2874 1086 2890 .

252 2874 419 2969 Cumque
449 2885 576 2943 nutura
611 2872 759 2940 modum
785 2873 823 2940 iii
850 2871 957 2939 rebus
978 2874 1156 2992 ‘omuibus

149 2994 304 3059 amaret,
340 2974 565 3067 profusiones
588 2972 733 3056 oderat,
760 2986 794 3043 et
809 2974 1047 3066 frequentiam
1064 2976 1156 3045 auli-

147 3108 226 3157 cuui
251 3080 449 3177 prudenter
462 3074 726 3149 iiiodeiabatur.
779 3072 918 3145 interea
940 3088 1058 3146 tamen
1073 3101 1154 3167 erga

146 3181 314 3265 homiues
326 3180 505 3253 iiiiiiliistos
519 3191 553 3249 et
564 3191 704 3267 egentes
715 3176 984 3248 beneficentiam
999 3202 1063 3250 nec
1076 3204 1155 3299 sor-

149 3290 235 3361 illito
252 3310 316 3359 uec
335 3280 523 3357 ambitiose
540 3279 740 3363 exercebat,
765 3281 825 3350 sed
845 3281 1040 3370 prudenter
1055 3286 1155 3351 vide-

149 3394 231 3477 lmt,
255 3388 315 3461 ulii
335 3383 514 3479 egentium
531 3380 680 3453 utilitati
697 3378 777 3451 v'ere
794 3381 1060 3501 consuleretur..
1083 3380 1154 3452 De·

148 3492 314 3587 simonio
337 3484 506 3561 outuilius
525 3482 680 3573 negociis
696 3484 889 3602 bonitatem
912 3499 1083 3575 sapientia
1099 3508 1155 3553 re-

146 3600 270 3689 gebat.
306 3616 351 3665 ur
379 3602 441 3661 uut
469 3586 674 3679 iupiicitute,
714 3598 775 3656 aut
807 3584 950 3655 leuitate
968 3600 1152 3705 'peccaret

147 3692 308 3791 ltmiqm
323 3706 396 3765 totu
407 3688 483 3761 iiiiii
499 3685 710 3779 gubernatio
726 3685 926 3773 exemplum
941 3687 1025 3757 dicti
1036 3682 1153 3808 huius,

147 3802 245 3897 quiid
278 3794 381 3867 vuldo
411 3790 533 3865 liuidat
568 3785 776 3881 antiquitas:
814 3781 867 3868 iiie
902 3781 973 3881 ridi)
1010 3810 1151 3908 oquuai

144 3890 353 3999 mquidem·
383 3884 612 3989 κεκραμένη,
646 3887 762 4007 qualis
786 3883 909 4007 Arati,
941 3886 1094 3979 Augusti
1117 3904 1151 3962 et

147 4024 343 4101 pmiizurum
358 3990 532 4067 similium
549 3993 761 4081 gubernatio
779 3988 859 4065 luit.

252 4116 345 4196 lriiiu
369 4136 507 4189 summu
531 4132 615 4185 rum
639 4107 819 4187 sinubat,
846 4131 886 4179 ae
901 4109 1151 4231 siquandotiii-

144 4222 399 4313 altissiodorum
424 4214 584 4287 lliuimiu
609 4209 738 4293 iruiit,
767 4231 941 4331 secessum
965 4229 1151 4330 quaesivit,

147 4352 204 4405 iim
235 4318 394 4399 itii-miti
415 4315 611 4411 qulilquiiiii
636 4314 751 4385 diuise
775 4311 835 4382 illa
859 4315 1150 4435 incenilradella-

144 4436 322 4523 grassem,
347 4444 386 4497 sii
402 4436 505 4511 strepis
521 4412 691 4490 salubri
706 4412 858 4489 dicium:
887 4414 945 4489 lra
961 4441 1031 4487 viri
1046 4432 1148 4490 iusti-

144 4550 232 4613 ttiim
251 4524 318 4607 llil
335 4546 408 4601 imis
425 4530 607 4615 iqirriitur.

250 4648 433 4725 ditinum
455 4636 632 4711 vliiilietse
653 4634 885 4729 cupiditatem
908 4635 1065 4758 primum
1080 4634 1148 4755 Dei

144 4746 361 4837 quassantia,
393 4740 526 4816 minti
548 4762 669 4813 ssiiore
686 4738 849 4859 publicae
867 4741 1149 4833 tranquillitatis,

145 4872 325 4961 piisimum
347 4860 379 4921 iit
397 4856 546 4917 iiiiturtiii
564 4840 725 4915 liiiultute
743 4856 903 4961 munitus
916 4854 1009 4928 crat,
1034 4865 1074 4913 ac
1092 4867 1147 4913 re-

143 4968 270 5037 sitiat
299 4950 480 5025 liitaiiliim
514 4957 631 5018 veteri
655 4954 693 5017 et
717 4956 871 5017 recentia
894 4942 988 5065 bella
1008 4961 1148 5064 ortasii

157 5058 294 5139 ,sumtis
315 5052 461 5125 uitiiset
487 5068 589 5119 eiecti
614 5042 793 5119 vitulietiie
824 5048 1037 5167 eupiditate,
1072 5071 1147 5166 sirie

158 5180 246 5239 uitii
263 5156 396 5239 inuiis,
430 5166 462 5223 iit
496 5172 599 5243 stirps
630 5147 784 5243 privatus
807 5148 957 5221 iniurias
984 5151 1147 5241 publicae

141 5284 222 5453 psit
238 5260 496 5335 iiiiiiliiuiiiiilm
515 5276 589 5323 iiiii·
603 5250 823 5323 adfirmabat.
873 5250 1060 5328 Laudabat
1078 5251 1147 5327 fa.

158 5388 265 5455 ssimi,
290 5382 323 5431 ii
343 5380 484 5433 isinum
502 5354 687 5429 reiltiiliiiti

295 5472 365 5539 lum
382 5472 513 5557 sinuabat
531 5468 613 5529 iiiilsi
630 5480 767 5529 ruinosos
784 5474 854 5525 sutis
869 5464 1009 5533 situum.

1204 1890 1357 1962 llictatus
1377 1906 1440 1965 est.
1498 1896 1627 1970 Statim
1649 1929 1670 1975 a
1694 1904 2003 1989 Francolordiano
2030 1938 2199 1995 conventu

1205 2005 1279 2061 tota
1303 1987 1429 2088 hyeme
1452 2011 1525 2067 tam
1548 2026 1651 2075 saevo
1668 2012 1793 2083 morbo
1809 2014 2006 2104 laboravit,
2032 2026 2198 2096 uteristi·

1205 2109 1363 2166 maretur
1378 2123 1553 2172 venenum
1569 2100 1746 2196 hausisse,
1771 2118 1832 2186 sed
1854 2143 2096 2219 quaecuuque
2110 2153 2197 2197 mor·

1206 2197 1244 2267 bi
1259 2221 1362 2269 eausa
1381 2202 1468 2284 fuit,
1495 2226 1688 2282 venenatus
1704 2208 1833 2287 humor
1853 2222 2029 2312 depulsus
2051 2229 2091 2298 iii
2103 2235 2195 2321 pedes

1206 2300 1255 2369 ita
1270 2323 1351 2372 eum
1367 2304 1522 2391 adlliiit,
1544 2323 1584 2381 ut
1599 2313 1718 2403 planta
1733 2332 1848 2391 cutem
1861 2324 2054 2416 abiecerit,
2077 2346 2113 2402 et
2125 2359 2193 2403 cru·

1206 2404 1272 2472 dae
1293 2406 1391 2474 carni
1415 2408 1542 2480 similis
1566 2414 1657 2486 iacta
1680 2418 1737 2491 sit.
1795 2420 1987 2499 Cruciatus
2010 2433 2192 2506 suissenon

1207 2505 1301 2574 leves
1322 2505 1405 2577 inde
1425 2510 1577 2583 iudicari
1599 2532 1736 2608 potest,
1767 2526 1863 2617 quod
1880 2528 2031 2605 dicebat
2052 2537 2140 2628 ipse,
2162 2563 2191 2610 se

1206 2606 1300 2677 nulli
1315 2609 1543 2684 inimicorum
1566 2639 1712 2691 suorum
1728 2622 1777 2695 ita
1793 2626 1921 2719 irasci,
1947 2647 1994 2706 ut
2011 2652 2108 2730 optet
2123 2666 2188 2712 euni

1207 2709 1341 2780 similes
1362 2713 1537 2787 cruciatus
1558 2722 1746 2797 sustinere.
1801 2727 2004 2826 Posiquam
2028 2756 2185 2838 utcunque

1207 2812 1408 2898 convaluit,
1437 2817 1556 2887 statim
1583 2845 1677 2895 nova
1708 2826 1836 2901 itinera
1863 2848 1900 2906 ct
1928 2839 2181 2917 deliberationes

1206 2913 1250 2981 de
1272 2914 1423 3006 imperio
1447 2934 1584 2991 secutae
1606 2939 1707 3014 sunt,
1739 2931 1788 3008 ita
1811 2934 1995 3025 paulatim
2011 2944 2190 3032 laboribus,¹

1206 3013 1300 3084 curis
1321 3029 1355 3087 et
1378 3020 1514 3092 morbis
1536 3022 1758 3116 languelacto
1784 3059 1951 3129 corpore,
1991 3049 2126 3121 taudem
2140 3050 2179 3118 li·

1206 3110 1311 3186 thiasi
1333 3119 1507 3214 extinctus
1529 3140 1591 3198 cst.
1643 3127 1805 3228 Cumque
1827 3163 2063 3251 mensusque
2083 3155 2183 3223 adei·

1205 3231 1356 3289 tremum
1377 3216 1527 3295 halitum
1549 3227 1683 3319 integra
1703 3253 1813 3325 esset,
1843 3255 1878 3313 et
1900 3245 1983 3320 lide'
1998 3276 2040 3323 ac
2064 3254 2186 3327 insoci-

1207 3321 1302 3390 tione
1327 3322 1393 3391 lilii
1415 3322 1482 3395 Dei
1505 3325 1653 3402 Domini
1676 3340 1789 3410 nostri
1814 3339 1896 3416 lesu
1914 3345 2057 3425 Christi
2082 3374 2186 3444 erecta,

1206 3422 1342 3513 placide
1365 3427 1539 3501 eruciatus
1562 3433 1714 3522 ferebat,
1747 3455 1782 3513 et
1804 3462 1990 3525 aeternam
2007 3451 2187 3532 Ecclesiam

1204 3525 1365 3611 intuens,
1400 3551 1473 3598 non
1502 3537 1674 3625 gravatim
1702 3565 1745 3613 ex
1770 3539 1877 3619 huius
1902 3555 2000 3629 vitae
2022 3565 2189 3634 aerumnis

1202 3626 1414 3701 discedebat.
1482 3631 1635 3710 Iusserat
1666 3639 1891 3733 Spoletinum
1934 3664 2190 3748 grandiusculis

1202 3728 1314 3796 literis
1336 3731 1491 3803 seribere
1519 3731 1583 3809 bas
1608 3747 1816 3821 sententias:
1850 3751 1912 3828 Sic
1943 3757 2048 3835 Deus
2079 3770 2191 3839 dilexit

1202 3831 1398 3919 muudum,
1437 3849 1478 3904 ut
1502 3838 1619 3911 filium
1640 3847 1866 3937 unigenitum
1900 3861 2064 3954 dederit3
2100 3872 2190 3943 item:

1201 3927 1298 4000 llaec
1321 3948 1372 4004 est
1392 3936 1555 4012 voluutas
1575 3940 1703 4033 patris,
1737 3966 1777 4024 ut
1796 3960 1915 4031 omnis
1930 3967 2004 4059 qui
2028 3974 2139 4045 eredit
2158 3975 2192 4043 iii

1202 4031 1334 4114 lilium,
1375 4031 1502 4112 babeat
1536 4045 1644 4116 vitam
1677 4066 1856 4132 aeternam
1880 4078 1947 4140 etc.
2015 4068 2076 4145 Ad
2115 4071 2192 4148 baec

1201 4134 1295 4204 dicta
1314 4133 1521 4229 Spoletinus
1546 4160 1582 4218 et
1604 4150 1675 4223 alia
1697 4161 1870 4246 quaedam
1888 4169 2045 4249 addidit.
2096 4176 2193 4252 Hane

1201 4237 1365 4327 paginam
1391 4243 1542 4317 tabellae
1569 4249 1618 4321 ita
1650 4255 1791 4346 adfixit,
1824 4280 1865 4336 ut
1888 4291 2033 4364 semper
2056 4304 2133 4353 eam
2158 4285 2191 4353 iu

1199 4355 1391 4431 conspeetu
1413 4339 1577 4435 baberet,
1609 4368 1644 4424 et
1663 4360 1805 4432 veniam
1820 4387 1967 4442 suorum
1982 4379 2192 4458 delictorum

1199 4464 1220 4511 a
1243 4437 1320 4511 Deo
1355 4464 1500 4537 propter
1527 4452 1641 4525 filiuni
1662 4461 1811 4537 adsidue
1833 4471 1977 4561 petivit,
2012 4497 2050 4555 et
2067 4487 2189 4559 fiducia

1198 4541 1264 4612 filii
1286 4541 1353 4613 Dei
1375 4549 1463 4639 erigi
1482 4576 1520 4623 se
1541 4558 1660 4635 sensit.
1718 4561 1880 4664 Cumque
1903 4591 1937 4648 et
1958 4579 2058 4657 iuxta
2074 4614 2188 4661 vocem

1198 4637 1386 4736 Evangelii
1406 4653 1667 4731 absolutionem
1686 4669 1895 4760 audivisset,
1928 4693 1963 4751 ct
1989 4710 2102 4762 coena
2121 4691 2189 4764 Du-

1199 4746 1329 4817 niinica
1359 4754 1586 4830 confirmatus
1609 4780 1718 4852 esset,
1754 4777 2016 4858 consessionem
2053 4794 2187 4885 plenam

1197 4849 1338 4939 pietatis
1346 4850 1469 4930 edidit.
1507 4857 1635 4950 Credo,
1654 4866 1783 4965 inquit,
1804 4891 1877 4949 toto
1894 4900 2049 4978 pectore,
2076 4899 2207 4988 colligi.

1197 4963 1377 5024 aeternam
1390 4952 1585 5032 Ecclesiam
1603 4990 1624 5036 a
1638 4964 1715 5041 Deo
1731 4975 1770 5044 in
1785 4999 1912 5066 genere
1929 4982 2092 5070 humano
2110 5026 2186 5095 pro·

1198 5065 1275 5143 pter
1303 5054 1438 5146 filium,
1470 5075 1504 5134 et
1530 5088 1612 5137 vere
1640 5093 1715 5144 esse
1737 5084 1896 5155 membra
1923 5083 2107 5174 Ecclesiae
2127 5101 2186 5177 Dei

1197 5178 1321 5226 omues
1362 5162 1424 5252 qui
1457 5166 1719 5258 amplectuntur
1754 5205 1875 5254 vocem
1908 5184 2122 5292 Evangelii,
2158 5225 2185 5280 et

1195 5257 1309 5329 filium
1335 5258 1406 5331 Dei
1429 5261 1625 5341 Dominum
1657 5292 1822 5355 nostrum
1857 5285 1974 5365 lesum
2009 5299 2183 5383 Christum

1196 5377 1392 5449 agnoscunt
1405 5364 1501 5438 iuxta
1516 5373 1715 5454 doctrinam
1723 5380 1764 5452 in
1772 5380 2037 5480 Prophetarum
2053 5410 2182 5505 etApo·

1195 5461 1370 5536 stolorum
1391 5469 1549 5562 scriptis,
1574 5489 1609 5547 et
1627 5477 1668 5547 in
1690 5486 1864 5577 symbolis
1889 5503 2182 5602 comprehensam,
