4620 6008
152 289 232 367 ass
828 270 990 355 ones.
1034 272 1108 352 oa
1141 270 1518 359 pontenano,
2112 290 2173 367 500

150 462 247 531 sicis.
288 450 384 529 'ideo
409 456 504 526 enim
524 451 698 530 Nisenus,
724 451 768 519 de
787 445 950 549 homims
973 446 1146 541 partibus,
1195 449 1331 539 Quales
1351 453 1491 525 furores
1512 453 1939 549 sintrlnabaptistarnm,
1966 462 2080 550 scitis,
2102 491 2172 558 qaus

155 567 300 652 longum
322 557 614 631 commentarium
640 554 763 623 edidit.
826 550 876 623 Et
905 576 1010 645 quam
1033 553 1146 624 multa
1197 555 1342 647 quidem
1358 552 1586 627 manifestum
1608 574 1660 630 est
1677 575 1816 632 tantum
1840 560 2170 639 ah-illiteratisortus

153 665 289 736 suntin
311 662 391 732 aliis
411 656 680 754 physiologica,
704 677 785 724 cum
808 656 988 725 disserunt
1003 656 1047 722 de
1064 677 1147 746 par·
1198 670 1230 727 et
1247 671 1458 747 propagatos
1473 682 1558 728 esse.
1607 658 1646 731 Si
1662 661 1772 751 igitur
1788 665 1910 737 lumen
1924 668 2133 739 eruditionis
2145 672 2169 742 iu

152 769 250 840 tibus
275 778 309 835 et
337 762 461 832 officiis
481 759 629 829 animae.
697 756 847 845 Quoties
872 757 909 824 in
932 757 1147 844 gravissimis
1196 755 1353 828 Ecclesia
1368 760 1561 831 extinctum
1578 762 1706 854 fuerit,
1739 767 1867 838 deliria
1884 770 2110 841 exorirentur
2126 799 2168 841 va

151 866 400 941 controversiis
430 859 656 949 theologicis,
695 859 885 929 dicendum
910 870 961 928 est
991 859 1035 927 de
1064 882 1147 928 cau-
1197 861 1271 944 ria,
1294 873 1336 930 ut
1359 875 1459 943 antea
1484 864 1624 934 accidit.
1676 866 1726 936 Αι
1747 862 2194 963 pr'in'cipestorrere-studit¹

152 973 220 1059 sis,
254 988 406 1064 quarum
432 964 581 1033 varietas
601 972 740 1032 tantum
766 960 803 1028 in
826 955 987 1053 Physicis
1009 961 1148 1031 erudite
1199 960 1380 1032 literarum
1402 965 1577 1056 oportuit:
1610 967 1670 1036 sed
1697 992 1779 1037 cum
1799 992 1931 1064 paucos
1952 996 1994 1043 ea
2015 970 2098 1045 cura¹
2112 988 2194 1047 nn·

152 1073 317 1144 traditur.
1196 1077 1273 1153 gat,
1299 1087 1366 1134 nos
1378 1088 1420 1134 eo
1431 1063 1675 1139 vehementius
1688 1073 1911 1160 annitamur,
1930 1090 1972 1146 ut
1988 1070 2164 1149 bocEccle·

250 1171 437 1260 Quantum
469 1168 576 1239 refert
610 1177 729 1236 tenere
763 1163 955 1234 discrimen
993 1162 1145 1254 partium
1197 1167 1268 1234 siae
1287 1168 1412 1252 decus,
1436 1184 1608 1262 quantum
1632 1172 1847 1262 possumus,
1869 1190 2047 1247 tueamur.
2096 1170 2165 1251 llaec

152 1275 310 1359 animae,
331 1294 416 1342 cum
439 1283 540 1340 tanta
562 1268 607 1337 sit
628 1270 722 1336 iuter
745 1288 803 1335 eas
827 1265 1021 1349 discordia,
1046 1287 1146 1333 mens
1197 1268 1340 1358 propria
1362 1282 1414 1339 est
1434 1272 1573 1341 ordinis
1598 1268 1710 1342 nostri
1734 1276 1879 1362 militie,
1910 1302 2023 1371 wem
2050 1280 2164 1373 quiden
2192 1272 2194 1279 ’

152 1378 280 1448 retinet
304 1376 415 1464 legem
439 1369 507 1440 Dei
531 1371 755 1461 impressam,
788 1380 960 1437 monstrat
976 1365 1145 1435 beneficia
1197 1383 1231 1440 et
1251 1370 1435 1441 adiuvabit
1463 1370 1577 1457 Deus,
1608 1388 1643 1444 et
1670 1376 1814 1450 ornabit
1835 1379 2025 1470 praemiis,
2058 1383 2164 1454 etiarn

151 1479 239 1563 Dei,
265 1479 369 1547 docet
390 1476 595 1564 impendere
618 1494 749 1562 poenas
771 1469 1021 1541 contumaciae.
1074 1467 1144 1540 Sed
1196 1471 1452 1560 negligimura
1477 1471 1685 1568 Centauris,
1718 1490 1752 1547 et
1771 1502 1893 1572 aspera
1914 1483 2164 1559 multaleredt

149 1585 259 1652 altera
275 1600 358 1671 pars
373 1577 529 1656 animae,
550 1598 640 1667 quae
655 1585 802 1641 vocatur
818 1570 1020 1663 Appetens,
1045 1569 1145 1640 cuius
1197 1588 1313 1648 erunt.
1365 1572 1434 1645 Sed
1457 1576 1553 1647 scitis
1576 1572 1643 1648 hoc
1666 1579 1808 1652 virtutis
1824 1606 1960 1653 munus
1982 1606 2081 1671 esse,
2101 1600 2165 1659 ress

149 1685 251 1752 sedes
263 1694 316 1750 est
330 1680 368 1747 in
380 1678 503 1762 corde,
525 1700 590 1745 nec
606 1674 783 1744 beneficiis
798 1686 979 1756 movetur,
1002 1685 1042 1742 ut
1058 1696 1145 1741 con·
1169 1674 1172 1705 ⁵
1194 1677 1329 1759 lacere,
1354 1680 1519 1766 prodesse
1531 1680 1695 1763 caeteris,
1722 1682 1858 1752 etiamsi
1869 1686 2005 1775 vulgus
2019 1688 2069 1759 sit
2080 1688 2166 1780 ingn-

151 1798 285 1857 stanter
310 1793 402 1851 amet
426 1775 560 1862 Deum,
592 1800 659 1846 nec
685 1772 920 1866 perhorrescit
941 1797 1144 1842 commone-
1196 1791 1284 1850 tum.
1337 1775 1395 1846 Sic
1410 1780 1635 1850 continuatos
1651 1804 1724 1852 esse
1746 1799 1885 1876 oportet
1904 1780 2164 1863 marimeuusl

150 1891 241 1957 lacta
257 1881 446 1954 horrendis
461 1881 629 1969 exemplis
645 1877 806 1947 omnium
820 1890 992 1959 aetatum,
1018 1889 1057 1944 ut
1071 1899 1144 1943 me-
1196 1875 1372 1962 Ecclesia,
1404 1881 1467 1950 ubi
1499 1882 1634 1951 nemora
1660 1900 1694 1955 ec
1720 1887 1879 1957 saevior,
1902 1903 1995 1962 ,unp
2018 1893 2103 1963 odi,
2125 1894 2164 1965 ff,

30 1966 35 1985 .
151 2003 229 2062 tuat
251 1985 368 2056 Deum
392 1984 521 2052 iratum
542 2005 582 2049 ac
603 1981 791 2052 vindicem.
850 1976 999 2066 Quoties
1023 1977 1144 2046 dicen·
1197 2003 1316 2050 sternas
1338 1984 1429 2050 hene
1444 1998 1627 2056 merentes.
1678 1986 1779 2075 Quae
1794 1991 1905 2079 gratia
1922 1987 2078 2079 Esaiae,
2099 1992 2159 2065 ine-¹

150 2094 236 2162 dum
253 2103 304 2159 est
321 2090 364 2156 de
385 2085 573 2156 affectuum
589 2082 748 2152 fontibus
769 2094 804 2151 et
823 2079 982 2149 sedibus:
1009 2093 1044 2148 et
1062 2101 1144 2148 eru·
1195 2083 1287 2152 miae
1310 2085 1420 2153 relata
1443 2099 1495 2156 cst
1516 2110 1583 2177 pro
1605 2091 1754 2158 summis
1776 2104 1811 2160 ct
1833 2092 1977 2162 divinis
1997 2094 2161 2167 monast

149 2194 223 2265 dite
246 2188 398 2260 discerni
422 2197 560 2278 oportet
587 2179 746 2282 oropyolc
767 2207 787 2253 a
811 2181 949 2252 vitiosis
975 2180 1143 2251 motibus.
1194 2184 1334 2254 Horum
1353 2208 1420 2254 nus
1436 2189 1604 2280 exemplis
1630 2191 1819 2263 excitemus
1844 2196 1890 2263 ad
1915 2194 2161 2271 salutatoris

150 2295 248 2366 Haec
270 2312 454 2384 nunquam
476 2291 597 2359 dextre
620 2285 809 2378 explicabit
831 2283 881 2365 is,
907 2282 1060 2377 quinon
1077 2286 1143 2352 ad·
1194 2287 1346 2357 etriuam
1373 2286 1651 2360 conservandam
1684 2295 1899 2384 posteritati,
1929 2320 1976 2366 ac
2005 2312 2160 2371 stam

148 2398 324 2469 suelactus
358 2391 482 2462 estad
514 2384 701 2483 Physicam
731 2387 949 2470 doctrinam,
984 2408 1075 2479 quae
1104 2384 1142 2453 in
1194 2385 1310 2458 Deum
1333 2412 1397 2459 suo
1422 2391 1555 2480 agmini
1580 2416 1654 2461 non
1672 2396 1875 2468 defuturum
1904 2422 2010 2485 esse,
2036 2424 2154 2495 nepa

150 2495 281 2572 scholis
294 2495 459 2567 traditur.
509 2489 682 2562 Videmus
696 2489 876 2559 interdum
889 2488 994 2557 etiam
1009 2501 1143 2558 veteres
1194 2492 1402 2579 missurum,
1434 2508 1474 2564 ut
1495 2495 1659 2563 funditus
1679 2499 1840 2569 deleatur
1870 2501 2043 2574 coelestis
2063 2502 2153 2575 doctu·

150 2601 338 2693 scriptores
365 2620 439 2667 non
464 2592 622 2686 plebeios
651 2587 796 2663 haerere
818 2591 856 2659 in
888 2585 945 2659 his
974 2591 1142 2671 materiis,
1194 2616 1251 2660 na.
1303 2591 1379 2663 Hac
1391 2619 1454 2686 spe
1470 2619 1536 2665 nos
1549 2597 1587 2665 iu
1613 2591 1667 2666 his
1688 2600 1890 2682 aerumnis,
1925 2620 2150 2698 quaenostrss

149 2719 319 2797 tanquam
358 2700 397 2768 in
431 2699 527 2781 luto,
574 2710 719 2789 propter
752 2692 927 2763 inscitiam
964 2686 1141 2785 Physices.
1194 2695 1358 2766 militiam
1393 2698 1626 2785 comitantur,
1667 2715 1905 2774 sustentemus
1939 2720 2050 2801 atque
2075 2709 2145 2797 erip·

150 2805 300 2895 Quoties
316 2803 354 2870 in
372 2798 528 2872 Ecclesia
550 2795 791 2868 controversia
815 2806 911 2863 mota
931 2806 983 2862 est
999 2794 1141 2868 delato.
1194 2818 1285 2869 ntus.
1333 2796 1428 2873 Diri.

148 2906 218 2977 Hic
232 2905 322 2999 quid
338 2904 431 2973 dicet
443 2901 629 2992 imperitus
644 2894 829 2994 Physices,
849 2896 1029 2991 morundo
1044 2896 1141 2966 labe-

147 3007 294 3079 lsctabit
324 3003 526 3076 Stoicorum
554 3016 615 3073 aut
646 2999 963 3093 Peripateticorum
998 3013 1141 3070 senten·
1199 3029 2126 3069 ----”-··“-·----------··--...---.........Ι

146 3112 233 3190 tias,
266 3124 353 3202 qrsas
374 3104 540 3195 ignorat?
582 3103 654 3174 Nec
679 3116 819 3174 tautum
840 3102 879 3171 in
901 3096 958 3172 his
974 3103 1140 3188 materiis,
1852 3158 1856 3163 .
2188 3104 2194 3117 ’

146 3217 191 3283 de
210 3192 429 3305 quihusdisi
447 3202 798 3301 ususestPhysices,
824 3206 952 3296 passim
973 3203 1140 3297 inexpli·
1197 3186 1370 3312 &Q
2009 3206 2119 3273 utttt-
2173 3270 2194 3301 ,1

144 3315 284 3387 catione
306 3308 467 3380 coelestis
486 3307 669 3379 doctrinae
693 3307 890 3378 incurritur
911 3306 950 3375 iu
975 3300 1139 3402 physicos
2006 3294 2116 3329 ω
2189 3304 2194 3318 “

144 3420 260 3506 locos,
293 3413 355 3483 ubi
377 3434 545 3502 magnum
578 3410 835 3480 adminiculum
866 3421 919 3479 est
952 3407 1137 3501 interpreti
1492 3390 1569 3477 De
1608 3393 1882 3514 Polycarpo.
2107 3424 2112 3441 ¹
2172 3446 2194 3499 ,-

146 3517 303 3608 cognitio
328 3509 458 3584 honam
483 3512 758 3598 elementorum,
781 3524 823 3583 nt
841 3502 1050 3595 architecto,
1078 3528 1138 3585 sut
1261 3544 1291 3600 1„
1303 3544 1456 3602 nectam-r.
1469 3546 1503 3601 τ.
1518 3548 1552 3605 tr.
1568 3569 1596 3622 p.
1609 3550 1687 3620 sss..
1710 3553 1738 3609 tn
1756 3556 1875 3617 Servos.
1890 3559 1926 3618 n.
1944 3536 2067 3636 psse'a
2108 3601 2112 3628 ,
2151 3567 2160 3580 ‘¹
2182 3549 2194 3557 ”

146 3616 334 3709 sculptori,
366 3615 555 3683 mediocris
583 3614 754 3704 pingendi
785 3613 943 3684 facultas.
1009 3612 1137 3704 lugens
1292 3613 1422 3672 Rietsra.
1440 3615 1502 3671 vot.
1516 3617 1564 3676 ΙΙΙ.
1579 3620 1683 3692 ptos.
2081 3646 2085 3655 ·

144 3736 196 3792 est
219 3729 468 3789 ornamentum
492 3711 686 3795 Ecclesiae,
721 3714 895 3798 eruditio,
928 3736 1018 3806 quae
1039 3740 1138 3785 com-

141 3821 310 3943 plectitur
330 3830 560 3888 nontantum
584 3816 776 3935 verborum
792 3815 1049 3906 cognitionem,
1076 3821 1135 3887 sed
1187 3868 1320 3943 habim
1352 3896 1375 3944 α
1409 3877 1447 3946 D
1488 3880 1575 3951 cm
1868 3892 1877 3907 .
2044 3908 2049 3925 Ι
2164 3874 2174 3919 ‚¹

143 3942 250 3997 enam
266 3922 445 4016 quandam
466 3940 587 3989 rernm
604 3931 822 3989 varretatem.
876 3914 964 3987 Nam
982 3920 1134 3988 nector·
1449 3928 1459 3951 ·
1580 3902 1700 3973 ΝΜ
1737 3888 2005 3983 cfussldel'tl·
2045 3950 2048 3955 -

142 4023 420 4096 mariindicium
443 4034 575 4115 potest,
600 4019 678 4090 sine
697 4020 848 4113 quadam
870 4040 989 4087 rerum
1005 4023 1136 4089 multa·
1458 3983 1722 4074 Mstffllu
1754 3989 1820 4060 W·
1837 3993 1910 4064 llll·

144 4152 225 4200 rum
249 4124 532 4217 consideratione
558 4136 593 4193 et
609 4123 816 4205 collatione,
842 4142 907 4188 nec
921 4121 1036 4191 oratio
1053 4146 1136 4192 ner·
1186 4111 1310 4195 Vetus
1331 4141 1382 4197 est
1404 4124 1581 4201 Ecclesiae
1604 4128 1739 4204 Christi
1762 4142 1982 4211 consuetudo
2005 4152 2033 4210 et
2058 4177 2061 4195 ·
2091 4137 2104 4194 l

144 4251 207 4301 vos
228 4223 336 4301 hahet
357 4237 420 4294 aut
443 4226 535 4307 viru,
568 4224 700 4293 nisiex
733 4222 838 4293 bonis
860 4223 966 4292 rebus
987 4225 1134 4300 oriatur.
1187 4226 1320 4296 riarum
1349 4243 1382 4299 et
1406 4254 1582 4303 canonum
1611 4218 1852 4309 monumentis
1881 4242 2078 4325 contrusa,
2141 4267 2177 4287 ⁷

140 4328 206 4404 Est
220 4328 317 4399 enim
335 4340 442 4397 notus
457 4325 626 4396 verricus:
1186 4330 1263 4397 sine
1277 4332 1420 4421 puhlieo
1436 4335 1638 4405 testimonio
1654 4338 1794 4428 piomm
1817 4355 1850 4410 et
1866 4346 2073 4433 probatorum
2128 4381 2136 4388 -

193 4434 465 4514 sentenciam,
492 4455 612 4517 aspere,
638 4446 682 4497 est
698 4436 925 4517 etpdnoiptum
945 4435 1070 4502 etlons.
1186 4444 1324 4502 ctorum
1348 4435 1413 4502 ulli
1437 4436 1697 4507 adducendum
1720 4443 1967 4518 admittantur.
2014 4442 2070 4515 tta
2086 4474 2093 4493 t
2140 4494 2162 4505 -

137 4533 203 4611 Est
229 4535 340 4630 igitur
366 4544 401 4603 et
422 4525 572 4625 Physica
594 4529 754 4600 doctriua
785 4530 1069 4621 complectenda,
1103 4531 1132 4600 si
1186 4533 1260 4601 bito
1279 4529 1525 4605 lurncruorem
1544 4566 1562 4606 a
1579 4536 1744 4610 Patribus
1766 4540 2004 4639 etProphetis
2131 4553 2194 4629 β*

138 4640 303 4708 volumus
320 4630 514 4708 Ecclesiam
532 4657 605 4702 non
628 4656 701 4701 esse
724 4632 951 4702 ineruditam.
1009 4628 1134 4726 anue
1157 4590 1160 4705 l
1186 4658 1252 4703 mn
1270 4636 1439 4706 traditum
1458 4662 1539 4707 esse.
2126 4670 2131 4693 ι

139 4737 360 4809 inremulta
381 4735 486 4807 nohis
509 4735 840 4827 providendasunt.
894 4726 1160 4827 lndoctiqnial
1286 4736 1365 4807 lloe
1387 4741 1535 4807 consilio
1557 4766 1783 4839 nosquoqne
1807 4740 2075 4841 hancpuhlicsn
2129 4764 2160 4814 ε·

138 4840 280 4929 ingenia
300 4850 376 4909 non
403 4832 593 4906 cohercent
623 4836 726 4904 certis
750 4834 854 4906 metis
874 4834 1130 4915 doctrinarum,
1155 4806 1159 4915 l
1183 4838 1246 4908 stri
1270 4840 1392 4909 iudicii
1414 4843 1718 4915 rentrnciationem
1742 4848 1956 4937 retinemus,
1979 4868 2067 4947 quan
2087 4863 2093 4888 ⁵
2134 4863 2194 4909 ‘²

137 4940 451 5037 facilinsderrrant
466 4962 486 5005 a
499 4937 577 5021 ris,
603 4948 636 5007 et
647 4937 826 5027 difficilius
841 4937 957 5005 sanari
973 4952 1130 5028 possunt,
1155 4922 1158 5021 l
1182 4943 1350 5029 gradum,
1375 4942 1450 5012 sive
1464 4943 1567 5013 aliter
1581 4946 1762 5037 adpellare
1782 4950 1843 5019 alii
1860 4954 1998 5041 volent,
2019 4970 2077 5021 non
2094 4993 2095 4998 κ
2129 4995 2132 5003 -

137 5040 221 5138 quia
246 5044 494 5131 aeduorum,
527 5060 594 5109 nec
616 5040 806 5107 observant
831 5038 940 5129 leges,
977 5062 1066 5130 qttas
1091 5040 1127 5108 in
1154 5034 1157 5077 ¹
1182 5044 1365 5134 pugnabo,
1398 5048 1506 5115 modo
1522 5060 1658 5119 constet
1680 5049 1796 5139 ipsum
1812 5054 2020 5135 morem‚si
2084 5095 2087 5101 ·
2132 5094 2133 5097 =
2171 5083 2176 5091 ·

135 5142 297 5217 docendo
324 5142 431 5236 'sequi
463 5152 635 5235 tanqtram
673 5160 838 5208 normam
878 5162 1019 5210 necesse
1060 5156 1130 5226 est,
1153 5138 1157 5243 l
1182 5144 1376 5234 exploratio
1397 5148 1596 5231 doetrinae,
1621 5164 1655 5221 et
1672 5150 1709 5220 in
1728 5153 1922 5224 iudicando
1941 5154 2086 5247 gravius-,-
2132 5212 2146 5225 .

135 5246 267 5317 deinde
286 5238 498 5336 hypotheses
523 5264 621 5310 seras
646 5262 721 5310 uon
745 5252 879 5315 tenent.
949 5238 1048 5311 llaec
1071 5244 1129 5311 in·
1151 5246 1156 5385 y
1182 5246 1218 5312 in
1250 5246 1452 5317 testimonio
1483 5249 1586 5332 lides,
1620 5246 1800 5324 Ecclesiae
1826 5257 1953 5327 utilem
1980 5276 2047 5328 esse
2068 5252 2094 5345 ’ᾗ
2128 5254 2194 5324 ln:

135 5344 374 5420 commodari
409 5343 520 5413 vitare
543 5342 727 5425 volumus,
766 5342 923 5433 prolecto
956 5345 1066 5412 excoli
1094 5359 1126 5415 et
1152 5388 1154 5397 =
1180 5348 1275 5415 enim
1292 5346 1424 5418 Paulus
1442 5351 1558 5418 caveri
1577 5353 1694 5439 iussit,
1723 5358 2104 5449 nequihuslihetsine
2149 5350 2194 5442 Q

132 5449 281 5543 expoliri
319 5445 461 5537 ingenia
488 5467 568 5514 vera
593 5442 793 5514 eruditione
819 5444 922 5514 valde
948 5468 1038 5537 opus
1064 5462 1126 5521 est.
1149 5402 1155 5518 l
1179 5449 1272 5518 lectu
1302 5474 1428 5519 urarius
1456 5452 1703 5543 imponentur:
1737 5457 1786 5527 ita
1815 5464 2072 5552 praestandum
2100 5457 2101 5460 ’
2136 5480 2194 5526 ια

2122 5560 2194 5629 bu

1188 3771 1317 3841 Oratio
1345 3769 1393 3843 de
1426 3775 1713 3872 Polycarpo,
1752 3785 1936 3878 Episcopo
