4664 6022
77 290 155 369 826
693 283 854 362 unct.
895 284 971 361 DE
1004 284 1152 361 VITA
1183 279 1546 359 AVICRNNAE.
1854 396 1856 400 .
2060 292 2136 369 Μ

76 462 244 537 hometns
260 461 404 535 dicitur.
456 457 548 552 Quis
570 474 688 533 antem
712 484 787 532 uon
808 461 947 548 doleat,
982 473 1081 531 tanto
1132 463 1215 532 dam
1232 458 1335 531 utilia
1350 458 1480 552 scripta
1497 458 1620 532 edidit.
1674 457 1745 532 Sed
1761 461 1866 554 plura
1880 460 1949 534 alia
1972 476 2007 534 et
2030 465 2136 559 longe

75 566 222 659 ingenio
246 589 321 637 non
346 563 536 656 contigisse
549 564 658 636 vitam
676 565 895 656 longiorem,
920 586 1081 658 praeser—
1133 563 1278 636 utiliora
1295 557 1525 669 haheremus,
1549 562 1622 634 nisi
1634 562 1727 635 tristi
1742 567 1815 636 fato
1831 578 1936 638 autor
1950 580 2032 640 ante
2045 582 2136 641 tem-

74 672 143 744 tim
157 668 320 741 molienti
341 690 397 738 res
413 666 646 740 utilissimas?
697 665 887 741 Extinctus
908 680 959 738 est
974 667 1081 754 enim,
1133 689 1200 762 pus
1217 666 1393 738 extinctus
1412 677 1514 742 esset.

74 798 159 846 cum
185 773 257 843 iarn
282 771 462 862 ingressus
491 783 581 842 esset
610 771 766 864 primum
794 785 830 843 et
851 770 1082 866 quadragesi-
1234 767 1414 843 Recensui
1445 770 1602 842 breviter
1624 762 1812 841 historiam
1841 771 2038 843 doctissimi
2064 774 2133 846 viri

74 901 175 948 mum
190 898 336 950 annum.
390 872 498 946 Fama
514 886 584 960 est,
614 898 792 945 venenum
816 874 848 944 ei
864 876 989 945 datum
1007 896 1081 943 esse
1132 871 1430 966 Regiomontaui,
1464 896 1571 967 quarn
1594 875 1739 966 prodest
1759 887 1882 944 notam
1904 897 1978 946 esse
1994 871 2134 949 schola-

73 976 348 1072 aTrepezontii
375 976 476 1063 liliis,
505 977 590 1071 quia
613 991 647 1050 et
669 977 869 1049 versionem
885 975 1079 1048 Ptolemaei
1131 977 1239 1049 sticis.
1283 973 1362 1047 Etsi
1380 976 1476 1046 enim
1491 976 1704 1066 praestantia
1720 988 1868 1048 naturae
1885 979 2070 1050 transferri
2086 982 2132 1053 ad

74 1097 274 1162 taxaverat,
300 1093 335 1151 et
356 1094 471 1150 errata
495 1079 534 1148 in
556 1081 813 1152 commentario
836 1095 871 1152 et
886 1073 1080 1173 reprehen-
1131 1078 1221 1150 alios
1237 1102 1311 1150 non
1325 1091 1460 1171 potest,
1485 1093 1603 1174 tamen
1618 1079 1838 1152 voluntatem
1857 1097 1891 1151 et
1906 1082 2132 1154 sedulitatem

73 1187 195 1258 aiones
211 1177 371 1254 Theonis
385 1184 610 1255 refutaverat.
650 1181 705 1254 Ac
720 1183 858 1275 genesis
873 1206 948 1253 uon
962 1183 1080 1253 solnm
1131 1184 1252 1278 aliquo
1268 1184 1379 1252 modo
1395 1181 1528 1253 imitari
1542 1182 1604 1252 alii
1624 1195 1782 1275 possunt.
1835 1181 1997 1254 Primum
2014 1198 2134 1257 autem

73 1284 259 1360 hominem
278 1278 518 1381 βιοθάνατον
546 1287 738 1377 significat,
767 1289 829 1358 sed
850 1287 956 1357 etiam
979 1286 1080 1376 inge·
1131 1286 1170 1356 in
1186 1281 1294 1377 huius
1315 1281 1484 1356 historiae
1508 1286 1721 1376 cogitatione
1736 1283 1814 1356 Deo
1832 1287 1963 1377 gratias
1976 1310 2132 1378 agamus,

73 1415 190 1462 nuum
216 1402 251 1460 et
282 1411 488 1481 pugnacem.
540 1387 663 1480 Quare
685 1390 845 1462 fortassis
871 1389 904 1459 ei
937 1388 1079 1480 linguae
1131 1387 1355 1459 conservanti
1370 1401 1481 1474 artes,
1507 1401 1542 1459 et
1559 1389 1724 1461 excitanti
1741 1389 1862 1485 aliqua
1877 1390 1972 1460 bona
1987 1390 2132 1483 ingenia

73 1495 224 1566 libertas
247 1492 381 1566 nocuit.
431 1489 502 1562 Sed
527 1516 672 1586 quoquo
692 1495 799 1564 modo
816 1491 992 1565 extinctus
1014 1504 1078 1576 est,
1130 1493 1174 1562 ad
1198 1514 1256 1561 eas
1271 1492 1458 1563 discendas
1483 1503 1518 1560 et
1541 1492 1787 1563 illustrandas:
1814 1505 1849 1563 et
1871 1517 1953 1564 eum
1974 1516 2130 1580 oremus,

73 1620 173 1669 mors
189 1595 380 1666 immatura
402 1593 489 1680 fuit,
513 1619 554 1665 ac
576 1596 772 1667 etiamnum
791 1597 966 1687 lugenda:
992 1618 1078 1687 pro-
1129 1618 1175 1664 ne
1188 1619 1285 1666 nunc
1298 1593 1456 1684 extingui
1473 1593 1556 1664 talia
1572 1595 1690 1666 studia
1706 1596 1810 1670 sinat.
1862 1592 2003 1667 Deinde
2017 1596 2130 1689 ipsius

74 1715 196 1795 pterea
213 1698 309 1793 quod
324 1698 368 1767 iis
386 1697 573 1789 operibus,
595 1722 686 1793 quae
701 1699 772 1769 iam
790 1692 993 1783 inchoarat,
1018 1721 1079 1768 ca-
1128 1698 1236 1769 ctiam
1257 1693 1538 1788 Regiomontani
1562 1698 1772 1768 memoriam
1794 1698 1885 1790 grati
1902 1700 2131 1786 celebremus,

73 1804 230 1876 rendum
244 1815 308 1875 est.
341 1798 424 1872 Non
441 1805 739 1892 praetereundum
754 1813 951 1887 estantesn,
980 1801 1076 1895 quod
1130 1815 1164 1872 et
1180 1799 1431 1872 eiusdoctrina
1454 1799 1524 1870 frui
1541 1802 1755 1875 studeamus.
1810 1799 2132 1888 lmitemuretiam,

74 1908 123 1981 ad
145 1900 238 1976 hanc
262 1917 397 1975 tantem
426 1904 664 1977 eruditionem
688 1919 724 1977 et
751 1906 796 1974 ad
818 1905 906 1975 elias
926 1903 1078 1975 virtutes
1129 1919 1302 1998 quantum
1338 1926 1545 1995 possumus,
1584 1904 1660 1975 eius
1692 1903 1809 1974 studia
1837 1916 1870 1974 et
1897 1905 2131 1990 sedulitatem,

77 2008 240 2081 adiunxit
256 2007 422 2099 pietatem
441 2030 522 2097 erga
536 2005 667 2093 Deum,
687 2032 727 2079 ac
744 2022 784 2080 ut
798 2031 881 2079 vera
897 2006 1079 2098 agnitione
1129 2007 1284 2100 denique
1298 2000 1361 2074 has
1376 2005 1469 2099 ipsas
1484 2019 1596 2087 artes,
1623 2029 1711 2101 quas
1726 2006 1939 2092 illustravit,
1971 2030 2131 2080 amemus

77 2136 159 2184 eum
179 2124 214 2180 et
228 2110 454 2181 invocatione
469 2111 623 2203 coleret,
650 2135 785 2182 novum
804 2108 1077 2181 Testamentum
1128 2124 1161 2181 et
1179 2106 1479 2201 magnifaciamus.
1520 2105 1647 2202 Neque
1661 2124 1723 2181 aut
1740 2108 1801 2179 illa
1818 2109 1980 2181 miranda
1995 2124 2132 2203 specta·
2244 2138 2249 2147 ·

76 2216 256 2305 integrum
281 2209 418 2284 Graece
437 2237 501 2284 sua
526 2236 635 2286 manu
660 2213 920 2306 elegantissime
944 2211 1078 2282 descri-
1128 2213 1207 2283 cula
1231 2224 1395 2282 motuum
1417 2210 1623 2281 coelestium
1648 2212 1780 2281 frustra
1804 2213 1917 2282 oculis
1940 2207 2131 2285 hominum

60 2318 160 2413 psit,
181 2340 287 2410 quem
296 2313 466 2387 Codicem
480 2311 572 2385 mihi
587 2312 790 2388 Schoncnrs
807 2316 901 2389 inter
916 2315 984 2385 alia
1002 2315 1078 2385 eius
1127 2315 1309 2408 proposita
1326 2336 1412 2394 esse,
1438 2328 1500 2386 aut
1517 2313 1717 2384 doctrinam
1736 2314 1899 2386 inutilem
1919 2338 1993 2385 esse
2010 2315 2130 2387 existi-

74 2432 310 2492 monumenta
345 2418 568 2489 monstravit.
620 2415 668 2491 Et
701 2431 979 2490 consentaneum
1015 2431 1078 2503 est,
1128 2442 1283 2489 memus:
1316 2418 1378 2489 sed
1405 2441 1486 2488 vere
1508 2415 1678 2503 sciamus,
1707 2430 1742 2486 et
1766 2418 1931 2487 ordinem
1954 2430 2131 2498 motuum,

73 2523 166 2595 tales
181 2519 289 2597 viros,
305 2517 369 2610 qui
383 2518 519 2612 uhique
531 2516 677 2611 vestigia
694 2522 892 2593 divinitatis
907 2521 1076 2613 impressa
1127 2536 1162 2592 et
1188 2520 1389 2593 doctrinam
1417 2520 1549 2612 ipsam,
1592 2521 1951 2591 commonefactiones
1980 2544 2054 2590 esse
2086 2522 2130 2592 de

76 2645 198 2696 rerum
213 2631 363 2689 naturae
377 2619 518 2702 vident,
544 2634 579 2693 et
598 2636 745 2716 propter
767 2623 1007 2695 eruditionem
1022 2636 1077 2694 at·
1127 2619 1222 2711 Deo,
1248 2639 1283 2696 et
1304 2622 1503 2695 doctrinam
1527 2623 1650 2694 multis
1675 2623 1790 2693 modis
1815 2626 1982 2716 prodesse
2008 2618 2130 2693 homi·

76 2736 176 2799 tente
187 2720 425 2807 considerant,
448 2717 505 2793 his
520 2724 732 2795 testimoniis
746 2726 850 2796 valde
864 2725 1017 2795 moveri:
1042 2740 1077 2796 et
1128 2751 1215 2797 num
1240 2727 1354 2813 vitae,
1390 2730 1487 2820 quod
1518 2726 1556 2795 in
1583 2726 1761 2812 numeris,
1794 2725 1831 2794 in
1856 2725 2056 2811 metiendo,
2090 2726 2129 2796 in

77 2825 190 2897 multo
205 2822 341 2893 firmius
357 2832 535 2910 statuant,
560 2820 658 2896 hunc
672 2830 850 2898 mundum
867 2828 913 2897 ab
930 2840 1074 2897 aeterna
1126 2829 1213 2898 anni
1234 2829 1373 2900 ratione
1400 2842 1434 2900 et
1458 2828 1661 2920 cognitione
1686 2829 1776 2900 situs
1802 2829 1989 2920 regionum
2011 2829 2131 2900 mani-

73 2939 195 2997 mente
207 2919 486 2998 architectatrice
500 2927 684 2999 conditum
702 2952 795 3014 esse,
820 2943 856 3001 et
871 2929 1075 3020 gubernari,
1126 2933 1213 3003 feste
1228 2945 1386 3025 apparet.
1439 2928 1536 3006 Dixi.

71 3053 183 3125 quam
202 3028 293 3098 alios
312 3022 496 3114 homines,
518 3029 656 3101 alienos
670 3031 716 3100 ab
737 3027 806 3100 hoc
821 3031 940 3101 studio
956 3031 1069 3100 consi·

72 3131 228 3205 derandi
249 3145 320 3201 tam
337 3131 449 3201 multa
470 3144 506 3202 et
528 3132 680 3202 illustria
698 3133 844 3223 vestigia
859 3129 928 3202 Dei
951 3133 990 3201 in
1010 3156 1075 3202 na-

71 3249 167 3309 tura.
218 3229 398 3329 Equidem
425 3254 530 3326 saepe
557 3247 634 3306 toto
667 3258 818 3329 corpore
851 3229 1075 3315 cohorresco,
1127 3228 1194 3303 No.
1215 3226 1300 3305 104.
1925 3234 2130 3321 (an.1549?)

1136 3325 1310 3356 Μ
1947 3326 2121 3357 Μ

73 3339 172 3434 qnod
195 3360 277 3407 cum
301 3350 376 3408 tem
387 3336 512 3408 multis
527 3336 742 3408 testimoniis
757 3329 940 3409 verissime
954 3350 1075 3408 osten·
1513 3413 1522 3433 ι

74 3441 251 3514 anneus
268 3461 306 3510 se
322 3462 433 3532 prope
453 3442 593 3531 adesse,
620 3453 655 3512 et
669 3452 901 3534 spectatorem
918 3464 960 3510 ac
980 3439 1074 3511 iudi·
1368 3413 1446 3498 De
1472 3422 1572 3498 ΝΜ
1600 3411 1885 3506 ΑϋίθθηΜθ.

71 3566 150 3615 cern
164 3566 240 3615 esse
251 3542 416 3613 omnium
432 3557 637 3615 nostrarum
653 3543 850 3616 actionum:
874 3556 993 3615 tamen
1011 3565 1073 3635 pe·
1196 3570 1227 3626 ι,
1242 3568 1536 3629 „1„‚‚0„1‚·p‚111‚
1554 3589 1582 3645 ρ,
1591 3571 1729 3644 mm„
1749 3572 1868 3633 sm,
1889 3574 1923 3629 q»,
1939 3572 1988 3628 m,
2009 3555 2035 3647 ᾗ,
2051 3572 2128 3645 359„

68 3659 172 3719 caera
194 3660 316 3717 nostra
337 3646 543 3737 languidius
560 3670 643 3718 eum
665 3658 850 3734 metuunt,
874 3661 908 3719 et
928 3669 1003 3716 uon
1017 3668 1073 3716 ar·
1229 3642 1259 3698 ⁵¹¹
1276 3641 1372 3699 2¹¹¹·
1390 3640 1563 3699 &teratu
1576 3644 1600 3708 Ι·
1617 3645 1644 3699 ⁵·
1662 3652 1690 3698 ⁸¹
1708 3643 1781 3716 ⁸9⁰⁶
1800 3644 1930 3703 ΝΜ·
1944 3643 1979 3700 Τ·
1987 3643 2008 3702 ¹·
2028 3662 2056 3717 t·
2066 3641 2127 3704 ⁵⁶⁷·

67 3750 163 3821 dent
186 3749 315 3820 frducia
335 3748 423 3819 εἰπε.
473 3747 627 3844 Quaqua
654 3763 689 3821 te
710 3749 819 3821 vertis
844 3749 882 3819 in
906 3744 973 3820 hac
999 3760 1073 3821 tota

67 3874 196 3924 rerum
210 3865 356 3937 natura,
381 3851 438 3921 vel
455 3852 545 3923 coeli
558 3853 720 3944 liguram,
747 3866 864 3925 motus
879 3865 915 3924 et
928 3846 1074 3922 harmo-

67 3955 174 4027 niam
196 3978 279 4026 cum
308 3953 494 4025 elementis
511 3956 761 4039 considerans,
792 3956 849 4027 vel
874 3955 1073 4026 mirandam

63 4057 242 4133 artenaio
256 4056 399 4151 opificio
415 4058 528 4128 nostri
541 4059 704 4152 corporis
729 4072 764 4131 et
790 4072 906 4131 terrae
925 4059 1074 4130 foeeuu-
1126 4042 1306 4133 Universa
1321 4052 1408 4128 haee
1428 4078 1550 4127 rernm
1567 4070 1694 4128 natura
1719 4056 1925 4129 mirandum
1946 4052 2125 4131 theatrum

10 4156 20 4237 ζ
64 4161 222 4235 ditatam
239 4158 406 4250 intuens,
427 4161 519 4231 ordo
540 4160 580 4231 in
598 4162 768 4233 omnihus
789 4162 897 4233 rebus
919 4161 1072 4232 clamitat
1124 4173 1195 4245 est,
1219 4160 1349 4255 inquo
1364 4181 1401 4228 se
1414 4156 1515 4229 Deus
1526 4159 1704 4252 conspici,
1728 4172 1762 4231 et
1783 4182 1945 4254 expressa
1965 4161 2126 4232 testimo·

20 4300 27 4307 ·
65 4286 149 4338 esse
172 4275 327 4333 mentem
347 4278 527 4336 aeternam
547 4258 875 4341 architectatricem.
924 4258 973 4337 Et
987 4259 1075 4334 haec
1124 4263 1185 4334 nia
1206 4285 1291 4334 snae
1313 4261 1549 4356 praesentiae,
1579 4261 1793 4354 sapientiae,
1820 4263 2013 4349 bonitatis,
2038 4286 2126 4333 con-

63 4367 383 4461 agnosceudaoet,
410 4367 556 4438 utsein
570 4362 727 4438 Ecclesia
741 4366 915 4461 patefecit.
962 4364 1072 4457 Quod
1123 4365 1274 4437 siderari
1299 4364 1424 4437 voluit.
1486 4361 1569 4434 ldeo
1592 4377 1726 4434 tantam
1749 4366 1955 4439 varietatem
1978 4365 2064 4435 artis
2084 4363 2122 4435 in

65 4493 154 4545 cum
176 4469 299 4540 fecerit
320 4464 647 4560 Regiomontanus‚
671 4492 769 4541 nunc
794 4493 874 4541 eum
894 4468 1073 4541 existime-
1122 4468 1405 4552 constmctione,
1438 4466 1691 4553 collocatione,
1723 4467 1864 4559 liguris,
1895 4468 2054 4539 motibus
2088 4480 2124 4539 et

65 4594 153 4646 mus
178 4583 212 4641 et
235 4570 273 4640 in
298 4569 377 4664 ipso
396 4567 476 4642 Deo
498 4595 644 4644 cernere
665 4572 784 4644 ideam
807 4574 916 4644 totius
932 4572 1073 4658 mundi,
1123 4571 1280 4662 viribus,
1305 4565 1520 4642 architectus
1533 4569 1727 4641 immensae
1739 4570 1932 4663 sapientiae
1945 4566 2124 4657 adhibuit,

65 4688 257 4759 etcsusas,
282 4667 474 4745 Memodo
488 4675 610 4746 omnia
625 4675 769 4748 condite
785 4675 875 4748 sinte
900 4689 937 4748 et
951 4698 1071 4747 coram
1122 4689 1165 4748 ut
1185 4673 1290 4748 fateri
1315 4685 1527 4765 cogerentur
1548 4666 1728 4744 humanae
1751 4686 1908 4754 mentes,
1943 4667 2012 4743 lroc
2041 4672 2121 4765 pul·

65 4776 228 4872 aspicere
254 4775 420 4848 coelestia
446 4800 617 4871 corpora,
647 4792 682 4851 et
704 4801 808 4870 saepe
838 4801 921 4850 cnm
947 4777 1073 4871 primis
1123 4774 1535 4871 cherrimumopihcium
1549 4798 1623 4846 non
1640 4799 1723 4848 casu
1742 4775 2038 4862 conflatum'esse
2060 4776 2124 4846 sed

65 4879 233 4979 patribus
255 4881 302 4950 de
324 4878 534 4952 inventione
559 4875 685 4952 harum
708 4882 840 4952 artium
854 4895 892 4953 et
912 4880 1071 4975 ipsomm
1123 4904 1205 4953 vere
1230 4902 1305 4951 esse
1325 4892 1482 4952 mentem
1507 4873 1839 4952 architectatricern:
1865 4892 1902 4950 et
1921 4876 2123 4950 firmissima

20 5022 28 5029 ·
65 4980 399 5068 observationibus,
422 4996 595 5080 tanquam
617 4976 917 5082 ovppaloudporc
938 4984 1072 5055 dulcis-
1122 4983 1335 5054 adsensione
1356 4982 1568 5065 statuefent,
1604 4977 1688 5052 hnic
1709 4982 1822 5052 menti
1846 4975 2121 5053 architeetstrici

64 5087 162 5163 sime
172 5084 352 5181 colloqui,
372 5097 409 5158 et
424 5084 540 5160 hum
552 5100 713 5160 autorem
729 5087 921 5164 celebrare.
1120 5099 1288 5179 oportere
1303 5080 1470 5170 micinas
1482 5083 1660 5156 subiectos
1674 5103 1769 5168 ease,
1793 5095 1829 5155 et
1849 5105 1966 5154 mores
1988 5082 2120 5156 nostris

170 5182 433 5260 Bibliothecam
461 5214 548 5262 vero
578 5188 857 5281 Regiomontani
880 5186 1072 5261 Walterus
1121 5210 1317 5283 congmere
1341 5199 1507 5280 oportere
1538 5188 1583 5255 ad
1611 5184 1711 5281 illam
1738 5198 1918 5257 aeternam
1945 5206 2121 5270 normam,

66 5292 143 5365 ills'
154 5290 244 5363 civis
257 5289 547 5383 Norilsergensis,
572 5294 705 5389 dequo
728 5308 834 5367 antea
849 5293 942 5385 diri,
967 5293 1071 5364 rede·
1121 5304 1277 5387 quaeest
1292 5291 1330 5360 in
1348 5289 1426 5382 ipso
1440 5287 1637 5372 conditore,
1663 5289 1725 5382 qui
1742 5311 1826 5359 strae
1842 5288 1931 5360 lucis
1945 5288 2066 5358 radios
2080 5287 2119 5358 in

65 5394 156 5480 nit,
178 5418 253 5491 qno
273 5407 420 5467 mortno
442 5410 589 5471 unetos
611 5397 792 5471 adservari
815 5397 985 5493 reliquias
1005 5420 1070 5466 cn·
1120 5416 1187 5466 nos
1205 5392 1417 5479 transfudit,
1438 5406 1473 5463 et
1493 5391 1611 5483 ipsum
1635 5391 1859 5464 conditorem
1883 5390 1977 5460 veris
1999 5389 2118 5462 laudi·
2188 5394 2191 5399 ’

65 5497 180 5571 casita
203 5520 248 5570 es
261 5497 395 5595 quihus
416 5497 473 5571 vir
489 5498 717 5574 doctissimus
731 5494 936 5575 &honam
957 5520 1070 5594 quae-
1121 5499 1189 5570 hus
1207 5496 1462 5569 celebrandum
1479 5514 1569 5565 esse.

1124 3806 1255 3880 (lentio
1282 3800 1331 3879 de
1356 3809 1438 3880 ulto
1466 3805 1761 3897 Anicennoe,
1802 3827 1829 3878 o
1852 3807 1965 3881 Doct.
1991 3800 2126 3879 lecolo

1439 3905 1613 3983 Miliclio
1639 3912 1814 3984 recitata.
