4664 6022
250 316 326 393 sss
688 303 848 380 ouon.
883 302 959 376 nu
991 304 1234 379 sroons
1267 304 1534 381 arnonus
1568 305 1857 384 unsucss.
2223 272 2290 385 iso

235 495 339 565 .item
369 486 586 570 sententiae,
619 481 748 576 quibus
777 479 940 549 mirabile
972 482 1111 571 pondus
1144 479 1249 546 inest:
1301 481 1541 571 cognitionem
1568 483 1748 573 adpetant.
1816 480 1964 572 Quanto
1990 485 2109 577 magis
2137 496 2288 557 aeternae

253 600 424 691 pleraque
453 589 549 660 euim
574 611 614 656 ex
639 578 854 676 propheticis
878 583 1017 673 scriptis
1040 583 1249 673 deprompta
1300 583 1500 655 foelicitatis
1528 607 1568 653 ac
1591 584 1715 655 salutis
1737 608 1822 655 cura
1844 610 1911 657 nos
1929 587 2082 661 incitare
2101 586 2232 669 debet,
2260 605 2290 661 ut

254 710 355 781 sunt,
378 716 490 788 eaque
511 687 716 760 incredibili
738 700 845 780 atque
868 685 1072 754 inimitabili
1094 685 1200 754 verbo
1217 697 1251 752 et
1301 685 1461 777 linguam
1491 687 1652 756 omnium
1682 686 1945 777 dulcissimam,
1977 705 2016 762 et
2036 715 2122 763 curn
2150 702 2205 761 tot
2226 693 2291 784 pul·

255 804 333 873 luce
347 810 454 892 atque
468 788 629 885 emphasi
644 789 802 875 reddita,
829 801 862 858 et
879 801 950 858 tota
969 788 1122 880 denique
1137 787 1249 856 oratio
1301 783 1557 859 cherrimarum
1590 788 1721 860 artium
1745 792 1971 883 magistram,
2003 806 2085 865 tum
2110 817 2201 863 vero
2225 819 2291 865 coe·

254 905 365 997 spirat
393 896 611 969 reconditam
642 894 821 988 quandam
854 916 893 959 ac
925 890 1082 959 divinam
1107 889 1250 981 sapien·
1301 892 1400 963 lestis
1429 891 1612 962 doctrinae
1644 893 1832 979 nunciam,
1864 920 1904 964 ac
1934 908 2103 967 aarum
2125 896 2293 969 „1⁰5⁸st

254 1009 358 1079 tiam:
385 1026 460 1071 non
482 998 675 1089 vulgariter
695 1008 788 1065 certe
809 989 1251 1063 eruditus.Grammaticus
1300 1009 1481 1066 tantorum
1507 994 1756 1075 beneficiorum
1780 996 1986 1077 divinorum
2010 998 2291 1079 conciliatricem,

255 1135 275 1182 a
291 1130 348 1177 me
363 1103 583 1185 censebitur,
609 1097 672 1195 qui
687 1121 820 1168 novum
835 1093 1104 1164 Testamentum
1120 1092 1251 1186 poterit
1301 1096 1578 1189 amplectamur?

254 1213 377 1283 saltem
407 1204 654 1298 grammatice,
688 1204 809 1270 dextre
836 1221 875 1267 ac
897 1210 990 1267 recte
1013 1196 1251 1288 interpretari,
1402 1198 1486 1271 Non
1506 1200 1639 1293 absque
1660 1200 1833 1290 singulari
1854 1202 2007 1273 consilio
2024 1201 2162 1273 divino
2178 1205 2292 1276 farm,

256 1330 290 1386 et
319 1313 418 1382 illam
449 1306 623 1380 sermonis
644 1305 717 1372 vim
739 1315 845 1394 atque
868 1299 1047 1390 energiam
1070 1312 1251 1392 utcunque
1303 1315 1374 1381 est,
1407 1304 1504 1397 quod
1529 1297 1715 1393 Evangelii
1746 1304 1927 1390 doctrina,
1960 1319 1996 1377 et
2027 1305 2059 1375 si
2094 1329 2165 1398 per
2197 1322 2291 1380 aarum

255 1415 463 1508 explicando
489 1407 637 1502 assequi.
689 1404 770 1475 Huc
791 1402 942 1486 accedit,
968 1403 1065 1495 quod
1084 1396 1251 1470 haecne·
1301 1405 1425 1473 orbem
1452 1404 1567 1496 spargi
1594 1405 1736 1489 debuit,
1770 1419 1889 1476 tamen
1911 1403 2019 1479 buius
2040 1409 2168 1499 gentis
2192 1410 2293 1502 lingua

251 1520 305 1593 tio
334 1529 457 1609 postea
480 1534 640 1606 quoque,
677 1508 810 1600 primae
832 1501 1010 1575 Ecclesiae
1034 1528 1073 1573 ac
1096 1503 1250 1596 purioris
1301 1506 1457 1599 primum
1473 1530 1512 1577 ac
1529 1507 1752 1598 potissimum
1771 1510 1963 1601 descripta,
1987 1523 2102 1603 atque
2116 1512 2172 1582 ita
2188 1516 2294 1605 adpo-

254 1620 438 1693 doctrinae
454 1618 616 1686 doctores
631 1626 734 1705 atque
749 1610 958 1699 interpretes
972 1606 1172 1698 complures
1186 1601 1249 1674 ha·
1301 1623 1413 1678 steros
1433 1609 1635 1680 transmissa
1657 1623 1719 1679 est.
1769 1607 1971 1681 Comenim
1987 1607 2081 1684 baec
2097 1615 2292 1706 linguaiam

253 1725 332 1797 buit
356 1721 435 1814 pios
457 1744 496 1788 ac
520 1728 677 1799 sanctos,
704 1712 765 1805 qui
789 1735 867 1781 curn
890 1705 1078 1780 historiam
1096 1709 1248 1801 primum
1301 1724 1384 1781 ante
1405 1711 1604 1782 doctrinam
1626 1736 1785 1795 morum,
1811 1714 2022 1805 disciplinae
2047 1731 2087 1788 et
2103 1714 2291 1789 humantis.

252 1823 429 1898 nascentis
461 1816 639 1890 Ecclesiae
671 1814 822 1884 fideliter
852 1813 1130 1903 descripserunt,
1175 1827 1249 1881 tum
1302 1815 1366 1900 tis,
1388 1809 1457 1884 hoc
1474 1827 1543 1894 est,
1570 1814 1657 1903 legis
1675 1815 1837 1899 divinae,
1861 1818 2088 1905 contineret,
2114 1823 2289 1914 cumopti-

253 1952 338 1998 vero
352 1923 502 1995 eruditis
518 1917 870 2012 interpretationibus
886 1917 1034 1986 eaodem
1051 1914 1248 1984 doctrinam
1300 1940 1438 1987 marum
1451 1917 1611 2001 artium,
1637 1917 1800 2011 vitaeque
1822 1915 1999 1990 humanae
2020 1946 2176 1994 mmm
2194 1948 2292 1996 m,

254 2052 388 2102 sacram
411 2025 547 2096 utiliter
571 2023 806 2092 illustrarunt.
865 2015 1118 2088 Destituantur
1142 2017 1251 2107 igitur
1301 2020 1474 2089 sariarum
1496 2017 1661 2107 magistra
1686 2036 1795 2105 esset,
1821 2045 2049 2093 cumrerum
2077 2040 2291 2116 gestamme

255 2147 289 2204 et
306 2130 466 2202 fontibus
483 2126 585 2217 ipsis,
610 2138 644 2194 et
662 2122 853 2192 sinceriore
870 2121 1103 2213 explicatione
1120 2120 1248 2190 multa·
1301 2118 1471 2192 historiae
1502 2121 1627 2191 mundi
1656 2123 1826 2214 ταμεῖονε
1859 2124 1975 2197 voluit
2006 2122 2118 2198 Deus
2150 2141 2186 2200 et
2217 2125 2291 2199 hunc

253 2228 470 2306 rum'huius
499 2227 682 2299 doctrinae
714 2225 889 2318 partium,
924 2223 987 2316 qui
1017 2247 1084 2313 ope
1108 2222 1250 2311 linguae
1301 2219 1506 2296 thesaurum
1530 2247 1595 2316 per
1619 2225 1776 2294 eiusdem
1798 2226 1942 2315 linguae
1965 2228 2221 2303 ministerium
2239 2228 2289 2302 hu

253 2335 410 2407 Graecae
439 2333 692 2403 destituuntur.
752 2326 841 2397 Nam
869 2328 965 2418 quod
996 2327 1041 2394 ad
1071 2323 1249 2393 versiones
1300 2351 1407 2396 mano
1425 2326 1544 2414 generi
1562 2325 1757 2418 impertiri,
1785 2342 1825 2398 ut
1840 2330 2051 2404 ostenderet
2064 2333 2170 2404 inter
2182 2349 2288 2406 casam

251 2440 393 2518 attinet,
430 2436 584 2504 vidimus
607 2447 739 2526 quanta
761 2429 901 2498 miseria
925 2429 988 2513 sit,
1019 2427 1049 2496 si
1072 2427 1151 2520 quis
1176 2427 1250 2496 illis
1300 2429 1470 2499 beneficia
1494 2452 1555 2498 sua
1577 2422 1645 2497 hoc
1661 2429 1890 2516 beneficium,
1916 2433 1973 2502 vel
1991 2436 2196 2529 praecipu,
2210 2462 2286 2530 „pt

251 2543 336 2613 solis
365 2539 430 2609 niti
463 2549 620 2627 cogatur.
671 2532 763 2603 Nam
790 2544 1037 2625 praeterquam
1066 2531 1161 2623 quod
1190 2530 1248 2598 vix
1300 2534 1449 2603 tendum
1466 2546 1573 2625 atque
1589 2531 1873 2622 amplectendum
1888 2556 1974 2607 esse.

251 2645 328 2714 fieri
351 2654 485 2735 potest,
510 2651 549 2709 ut
571 2637 744 2707 sententia
766 2634 899 2727 ubique
921 2635 1042 2704 eadem
1059 2631 1248 2703 foelicitate
1403 2631 1648 2726 Quapropter,
1675 2633 1704 2702 si
1725 2635 1802 2704 fieri
1816 2648 1953 2726 posset,
1980 2642 2199 2728 optandum
2211 2644 2279 2721 foret,

250 2771 291 2817 ac
306 2744 556 2839 perspicuitate
569 2741 608 2809 in
622 2740 774 2809 alienam
789 2737 948 2827 linguam
962 2735 1246 2806 transfundatur:
1298 2751 1339 2806 ut
1352 2759 1476 2805 omnes
1492 2735 1659 2805 mortales
1673 2735 1767 2807 hanc
1785 2737 1945 2826 linguam
1960 2739 2112 2813 discere
2130 2759 2274 2824 atterere

250 2849 362 2918 multa
388 2847 493 2915 etiam
517 2841 585 2912 alia
611 2841 835 2910 incommoda
861 2836 1169 2926 interpretationes
1192 2859 1249 2903 se·
1298 2851 1466 2931 tantaque
1482 2837 1732 2907 commoditate
1749 2840 1885 2929 perfrui
1901 2855 2064 2932 possent.
2111 2843 2269 2942 Sedqru

251 2962 430 3043 quuntur,
457 2948 564 3036 fitque
586 2965 688 3032 saepe
709 2954 748 3010 ut
764 2939 820 3007 vel
835 2940 928 3006 inter
944 2938 1166 3006 reddendum
1183 2962 1247 3007 na·
1299 2942 1346 3010 do
1368 2940 1403 3009 id
1428 2940 1486 3008 vix
1502 2939 1577 3009 fieri
1597 2952 1729 3031 potest,
1756 2941 1809 3009 illi
1826 2956 1919 3013 certe
1936 2969 2031 3038 quoa
2045 2943 2159 3020 Deus
2177 2948 2261 3021 ,affl

250 3050 346 3122 tivus
369 3070 489 3117 sensus
512 3046 741 3123 obscuretur,
776 3041 831 3109 vel
853 3040 892 3108 in
914 3040 1019 3108 aliam
1042 3040 1144 3133 quasi
1166 3063 1247 3133 spe·
1298 3067 1419 3114 rarum
1443 3066 1482 3113 ac
1506 3041 1688 3112 doctrinae
1710 3044 1866 3113 studium
1893 3049 2106 3137 sevocavit,
2144 3049 2265 3125 boetis

251 3153 341 3223 ciem
363 3150 649 3230 transformetur,
674 3159 779 3237 atque
801 3144 847 3212 ita
863 3155 1107 3234 pervertatur,
1132 3157 1174 3214 ut
1188 3144 1247 3212 vix
1299 3159 1375 3216 tum
1395 3145 1606 3214 beneficium
1632 3145 1796 3215 divinum
1814 3147 2027 3241 neutiquam
2045 3156 2227 3247 negligere
2236 3154 2272 3219 ft·

251 3256 410 3327 eundum
431 3271 618 3342 agnoscere
640 3248 773 3340 possis,
799 3262 834 3317 et
856 3268 931 3315 non
953 3269 1033 3315 raro
1054 3247 1247 3330 usuvenit,
1299 3251 1392 3318 bent.
1446 3245 1528 3316 Non
1548 3247 1679 3316 mirum
1696 3248 1878 3329 enimest,
1906 3249 2141 3327 infoeliciter
2156 3255 2276 3329 medias

249 3372 292 3428 ut
324 3354 442 3427 verius
471 3346 792 3443 metamorphosin,
845 3371 952 3442 quam
984 3350 1246 3439 interpretatio-
1298 3350 1477 3420 doctrinas
1500 3362 1667 3434 tractare,
1693 3350 1754 3444 qui
1776 3344 1843 3421 hac
1865 3352 1944 3423 luce
1966 3357 2134 3445 amissa,
2162 3362 2279 3431 inune

249 3483 350 3545 nem,
380 3460 483 3529 talem
499 3455 697 3524 versionem
715 3452 831 3524 dicere
849 3452 977 3542 possis:
1005 3450 1041 3519 id
1059 3453 1156 3543 quod
1171 3474 1246 3520 non
1298 3453 1372 3522 bris
1388 3452 1519 3521 versari
1535 3453 1686 3522 malunt.

249 3563 365 3633 solum
388 3561 426 3629 in
447 3557 554 3627 sacris
579 3555 712 3641 literis,
738 3558 796 3624 sed
822 3554 862 3622 in
883 3554 963 3624 aliis
979 3577 1122 3646 quoque
1140 3554 1245 3625 disci·
1399 3552 1490 3623 Nam
1513 3553 1628 3625 videte
1645 3555 1843 3625 mirabilem
1864 3558 2148 3633 clementissimi
2166 3562 2282 3636 llei'bo

250 3665 360 3756 plinis
376 3661 532 3732 accidere
546 3659 646 3729 solet.
1297 3656 1465 3737 nitatem,
1498 3655 1780 3748 mmmmm,
1805 3683 1845 3729 ac
1867 3661 2114 3749 cupiditatem
2140 3664 2283 3756 1υεὶΜί

354 3762 473 3853 Quam
495 3759 597 3830 dulce
616 3759 723 3848 igitur
739 3771 809 3840 est,
835 3757 907 3825 imo
924 3780 1008 3826 vero
1024 3769 1156 3849 quanta
1170 3756 1244 3825 foe·
1297 3761 1391 3830 bona
1408 3781 1470 3828 sua
1486 3753 1694 3837 hominibus
1708 3759 1998 3838 inenarrabilem.
2051 3764 2136 3856 Qui
2153 3783 2194 3840 ut
2205 3790 2283 3863 quau

250 3869 364 3938 licitas
386 3877 455 3947 est,
482 3884 582 3955 posse
604 3885 684 3930 cum
707 3859 780 3929 lilio
798 3857 883 3939 Dei,
912 3883 992 3927 cum
1011 3854 1246 3948 Evangelistis
1297 3862 1471 3952 plurimos
1487 3857 1650 3931 homines
1667 3863 1712 3931 ad
1730 3857 1822 3933 banc
1838 3864 1998 3956 linguam
2018 3867 2284 3943 discendam

250 3987 283 4041 et
304 3966 488 4060 Apostolis
511 3962 615 4057 ipsis,
641 3986 721 4032 cum
745 3961 828 4032 divo
844 3959 957 4031 Paulo
979 3962 1113 4055 absque
1134 3962 1244 4031 inter·
1297 3965 1441 4048 vitaret,
1469 3964 1591 4035 multis
1613 3987 1691 4032 eam
1715 3965 1910 4052 illecebris,
1934 3970 2065 4041 multis
2087 3973 2285 4046 invitamen-

250 4086 346 4165 prete
370 4068 487 4165 loqui,
520 4081 554 4138 et
577 4088 676 4136 veras
697 4065 867 4157 vivasque
889 4064 1013 4134 audire
1035 4088 1075 4133 ac
1098 4065 1246 4134 reddere
1296 4067 1342 4138 tis
1371 4066 1532 4159 undique
1561 4066 1767 4140 cumulavit.
1818 4065 1981 4139 Primum
2011 4073 2119 4144 enim
2143 4100 2218 4149 non
2236 4074 2285 4145 alis

251 4172 380 4245 mes?
1027 4208 1035 4230 ·
1296 4169 1416 4259 lingua
1432 4168 1572 4239 dulcior
1586 4182 1657 4252 est,
1685 4193 1759 4238 non
1776 4171 1843 4240 alia
1862 4173 2030 4243 suaviore
2046 4197 2149 4250 sono
2165 4179 2287 4250 auribus

352 4272 458 4363 Quod
482 4274 511 4342 si
528 4284 664 4342 tantum
682 4269 874 4340 tribuimus
890 4293 1150 4362 nonnunquam
1166 4292 1244 4359 gra·
1296 4271 1468 4342 illabitur.
1527 4268 1606 4342 Etsi
1631 4295 1755 4340 verum
1780 4285 1849 4356 est,
1883 4277 1979 4368 quod
2006 4273 2227 4351 Herodotus
2243 4280 2287 4357 ait

249 4378 319 4450 tiae
334 4401 373 4447 ac
386 4375 501 4446 favori
515 4374 665 4444 alicuius
679 4372 772 4462 regis
787 4384 848 4441 aut
864 4371 1053 4463 principis,
1083 4386 1122 4442 ut
1135 4372 1246 4461 ipsius
1296 4370 1468 4445 Animum
1486 4374 1523 4442 in
1539 4373 1686 4443 auribus
1703 4369 1872 4458 habitare,
1894 4401 1968 4448 non
1985 4379 2059 4451 alia
2080 4399 2182 4455 eene
2196 4383 2287 4453 maie-

249 4504 370 4565 causa,
396 4492 502 4572 atque
521 4491 560 4548 ut
575 4477 709 4569 absque
726 4474 919 4565 interprete
934 4498 1013 4543 cum
1031 4498 1071 4543 eo
1088 4474 1244 4568 colloqui
1296 4501 1371 4546 rem
1393 4475 1465 4544 vim
1487 4470 1635 4546 habebit
1656 4477 1701 4547 ad
1721 4478 1976 4550 demulcendos
1992 4506 2035 4550 ac
2055 4486 2287 4575 percellendus

248 4583 443 4677 possimus,
482 4578 702 4650 barbaricam
733 4578 890 4670 aliquam
922 4576 1082 4666 linguam
1110 4578 1244 4647 discere
1295 4580 1433 4650 animos
1450 4573 1649 4650 hominum.

248 4709 324 4755 non
346 4684 567 4754 dubitemus:
594 4682 665 4749 imo
680 4703 764 4749 vero
780 4679 808 4748 si
822 4677 937 4771 turpis
954 4679 1043 4748 lucri
1059 4703 1121 4770 spe
1131 4702 1244 4772 saepe,
1398 4678 1538 4752 Deinde
1559 4681 1680 4774 pueris
1700 4693 1742 4750 ut
1761 4681 1914 4752 crustula
1937 4682 2069 4755 blandi
2095 4690 2190 4762 ciant
2205 4712 2286 4785 prae

248 4811 322 4859 non
343 4810 417 4856 una
440 4784 624 4856 barbarica
648 4782 788 4873 lingua,
810 4806 891 4852 cum
915 4782 1052 4872 ingenti
1075 4784 1244 4872 temporis
1295 4799 1471 4877 ceptores,
1498 4798 1539 4853 ut
1562 4783 1706 4871 benigni
1730 4797 1893 4874 parentes
1915 4807 1954 4851 ac
1969 4789 2198 4886 propinqui,
2222 4790 2286 4863 gut.

248 4889 399 4973 iactura,
425 4911 490 4956 nec
509 4888 586 4957 sine
605 4886 696 4956 vitae
713 4883 872 4977 periculo
889 4885 1048 4975 discitur.
1101 4883 1244 4974 Quoda
1296 4887 1432 4964 ciariis,
1465 4886 1615 4977 aliisque
1650 4885 1685 4953 id
1719 4906 1830 4974 genus
1852 4891 2083 4961 munusculis
2105 4894 2286 4986 puemcal

247 4990 503 5060 mercatoribus
520 4988 597 5059 fieri
613 4988 792 5069 videmus,
817 4988 880 5079 qui
897 4989 1025 5057 liberos
1042 5011 1124 5058 suos
1143 5012 1244 5080 pere·
1295 5012 1331 5059 se
1355 4988 1507 5057 invitare
1532 4988 1664 5068 solent,
1690 5011 1765 5055 non
1787 4986 1893 5056 aliam
1915 4989 2066 5080 quidem
2084 4998 2137 5067 ob
2153 5022 2287 5075 canum,

248 5093 367 5185 grinas
389 5091 529 5181 linguas
552 5106 672 5163 tenere
693 5090 840 5172 volunt,
866 5113 940 5160 non
965 5092 1071 5160 aliam
1093 5091 1141 5160 ob
1157 5115 1243 5160 cau·
1295 5092 1364 5162 nisi
1387 5090 1470 5185 quia
1491 5113 1551 5159 eos
1569 5103 1707 5173 amant,
1733 5104 1767 5159 et
1781 5089 1936 5158 vicissim
1952 5093 2000 5162 ab
2016 5095 2072 5165 eis
2088 5102 2226 5184 amari,
2246 5112 2287 5169 at·

248 5219 339 5276 sam,
366 5218 473 5289 quam
488 5209 528 5265 ut
543 5218 623 5264 cum
640 5192 712 5261 illis
727 5192 909 5282 gentibus,
933 5206 1053 5285 postea
1068 5217 1244 5262 commer-
1296 5217 1362 5289 que
1385 5192 1471 5286 ipsis
1494 5192 1700 5262 benefacere
1717 5191 1885 5284 cupiunt,
1912 5186 1983 5263 hoc
1996 5196 2076 5267 illis
2093 5202 2230 5296 volupe
2241 5215 2287 5281 est,

247 5299 300 5369 cia
318 5293 449 5368 habere
468 5297 623 5389 possint,
648 5297 746 5364 unde
761 5294 897 5387 aliquid
915 5295 1242 5366 lucri-accessurum
1295 5293 1361 5368 hoc
1397 5294 1547 5365 maxime
1584 5295 1750 5365 delectat:
1799 5293 1849 5364 ita
1880 5289 1978 5366 Deus
2016 5298 2286 5394 benignissimus

248 5414 405 5494 sperant:
433 5403 481 5470 ita
497 5399 592 5468 leves
607 5419 709 5489 saepe
723 5419 846 5467 causae
863 5398 1054 5491 impellunt
1068 5392 1243 5480 homines,
1295 5412 1413 5492 pater,
1449 5396 1655 5468 multifariis
1685 5395 1971 5466 dulcissimarum
2004 5404 2147 5475 artium
2180 5406 2284 5479 condi.

246 5520 286 5576 ut
309 5505 416 5574 etiam
442 5503 668 5573 indoctarum
693 5514 728 5569 et
749 5500 1014 5571 barbaricarum
1038 5501 1241 5592 linguarum
1295 5501 1421 5571 mentis
1446 5495 1539 5570 hane
1561 5499 1721 5590 linguam
1744 5497 1899 5568 refersit:
1936 5513 1978 5571 ut
1999 5503 2096 5576 dum
2120 5510 2203 5582 illas
2223 5510 2283 5580 ille·
