4664 6022
77 312 154 391 stt
579 306 741 384 DECL.
776 305 851 384 DE
885 306 1090 386 DlCTO:
1125 308 1315 386 TYPUS
1348 306 1500 385 ESTO
1528 329 1628 384 erc.
2055 308 2132 388 846

72 488 160 563 Non
177 489 286 581 pingo
299 485 418 557 ideam
435 483 608 575 perfectae
625 480 785 567 virtutis,
811 482 872 553 sed
892 482 1077 576 possibilia
1129 495 1262 589 peteret
1287 484 1482 577 imperator
1505 480 1763 556 Constantinus
1785 505 1806 554 a
1827 482 2039 579 quibusdam
2055 479 2128 559 Eo·

72 604 262 687 praecepta
277 587 479 661 recitamus.
529 582 646 658 Vitari
659 600 753 657 certe
767 580 853 656 haec
871 586 1076 678 turpissima
1128 587 1245 659 clesiis
1260 587 1299 656 in
1310 581 1479 673 Oriente,
1505 600 1546 659 ut
1554 585 1663 659 Parca
1679 586 1810 658 usitato
1826 587 1887 657 die
1900 588 2046 659 caeteris
2061 611 2121 661 ce-

73 710 111 771 et
126 692 489 788 possuntetdebent,
515 688 657 779 ignavia
680 701 714 759 et
738 688 973 782 impudentia.
1025 686 1075 763 Et
1127 691 1324 776 lebrarent,
1357 691 1545 762 utlaetior
1570 691 1644 783 ipse
1668 689 1849 760 inertum
1872 685 2056 778 Ecclesiis‚
2088 694 2120 765 si

73 801 163 894 quid
179 795 363 888 indignius
378 807 446 877 est,
469 815 578 886 quam
596 816 678 863 cum
694 790 773 862 loco
787 788 857 862 Dei
872 816 994 863 vocem
1016 793 1074 863 di·
1125 796 1271 888 quando
1288 819 1330 864 eo
1346 795 1515 879 venisset,
1547 793 1656 865 simul
1672 794 1850 865 celebrare
1865 789 1974 863 Pasca
1990 810 2119 886 posset.

72 902 194 972 vinam
220 922 347 972 sonare
367 898 515 980 debeas,
549 908 774 967 tamencum
795 919 871 965 non
894 896 1072 988 intelligas
1123 895 1207 968 Nun
1231 897 1301 967 fuit
1325 920 1381 966 res
1402 897 1511 988 digna
1537 898 1767 968 contentione
1786 896 1825 965 in
1849 909 2014 968 neutram
2033 921 2118 990 par·

71 1003 274 1075 doctrinam
295 1001 499 1084 coelestem,
530 1000 698 1068 audacter
718 1013 754 1071 et
774 999 1006 1094 impudenter
1029 1023 1071 1070 ex
1123 1012 1207 1075 tem.
1247 998 1318 1070 Sed
1333 1000 1456 1070 luisset
1471 1001 1649 1071 laudanda
1666 1000 1813 1082 lenitas,
1839 1000 1869 1069 si
1885 994 2046 1071 Audiaui
2061 1016 2118 1074 tu-

70 1105 171 1197 vulgi
186 1105 413 1175 sermonibus
430 1112 598 1172 consutos
612 1113 779 1172 centones
801 1102 841 1173 in
868 1097 964 1173 hunc
988 1126 1070 1173 coe-
1122 1115 1194 1174 tam
1219 1101 1319 1172 illam
1339 1103 1602 1174 contentionem
1620 1104 1762 1175 silentio
1781 1101 1998 1173 obruissent.
2048 1101 2117 1175 Ce-

69 1223 148 1282 tum
162 1210 319 1295 adferre,
345 1209 384 1276 in
400 1205 531 1301 quibus
544 1202 649 1274 etiam
663 1201 695 1273 si
712 1227 782 1299 qua
805 1206 964 1276 membra
986 1228 1068 1277 vera
1121 1206 1214 1277 dunt
1230 1206 1327 1277 inter
1340 1228 1379 1276 se
1395 1208 1500 1278 orbes
1514 1207 1681 1278 coelestes
1693 1205 1795 1276 miris
1812 1205 2050 1292 anfractibus,
2073 1219 2117 1278 ut

68 1325 173 1393 sunt,
207 1325 325 1383 tarmn
350 1308 462 1379 multa
486 1306 574 1376 salsa
600 1304 816 1393 miscentur,
850 1320 885 1416 gt
914 1308 1067 1380 maxima
1120 1331 1220 1379 suam
1237 1303 1462 1380 harmoniam
1478 1325 1512 1382 et
1527 1309 1754 1381 concordiam
1769 1332 1811 1379 eo
1825 1307 1926 1403 quasi
1940 1308 2115 1403 obsequio

68 1438 153 1509 pars
168 1411 519 1503 continetvirulenta
535 1422 597 1481 aut
611 1409 772 1480 scurrilia
788 1409 960 1497 convicia,
982 1410 1066 1505 quia
1119 1425 1297 1487 tueantur.

69 1514 128 1588 bis
150 1517 323 1609 parergis,
356 1538 437 1586 cum
462 1510 743 1605 petulantissime
770 1512 957 1595 dicuntur,
990 1539 1066 1585 ma-
1222 1514 1425 1585 'l'eneamus
1441 1513 1551 1606 igitur
1570 1515 1774 1586 discrimen.
1812 1511 1933 1584 Simus
1948 1510 1986 1581 in
2006 1512 2113 1584 rebus

66 1622 163 1693 xime
194 1615 363 1690 delectari
396 1631 430 1689 et
460 1614 609 1685 retineri
630 1614 774 1688 stultam
796 1615 1065 1688 multitudinem
1117 1617 1324 1688 necessariis
1340 1618 1434 1689 firmi
1449 1631 1483 1689 et
1497 1631 1714 1690 constantes:
1746 1617 1784 1687 in
1798 1616 1879 1686 aliis
1892 1640 1973 1686 cum
1987 1610 2113 1687 Eccle-

65 1723 198 1798 sciunt.
1117 1719 1189 1791 siae
1211 1720 1347 1792 utilitas
1362 1721 1535 1813 postulat,
1561 1722 1788 1792 moderemur
1809 1719 1960 1790 consilia
1980 1717 2111 1811 proba-

172 1821 388 1915 Quanquam
420 1831 540 1890 autem
571 1821 615 1889 de
648 1821 755 1891 modo
781 1820 936 1892 docendi
959 1818 1064 1913 plura
1116 1823 1183 1895 bili
1198 1817 1381 1900 ἐπιείκεια.
1982 1890 1985 1895 .

65 1927 219 1999 dicenda
235 1934 361 2008 essent,
383 1936 501 1994 tamen
515 1920 586 1992 iam
601 1936 747 2016 propter
761 1923 960 2015 angustiam
974 1937 1064 1995 tem·
1217 1926 1333 1999 Addit
1360 1924 1509 1998 Paulus:
1549 1922 1591 1995 ln
1618 1926 1710 2011 lide,
1740 1904 1778 1994 id
1809 1940 1881 2010 est,
1913 1921 2110 1994 fiduciae:

66 2029 175 2124 poris,
197 2029 242 2099 ad
259 2040 413 2097 caeteras
427 2027 575 2096 virtutes
588 2050 752 2119 propero,
771 2050 904 2122 vosque
920 2039 1065 2119 propter
1116 2029 1358 2121 expectatione
1373 2028 1489 2098 divini
1505 2028 1630 2099 auxilii
1643 2028 1682 2098 in
1698 2027 1936 2121 periculorum
1948 2026 2111 2097 'toleran-

66 2135 276 2203 mandatum
301 2143 335 2201 et
357 2126 508 2219 gloriam
535 2128 607 2199 Dei
629 2129 808 2217 obtestor,
839 2128 1063 2201 inducendo
1116 2130 1176 2208 tia.
1227 2128 1281 2204 De
1307 2133 1440 2203 virtute
1462 2131 1611 2218 eximia,
1645 2144 1680 2202 et
1703 2130 1869 2223 inprimis
1895 2130 1934 2199 in
1950 2123 2110 2199 Ecclesia

66 2236 172 2306 fidem
198 2248 234 2305 et
255 2231 477 2323 diligentiam
503 2226 582 2304 Deo
610 2231 768 2302 debitam
791 2232 995 2325 praestetis,
1029 2243 1065 2303 et
1116 2235 1322 2315 necessaria,
1348 2233 1581 2326 praecipitur,
1606 2235 1651 2303 de
1665 2258 1735 2327 qua
1751 2232 1940 2323 diligenter
1957 2227 2109 2301 docendi

65 2338 204 2430 eligatis
219 2360 274 2406 res
290 2332 521 2417 necessarias,
545 2348 580 2404 et
596 2333 794 2405 doctrinam
812 2335 985 2407 modestia
1002 2358 1063 2403 ve·
1115 2333 1387 2408 suntbomines.
1436 2331 1484 2406 Et
1505 2349 1546 2407 ut
1565 2336 1803 2427 intelligatur,
1828 2331 2016 2405 bominum
2039 2346 2110 2403 tre-

62 2454 137 2513 stra
156 2439 303 2509 ornetis.
1115 2437 1315 2530 pidationes
1331 2454 1364 2513 et
1378 2438 1526 2509 consilia
1541 2438 1580 2509 in
1594 2437 1762 2533 periculis
1778 2437 1998 2532 aspiciamus.
2027 2432 2111 2509 Usi-

168 2538 295 2610 Postea
313 2538 357 2605 de
371 2534 532 2606 moribus
552 2532 714 2629 loquitur
730 2532 884 2623 Paulus,
907 2551 943 2610 et
965 2537 1064 2608 iubet
1115 2543 1326 2615 tatissimum
1345 2555 1414 2623 est,
1445 2545 1632 2614 decurrere
1647 2538 1811 2612 homines
1825 2541 1864 2610 in
1882 2537 2049 2632 periculis
2065 2538 2111 2606 ad

64 2668 133 2713 nos
147 2639 307 2730 exernplo
323 2636 402 2709 aliis
419 2661 503 2713 esse.
554 2639 597 2707 In
621 2638 909 2726 conversatione,
939 2640 976 2710 id
1000 2654 1062 2721 est,
1115 2636 1272 2717 humana
1298 2645 1493 2740 praesidia,
1526 2646 1633 2718 etiam
1654 2644 1732 2714 sine
1756 2644 1900 2714 ordine:
1933 2653 1974 2713 ut
1992 2633 2111 2713 Achas

65 2748 106 2814 in
124 2757 266 2814 externa
290 2740 479 2834 disciplina
502 2734 671 2826 honesta,
696 2740 795 2812 iuxta
817 2742 939 2812 omnia
960 2766 1063 2835 prae·
1116 2773 1190 2819 non
1207 2749 1285 2820 vult
1300 2749 1425 2820 audire
1440 2744 1601 2834 Esaiam,
1628 2748 1690 2841 qui
1714 2761 1806 2820 vetat
1830 2772 1912 2818 eum
1935 2764 2111 2815 accersere

66 2860 166 2937 cepta
184 2844 356 2934 decalogi.
405 2840 497 2914 Cum
521 2843 617 2912 enim
637 2843 801 2914 nominat
821 2845 1062 2915 couversatio-
1115 2850 1308 2943 impiorum
1341 2874 1463 2940 regum
1497 2850 1648 2934 auxilia,
1685 2849 1769 2944 quia
1794 2849 1940 2919 difficile
1964 2858 2015 2916 est
2039 2846 2108 2916 bde

62 2949 235 3055 nemnde
253 2960 327 3018 toto
343 2968 470 3037 genere
492 2959 717 3016 externarum
737 2944 918 3017 actionum
943 2948 1062 3041 loqui·
1115 2966 1295 3046 expectare
1310 2952 1552 3023 defensionem
1569 2948 1688 3027 aDeo.
1718 2950 1787 3025 Sed
1808 2952 1951 3045 politica
1968 2948 2109 3041 sapien-

62 3065 133 3135 lur,
159 3051 255 3145 quod
274 3048 400 3120 usitate
418 3071 584 3117 vocamus
599 3045 770 3117 iustitiam
786 3049 1036 3123 universalem.
1114 3054 1162 3125 tia
1179 3056 1256 3126 vult
1272 3078 1346 3125 esse
1363 3067 1498 3124 armata
1512 3054 1734 3138 foederibus,
1755 3054 1977 3138 exercitibus,
2004 3066 2039 3123 et
2052 3074 2111 3121 re·

168 3149 241 3224 Sed
258 3151 375 3222 addit:
411 3148 453 3218 ln
473 3148 684 3233 dilectione,
716 3150 754 3220 id
775 3164 848 3233 est,
879 3175 954 3222 non
978 3151 1062 3222 satis
1113 3156 1214 3252 liquo
1230 3158 1402 3249 adparatu
1419 3154 1565 3230 visibili.
1617 3153 1686 3224 Hic
1701 3180 1801 3226 error
1823 3157 1949 3226 evertit
1968 3154 2111 3238 multos,

62 3268 114 3327 est
138 3254 296 3327 actiones
322 3267 483 3324 externas
508 3252 708 3344 inculpatas
729 3274 822 3340 esse,
853 3266 892 3324 ut
916 3254 1062 3324 suntin
1115 3260 1188 3330 imo
1213 3253 1298 3329 baec
1322 3258 1397 3352 ipsa
1418 3258 1560 3328 loedere
1584 3258 1708 3329 multis
1730 3257 1838 3328 exitio
1852 3258 2019 3341 suerunt,
2047 3254 2110 3351 qui

63 3358 188 3431 multis
205 3353 416 3453 hypocritis:
436 3356 497 3424 sed
513 3354 559 3427 sit
575 3353 791 3446 verasscordis
807 3354 951 3427 dilectio
969 3356 1061 3427 inter
1113 3357 1278 3433 cumbae
1296 3360 1455 3457 potentia
1475 3360 1600 3431 conlisi
1622 3383 1679 3430 res
1697 3359 1912 3454 periculosas
1933 3357 2109 3451 sdscepis·

66 3486 140 3535 vos.
207 3457 340 3532 Absint
369 3457 556 3552 superbia,
594 3459 724 3539 fastus,
766 3457 985 3546 invidentia,
1027 3472 1061 3530 et
1113 3478 1213 3555 sent,
1246 3466 1389 3534 tandem
1413 3477 1602 3534 senserunt
1625 3486 1701 3532 non
1722 3465 1938 3555 respondere
1961 3474 2109 3531 eventus

62 3563 255 3636 aemulatio
288 3560 454 3648 Cainica,
505 3552 748 3658 φιλονεικεία,
796 3559 1059 3643 malevolentia,
1113 3568 1185 3638 illis
1200 3566 1366 3661 politicae
1383 3566 1578 3659 sapientiae
1592 3564 1761 3638 consiliis.
1788 3579 1822 3636 et
1844 3564 1974 3635 similia
1988 3562 2110 3655 priva-

60 3666 175 3753 livor,
221 3661 449 3759 κακοήθεια,
497 3663 726 3748 obtrectatio,
772 3664 947 3755 cupiditas
980 3664 1060 3734 vin·
1113 3671 1159 3744 tis
1173 3684 1208 3741 et
1223 3669 1523 3761 gubernatoribus
1534 3668 1721 3755 accidunt,
1747 3667 1810 3762 qui
1825 3640 1963 3741 tantuni
1977 3666 2022 3737 ad
2038 3659 2109 3735 bu·

59 3770 196 3853 dictae,
221 3769 392 3852 insidiae,
419 3766 634 3836 calumniae:
660 3767 721 3835 sed
737 3766 781 3837 sit
805 3790 886 3837 vera
904 3769 1058 3838 benevo-
1113 3798 1217 3844 mana
1236 3772 1411 3865 praesidia
1427 3773 1616 3862 confugere
1637 3770 1764 3844 solent.

57 3873 172 3944 lentia
208 3872 303 3942 inter
335 3871 486 3960 collegas
517 3868 676 3938 muneris
709 3869 873 3939 omnium
916 3871 1059 3953 summi,
1215 3873 1421 3947 Praeluceat
1444 3874 1554 3967 igitur
1579 3874 1666 3944 fides
1689 3870 1893 3944 docentium
1918 3870 2054 3963 populo
2075 3880 2112 3941 et

58 4000 156 4071 quae
177 3974 404 4045 concordiam
417 3973 490 4042 alat
505 3986 538 4042 et
555 3985 714 4057 tueatur,
739 3972 973 4042 necessariam
988 3970 1060 4043 Ec·
1113 3975 1360 4070 Principibus.
1411 3974 1510 4048 Haec
1528 3987 1690 4060 moneat,
1729 3973 1885 4066 nequid
1911 3968 2110 4065 agantnisi

55 4079 205 4150 clesiae:
243 4078 327 4170 quia
351 4075 530 4146 discordia
554 4074 759 4145 docentium
791 4076 912 4146 turbat
932 4075 972 4144 in
994 4100 1060 4167 po·
1113 4080 1325 4151 necessaria:
1360 4095 1394 4151 et
1416 4103 1497 4151 suas
1521 4074 1716 4164 Ecclesias,
1741 4099 1822 4148 suas
1842 4075 2003 4166 politias,
2032 4097 2111 4145 mo-

52 4180 148 4277 pulo
164 4180 296 4253 iudicia
312 4182 356 4249 de
371 4177 545 4258 doctrina,
567 4191 601 4248 et
615 4177 776 4248 accendit
792 4177 917 4248 odium
932 4180 1060 4248 adver·
1112 4185 1211 4254 deste
1224 4205 1353 4253 ornare
1369 4185 1553 4266 studeant,
1586 4195 1622 4252 et
1643 4180 1738 4251 intra
1760 4191 1871 4249 metas
1892 4202 1978 4249 suae
2003 4200 2109 4247 voca·

55 4307 123 4357 sut
137 4308 237 4368 eam,
263 4295 297 4352 el
312 4280 487 4371 extinguit
500 4280 774 4353 invocationem·
1112 4286 1222 4358 tionis
1244 4309 1282 4356 se
1305 4286 1523 4357 contineant.
1582 4278 1632 4354 Et
1656 4282 1695 4351 in
1720 4282 1777 4353 sni
1799 4282 1959 4351 muneris
1982 4277 2111 4350 officiis

166 4383 295 4457 Addit:
323 4381 529 4476 lnspiritn,
557 4382 690 4467 idest,
716 4380 966 4475 zelospiritus.
1003 4381 1060 4456 Sit
1112 4400 1295 4480 expectent
1308 4386 1481 4459 auxilium
1503 4400 1538 4458 et
1551 4385 1796 4456 defensionem
1819 4407 1840 4453 a
1861 4380 1953 4453 Deo.
2003 4378 2110 4451 Hanc

53 4487 206 4563 dilectio
223 4487 260 4556 in
278 4488 400 4559 nobis:
430 4487 491 4557 sed
507 4498 626 4555 tamen
643 4485 715 4573 ita,
740 4509 787 4556 ne
802 4509 939 4557 errores
954 4500 990 4558 et
1004 4487 1059 4555 vi·
1111 4491 1322 4584 sapientiam
1343 4486 1523 4561 Ecclesiae
1553 4489 1735 4581 pmpriam
1761 4501 1797 4558 et
1819 4485 2019 4575 intelligere
2041 4503 2110 4553 nos

20 4622 35 4639 ·
51 4596 109 4669 tie
126 4590 378 4662 confirmemus
400 4601 521 4659 nostra
540 4586 784 4679 indulgentia,
808 4591 870 4659 sed
892 4590 1057 4682 petulan·
1111 4606 1271 4687 oportet,
1304 4594 1397 4663 etde
1413 4616 1453 4663 ea
1468 4592 1642 4686 populum
1658 4592 1807 4670 docere,
1837 4610 1884 4656 ne
1908 4610 1949 4657 ex
1974 4584 2109 4679 praesi-
2159 4614 2163 4619 ·

51 4698 109 4771 tia
121 4692 266 4786 ingenia
288 4716 406 4765 severe
425 4684 691 4778 coherceamus,
723 4715 769 4762 ne
791 4692 910 4785 spargi
931 4714 1058 4785 pravas
1110 4697 1182 4767 diis
1196 4692 1364 4768 humanis
1380 4698 1557 4788 pendens,
1582 4692 1814 4764 obliviscatur
1831 4686 1911 4763 Dei.

53 4796 250 4893 opiniones
265 4796 442 4878 sinamus,
469 4817 535 4864 nec
557 4819 697 4865 morum
722 4795 963 4889 turpitudines
983 4795 1056 4865 dis-
1212 4795 1266 4870 Ac
1282 4798 1387 4868 nobis
1402 4797 1605 4892 pastoribus
1617 4791 1684 4866 bac
1706 4792 1950 4865 consolatione
1974 4786 2112 4882 praeci·

51 4901 281 4976 simulemus·
1110 4925 1180 4995 pne
1204 4924 1294 4992 opus
1317 4913 1379 4970 est.
1430 4898 1573 4972 Scimus
1593 4899 1726 4969 multos
1748 4909 1782 4967 et
1805 4906 1966 4986 potentes
1990 4886 2112 4962 hostes

163 4998 212 5076 Et
232 4999 380 5096 quidem
403 4998 537 5071 iudicio
552 4998 700 5090 spiritus
715 5000 861 5088 negocia
877 5000 1055 5072 discema·
1109 5027 1183 5075 esse
1197 5000 1405 5093 Evangelii,
1431 5002 1494 5096 qsri
1511 5014 1545 5073 et
1560 5023 1627 5070 nos
1641 5013 1674 5070 et
1688 4996 1865 5070 Ecclesias
1883 5007 2027 5067 nostras
2047 4994 2113 5063 de·

48 5130 159 5193 mus,
182 5119 222 5177 ut
247 5103 312 5175 ubi
335 5104 568 5195 pugnandum
593 5101 659 5187 sit,
694 5103 756 5172 ubi
779 5102 907 5173 lenitas
930 5103 1055 5173 utilior
1109 5108 1182 5178 lere
1204 5107 1373 5199 cupiunt:
1414 5118 1449 5175 et
1477 5103 1723 5174 defensionem
1745 5098 1861 5172 nostri
1885 5120 1961 5169 non
1988 5094 2113 5167 multis

51 5211 123 5295 sit,
149 5207 422 5277 consideremus.
470 5202 726 5298 Haecpropria
742 5220 825 5275 sunt
843 5205 1054 5298 iudiciispi-
1109 5232 1213 5281 curae
1245 5232 1329 5279 esse.
1404 5205 1476 5279 Sed
1510 5230 1586 5277 non
1616 5205 1825 5275 abiiciamus
1853 5199 2113 5294 professionem

48 5314 160 5387 ritus.
199 5308 273 5380 Nec
291 5309 388 5380 enim
408 5310 627 5379 laudandum
644 5322 697 5380 est
712 5307 904 5379 consilium
920 5332 1055 5396 eomm,
1107 5312 1292 5384 doctrinae
1306 5310 1408 5383 fracti
1423 5324 1539 5381 metu:
1566 5310 1627 5379 sed
1644 5322 1740 5380 certo
1755 5319 1972 5386 statuamus,
1995 5299 2112 5370 Deum

49 5414 122 5513 qni
135 5424 284 5508 propter
306 5411 537 5506 pertinaciam
560 5411 599 5480 in
622 5411 729 5483 rebus
751 5434 826 5482 non
847 5412 1054 5482 necessariis
1106 5418 1288 5487 custodem
1311 5416 1389 5485 sore
1417 5425 1451 5483 et
1474 5411 1679 5484 docentium
1711 5424 1745 5481 et
1765 5405 2028 5486 Ecclesiam,
2068 5412 2111 5471 ut

47 5519 113 5591 vel
141 5517 338 5602 disserunt,
371 5515 426 5586 vel
450 5508 656 5587 distrahunt
674 5510 870 5600 Ecclesias,
906 5528 946 5586 ut
970 5537 1051 5585 cum
1105 5518 1363 5612 scriptumest:
1389 5510 1529 5585 Omnes
1550 5512 1672 5605 capilli
1697 5512 1822 5602 capitis
1842 5505 1951 5579 vestri
1979 5525 2108 5576 nume
