4672 6016
125 277 209 355 eo
607 272 770 369 onoc
819 203 1264 384 semmuro
1294 269 1708 397 praestasse
2109 275 2193 353 us

125 447 304 521 accidisse
330 461 471 542 praeter
495 448 715 542 opinionem.
773 450 896 525 Homo
921 450 1134 545 Germanus,
1181 448 1388 524 servitutem
1403 448 1507 539 ieme,
1527 460 1561 518 et
1576 446 1701 519 ulcisci
1717 446 1868 518 iniurias
1876 445 2043 541 Regibus
2056 449 2178 523 iactas.

129 551 355 647 minimeque
376 553 555 645 suspicax,
579 577 655 625 non
677 557 908 649 praevidebat
921 552 1131 627 Pontificem
1181 550 1253 626 sed
1277 549 1308 623 si
1327 546 1415 621 haee
1438 574 1542 622 causa
1563 544 1656 619 nihil
1679 562 1800 621 movet
1819 573 1898 634 eos,
1931 550 2111 647 debebant
2128 565 2184 624 ta·

130 667 232 728 lanta
248 678 399 727 usurum
415 678 488 725 esse
505 656 671 748 superbia
687 670 722 730 et
735 659 943 733 crudelitate
959 681 1040 751 erga
1056 654 1133 731 lte-
1180 680 1264 743 men
1286 650 1480 725 consulere
1489 648 1670 725 Ecclesiae
1689 652 1817 734 saluti,
1845 666 1880 725 et
1902 649 2091 724 cohercere
2113 653 2182 724 im-

124 778 211 848 gem
233 757 447 850 supplicem,
478 756 580 830 cuius
609 761 759 832 consilia
785 760 907 833 omnia
927 761 1133 852 spectabant
1180 758 1400 828 moderatam
1417 755 1632 847 potentiam3
1660 756 1759 827 nulla
1776 756 1871 849 enim
1894 778 1950 827 res
1973 756 2086 846 magis
2109 755 2182 826 ini-

127 860 265 931 iamed
282 860 525 931 defensionem
541 858 854 935 totiusChristiani
868 862 1038 944 neminie,
1055 885 1131 933 non
1179 860 1269 943 mica
1294 871 1402 952 atque
1425 857 1550 928 inlesta
1575 870 1629 929 est
1646 852 1845 944 Ecclesiae,
1875 882 1982 953 quam
2006 859 2181 954 tyrannis.

128 958 374 1037 arbitrabatur
390 963 477 1045 fore,
499 975 540 1035 ut
554 963 787 1037 insultaretur
800 981 905 1061 atque
921 966 1132 1041 illuderetur
1180 959 1315 1033 Verum
1333 957 1425 1030 hanc
1441 958 1720 1052 disputationem
1743 960 1944 1031 reiiciamus
1960 962 2004 1031 ad
2023 960 2181 1032 loturam

129 1062 201 1135 sibi
218 1064 317 1133 velut
335 1059 525 1155 iugurthae
538 1066 577 1134 in
595 1063 790 1160 triumpho.
840 1068 905 1140 illa
927 1066 1132 1139 immanitas
1179 1062 1386 1160 Synodum,
1412 1061 1441 1132 si
1461 1062 1547 1157 quid
1564 1074 1680 1134 tamen
1696 1062 1747 1133 ibl
1762 1063 1831 1134 loci
1846 1063 1915 1134 erit
1932 1063 2025 1135 veris
2041 1063 2180 1134 delibe-

129 1166 239 1239 rsedo
258 1162 397 1237 homini
411 1163 595 1237 Germano
609 1193 684 1241 non
702 1171 855 1244 venitin
871 1183 1038 1252 mentem,
1060 1195 1131 1240 un·
1179 1166 1392 1238 rationibus.
1429 1161 1534 1235 Nunc
1552 1166 1597 1234 ad
1615 1163 1839 1236 Fridericum
1853 1166 1979 1252 redeo,
2004 1165 2066 1261 qui
2081 1179 2180 1257 post-

128 1291 241 1363 quam
278 1268 374 1354 iore,
416 1283 456 1341 ut
487 1272 666 1356 sacerdos,
707 1273 770 1367 qui
805 1275 911 1347 debet
940 1272 1130 1345 modestiae
1179 1293 1286 1363 quam
1309 1292 1349 1338 ea
1365 1290 1455 1361 quae
1477 1266 1521 1335 ad
1540 1286 1693 1357 pacem,
1707 1292 1744 1337 se
1762 1268 1928 1353 absente,
1944 1267 2178 1359 ‚manendam

127 1371 333 1460 exemplum
356 1393 448 1457 esse,
481 1372 609 1443 cervici
633 1372 862 1469 imperatoris
883 1376 990 1470 pedes
1013 1373 1130 1468 impo-
1178 1362 1224 1441 in'
1242 1368 1437 1443 Germania
1468 1383 1503 1439 et
1533 1366 1635 1439 ltalia
1661 1369 1856 1463 necessaria
1887 1381 2006 1455 erant,
2037 1392 2178 1440 summo

129 1484 246 1557 neret,
259 1486 294 1542 et
304 1474 450 1544 adderet
463 1474 735 1547 acclamationes
744 1477 1128 1551 contumeliosissimae.
1177 1473 1329 1551 consilio
1351 1471 1509 1564 providit
1532 1484 1638 1566 atque
1666 1471 1870 1558 constituit,
1909 1471 2045 1562 legibus
2070 1470 2178 1542 etiam

127 1570 229 1647 llaec
258 1575 288 1644 si
316 1575 564 1665 praevidisset,
598 1591 639 1649 ut
660 1602 725 1670 ego
748 1582 894 1677 quidem
925 1580 1130 1665 ratiocinor,
1177 1574 1322 1669 optimis
1353 1573 1456 1658 latis,
1489 1573 1665 1644 contraxit
1694 1572 1853 1664 ingentes
1879 1574 2018 1667 copias,
2049 1596 2179 1667 easque

128 1670 290 1769 pertrahi
315 1678 355 1746 iu
377 1676 467 1747 iilud
493 1681 729 1770 spectaculum
753 1708 829 1754 non
853 1683 1042 1776 potuisset:
1067 1694 1129 1751 aut
1177 1700 1304 1768 magna
1339 1675 1518 1747 celeritate
1543 1672 1756 1770 Bysantium
1790 1674 1910 1758 duxit,
1949 1688 1991 1748 ut
2021 1672 2106 1746 inde
2139 1676 2179 1745 in

126 1776 380 1869 sipraevidit,
405 1773 497 1849 haud
524 1782 633 1851 dubie
657 1783 755 1857 nulla
779 1786 938 1870 resalia,
971 1785 1041 1855 nisi
1061 1778 1129 1853 ho·
1178 1779 1302 1851 Asiam
1321 1777 1509 1851 traiiceret.
1560 1775 1663 1848 Hanc
1686 1778 1947 1870 expeditionem
1964 1800 2038 1847 non
2062 1777 2178 1848 ambi-

126 1895 232 1953 nesta
256 1882 300 1950 de
327 1880 501 1973 religione
523 1883 672 1974 opinio,
712 1886 872 1957 animum
895 1909 977 1957 vere
1000 1882 1129 1956 Achil·
1177 1882 1275 1953 tione
1303 1879 1424 1976 aliqua
1453 1893 1514 1950 aut
1537 1878 1788 1971 superstitione
1816 1894 2013 1974 susceptam
2037 1892 2179 1972 putate3

124 1982 226 2053 lcum
246 1981 393 2051 inllesit.
446 1982 516 2055 Sed
539 1986 627 2080 quid
650 2009 713 2081 ego
730 1986 954 2061 Fridericum
977 1987 1130 2057 excuso?
1177 2008 1260 2054 nam
1290 1982 1482 2057 saladinus
1512 1994 1611 2074 capta
1642 1978 1912 2081 Hierosolyma,
1950 1995 1984 2054 et
2009 1994 2178 2074 occupata

124 2083 192 2180 qut
208 2083 347 2153 etiarnsi
363 2084 505 2156 videtur
519 2086 729 2177 dignitatem
746 2114 821 2161 non
835 2090 919 2168 satis
935 2083 1128 2159 vehemen-
1176 2088 1250 2157 lere
1273 2098 1345 2158 tota
1369 2082 1492 2179 Syria,
1520 2083 1590 2152 iam
1612 2080 1776 2155 Ciliciam
1801 2098 1836 2156 et
1858 2079 2067 2171 Armenias,
2090 2108 2178 2179 quas

124 2200 183 2261 ter
204 2186 424 2266 defendisse,
452 2203 571 2259 tamen
599 2192 702 2282 culpa
724 2206 776 2264 est
800 2189 1128 2284 potiusPontihcis,
1177 2189 1221 2257 ad
1239 2188 1275 2256 id
1299 2201 1437 2277 ternpus
1461 2198 1652 2256 tenuerant
1668 2185 1904 2279 imperatores
1921 2185 2177 2259 Constantino·

125 2312 240 2383 aquo
254 2302 334 2359 orta
350 2302 405 2360 est
421 2290 571 2361 iniuria:
597 2317 708 2386 quare
728 2295 847 2385 potius
863 2293 1060 2367 accusanda
1076 2294 1129 2363 e'st
1178 2288 1349 2379 politani,
1381 2287 1577 2369 invaserat,
1610 2283 1843 2359 Emanuelem
1868 2288 1974 2361 etiarn
1997 2287 2178 2364 Constan-

125 2386 314 2463 Poutiiicis
334 2391 769 2481 superbiaetcrudelitas.
821 2394 1005 2485 Quantum
1030 2395 1126 2465 enirn
1177 2390 1454 2483 tinopolitauum
1472 2390 1726 2481 Imperatorem
1746 2404 1896 2484 ceperat.
1935 2389 2079 2464 Nullius
2095 2391 2177 2464 Ma-

131 2490 176 2565 sit
187 2492 228 2561 ist
251 2486 317 2562 hoc
334 2491 425 2562 iacto
443 2493 583 2564 sceleris
601 2507 634 2565 et
651 2498 905 2588 turpitudinis,
928 2520 971 2567 es
991 2521 1033 2567 eo
1053 2496 1128 2566 esi·
1177 2488 1342 2563 homerici
1360 2488 1472 2561 Ducis
1487 2505 1590 2562 antea
1607 2491 1722 2563 virtus
1739 2518 1778 2563 ac
1793 2492 1968 2565 foelicius
1983 2507 2079 2566 tanta
2097 2496 2177 2565 iue-

129 2591 267 2667 sliusari
286 2606 416 2683 potest,
442 2597 540 2688 quod
562 2598 702 2668 nullum
718 2601 835 2672 simile
851 2601 1049 2691 exemplum
1065 2621 1127 2669 us-
1176 2607 1249 2680 rat,
1285 2592 1418 2663 multos
1451 2594 1621 2663 exercitus
1648 2589 1874 2665 Christianos
1907 2594 2057 2666 diversis
2090 2596 2178 2667 locis

130 2718 236 2793 gnam
251 2695 290 2765 iu
309 2696 383 2766 ulla
400 2691 549 2767 historia
562 2700 672 2771 ullius
683 2702 808 2793 gentis,
828 2703 962 2773 nedum
976 2696 1127 2793 Episco-
1176 2696 1388 2769 conciderat.
1442 2693 1563 2784 Quare
1588 2695 1658 2765 nisi
1684 2695 1957 2785 reprimeretur,
1982 2697 2085 2770 facile
2102 2711 2177 2770 tota

126 2818 280 2891 porum,
306 2799 494 2891 reperitur.
542 2798 705 2873 Primum
722 2829 826 2875 causa
842 2802 1127 2889 excommunica·
1178 2796 1264 2869 Asia
1282 2797 1461 2890 potiturus
1476 2797 1674 2869 videbatur.
1710 2795 1789 2870 Hoc
1808 2811 1947 2871 tantum
1963 2800 2176 2892 periculum,

124 2898 239 2977 tionis
263 2899 395 2971 iniusta
418 2902 504 2987 fuit3
535 2906 596 2973 sed
628 2905 721 2994 finge
750 2908 858 2978 lesisse
891 2906 1126 2998 probabilem,
1176 2913 1210 2971 et
1236 2916 1276 2974 ut
1303 2924 1367 2991 ego
1395 2898 1577 2983 existimo,
1613 2898 1718 2969 etiam
1746 2902 1918 2995 quaedam
1944 2895 2090 2973 heroica
2116 2902 2176 2972 in-

124 3000 290 3095 oportuit
316 3016 436 3071 tamen
458 3000 667 3075 Pontificem
692 3008 825 3096 petenti
855 3007 995 3078 reniam
1020 3010 1124 3091 dare3
1175 3003 1334 3092 dignatio
1371 3000 1536 3071 excitavit
1571 3000 1752 3091 ingentem
1789 3003 1952 3074 animum
1987 3000 2175 3078 Friderici.

124 3102 260 3175 deinde
283 3100 450 3170 Pontifex
478 3123 553 3169 non
586 3104 711 3175 debuit
740 3110 879 3179 allicere
907 3108 1124 3179 contumelia
1177 3103 1401 3195 intelligebat
1424 3102 1480 3173 sui
1502 3102 1611 3172 officii
1634 3126 1728 3188 esse,
1753 3119 1794 3176 ut
1811 3117 1884 3176 tam
1901 3106 2045 3177 crudele
2063 3106 2176 3179 iatro-

124 3203 329 3277 dominum.
386 3198 458 3269 Sed
481 3200 608 3273 omitto
638 3200 731 3277 hauc
759 3209 924 3279 subtilem
952 3212 997 3280 de
1017 3204 1126 3280 Chri-
1175 3197 1647 3275 ciniumaChristianorum
1663 3204 1795 3276 linibus
1818 3205 2027 3301 ubicunque
2044 3221 2175 3300 posset,

124 3305 246 3376 stiana
279 3300 450 3372 modestia
482 3302 783 3396 disputationem,
814 3333 906 3403 quae
938 3311 1009 3379 iam
1037 3309 1125 3378 olim
1174 3305 1379 3397 depelleret.
1421 3300 1658 3376 Existimabat
1674 3305 1780 3376 etiarn
1797 3305 1869 3377 sibi
1885 3319 1989 3401 turpe
2004 3309 2082 3381 iore
2096 3311 2175 3380 bel·

124 3402 271 3476 Romae
291 3402 430 3494 explosa
455 3417 563 3499 atque
589 3407 757 3483 esibilats
785 3423 857 3498 est,
887 3433 954 3483 nee
979 3424 1126 3502 putatur
1175 3405 1279 3479 latori
1303 3418 1422 3491 tanto,
1443 3404 1473 3474 si
1491 3404 1589 3475 domi
1611 3403 1751 3477 ociosus
1767 3420 1940 3499 spectaret
1956 3424 2180 3500 grauantem'

124 3503 243 3593 magis
257 3505 446 3575 convenire
458 3503 699 3601 Principibus,
719 3536 832 3607 quam
851 3512 936 3583 illae
952 3512 1124 3583 ridiculae
1175 3506 1334 3579 victoriis
1355 3501 1495 3577 hostem
1518 3500 1714 3578 Christiani
1737 3509 1909 3581 nominis.
1972 3506 2097 3608 ltaque
2116 3512 2175 3583 iu-

125 3605 330 3679 Stoicorum
348 3609 560 3692 sententiae,
579 3611 619 3680 in
636 3613 767 3706 quibus
781 3616 931 3686 dicitur:
958 3616 1053 3687 solos
1067 3637 1126 3684 sa·
1173 3625 1268 3681 stum
1284 3623 1319 3683 et
1336 3610 1436 3700 pium
1459 3608 1591 3678 bellum
1608 3609 1743 3701 ingenti
1763 3610 1886 3681 animo
1908 3611 2032 3687 morit
2083 3610 2174 3685 Per-

126 3708 263 3803 pientes
278 3708 699 3791 esseiormososdivites.
749 3712 950 3788 Commune
965 3716 1022 3787 ius
1037 3739 1122 3807 gen·
1172 3712 1255 3784 fecit
1277 3710 1410 3809 ¹etiam,
1446 3722 1489 3782 ut
1514 3704 1718 3783 Richardus
1744 3710 1822 3784 Rex
1848 3708 2000 3805 Angliae
2028 3714 2175 3788 duceret

126 3809 217 3881 tium
240 3807 443 3895 videamus,
469 3814 564 3906 quod
588 3840 712 3889 omnes
733 3817 869 3911 Reges,
893 3818 965 3890 nisi
985 3821 1124 3889 malunt
1173 3812 1365 3887 exercitum
1400 3812 1443 3881 iu
1464 3807 1609 3899 Asiam,
1646 3814 1690 3883 ad
1725 3817 1967 3907 recuperanda
1993 3817 2173 3890 maritima

126 3934 201 3983 esse
216 3910 384 4006 tyranni,
408 3934 549 3984 servare
564 3918 691 3991 solent.
739 3918 878 3993 Violari
894 3921 1054 3993 creditur
1067 3920 1124 3990 ius
1172 3919 1261 3991 loca.
1299 3912 1502 3985 Fridericus
1516 3938 1596 3984 cum
1611 3915 1684 3985 suis
1699 3916 1813 4008 copiis
1826 3916 1865 3986 in
1880 3917 2033 3989 mediam
2048 3913 2173 3990 Asiam

125 4013 299 4105 gentium,
317 4015 349 4084 si
362 4013 510 4085 veniens
523 4012 602 4089 lies
615 4022 659 4090 ad
675 4045 797 4114 pacem
812 4025 1015 4116 petendam,
1036 4047 1124 4093 eon·
1171 4008 1350 4111 ingressus
1370 4030 1438 4088 est:
1473 4039 1538 4086 uec
1561 4012 1677 4088 deluit
1699 4013 1798 4088 Deus
1822 4013 1981 4089 honestis
2001 4021 2174 4091 consiliis.

125 4115 274 4187 tumelia
291 4115 482 4203 alliciatur3
507 4131 544 4189 ι
555 4117 758 4195 Fridericus
775 4150 855 4195 cum
873 4125 1019 4220 quidem
1033 4138 1122 4196 esset
1172 4120 1288 4195 'l'anta
1304 4119 1400 4190 enim
1415 4117 1534 4187 subito
1551 4119 1713 4188 omnium
1731 4143 1851 4191 rerum
1865 4121 2016 4194 mutatio
2032 4121 2071 4190 in
2085 4117 2172 4194 Asia

124 4216 260 4302 victor,
284 4217 384 4288 veuit
407 4242 482 4289 non
503 4222 547 4291 ad
569 4246 688 4314 pacem
707 4230 915 4318 petendam,
938 4230 1000 4298 sed
1018 4228 1123 4296 abso·
1172 4238 1208 4294 et
1229 4220 1333 4319 Syria
1360 4221 1449 4290 iacta
1472 4233 1542 4305 est,
1568 4233 1609 4290 ut
1625 4219 1836 4306 Saladinus,
1863 4222 1927 4315 qui
1952 4236 2055 4293 autea
2074 4224 2173 4294 dele-

124 4318 320 4404 lutionem,
343 4318 383 4388 in
401 4344 472 4414 qua
486 4322 601 4394 maior
622 4326 726 4397 etiam
751 4329 877 4420 religio
899 4329 1002 4400 inest.
1053 4326 1123 4399 Hic
1172 4339 1270 4396 verat
1287 4322 1421 4395 multos
1439 4315 1728 4393 Christianorum
1751 4322 1925 4394 exercitus
1952 4324 2094 4419 iateque
2111 4350 2173 4395 va-

124 4416 290 4491 Pontiies
303 4421 474 4493 victorem
489 4425 690 4499 venientem
712 4429 751 4499 in
770 4432 989 4525 colloquium
1004 4454 1044 4502 ac
1059 4432 1123 4501 de-
1171 4422 1272 4518 gatu's
1287 4438 1363 4497 erat
1380 4424 1418 4492 in
1434 4424 1528 4494 bona
1545 4436 1645 4515 parte
1659 4421 1773 4507 Asiae,
1799 4447 1896 4497 nune
1912 4426 2005 4497 tueri
2022 4450 2061 4495 ea
2080 4450 2172 4523 quae

124 4520 372 4595 liberationem
396 4526 442 4594 de
465 4532 649 4600 communi
676 4531 790 4604 salute
817 4533 917 4604 orbis
946 4548 1121 4605 terrarum
1171 4528 1334 4614 tenebat,
1365 4550 1440 4595 non
1463 4537 1599 4619 posset,
1632 4521 1838 4596 fridericus
1860 4525 1892 4596 ei
1915 4523 2079 4599 Ciliciam
2098 4528 2171 4597 eri-

124 4624 330 4695 uon'aliter
346 4639 490 4710 tractat,
515 4653 622 4724 quam
639 4630 802 4729 Ulyssem
817 4628 1058 4731 Polyphemus
1081 4635 1120 4705 in
1171 4631 1260 4723 puit,
1284 4627 1373 4700 susis
1391 4643 1426 4701 et
1442 4628 1566 4698 deletis
1582 4624 1744 4698 Saladini
1761 4627 1990 4713 exercitibus3
2018 4627 2105 4698 alibi
2124 4632 2170 4698 ad

124 4741 228 4797 miro
243 4727 462 4804 conclusum
497 4726 611 4804 Addit
623 4735 841 4808 absolutioni
858 4749 981 4809 contra
995 4736 1119 4808 divissa
1170 4735 1271 4804 littus
1293 4727 1371 4804 lies
1394 4724 1546 4821 Angliae
1571 4730 1700 4801 multas
1723 4728 1757 4799 ei
1788 4728 1895 4799 urbes
1919 4729 2067 4802 ademit.
2119 4729 2171 4803 lta

125 4842 160 4901 et
187 4822 344 4901 humana
370 4830 449 4902 iura
479 4833 694 4929 cyclopicam
722 4838 990 4913 immanitatem.
1049 4838 1120 4912 Sed
1170 4861 1252 4907 essm
1277 4833 1316 4905 in
1340 4833 1418 4945 ipsg
1433 4830 1664 4903 victoriarum
1686 4855 1792 4902 cursu
1815 4829 2008 4903 Saladinus
2031 4855 2173 4924 repres-

125 4923 182 5002 his
205 4930 377 5023 exemplis
395 4932 663 5009 immoderatam
685 4941 881 5032 potentiam
900 4964 942 5013 ac
956 4941 1119 5037 tyranni·
1170 4948 1344 5023 sessesset,
1365 4932 1451 5006 Asia
1466 4932 1648 5007 servitutis
1664 4948 1760 5004 metu
1775 4931 1926 5002 liberata
1945 4946 2009 5008 est.
2043 4931 2173 5024 Quan-

124 5033 204 5105 dcm
225 5057 324 5104 suam
342 5034 551 5108 confirmare
565 5037 754 5114 Pontifices
771 5043 890 5117 conati
904 5058 1007 5127 suut,
1029 5067 1120 5139 quae
1169 5054 1245 5111 tsuu
1271 5051 1388 5109 autem
1417 5060 1519 5107 verae
1540 5034 1658 5105 laudis
1682 5046 1858 5105 mereatur
1877 5028 1937 5104 hic
1954 5032 2173 5123 Friderirus,

124 5158 205 5207 eum
222 5135 286 5206 diu
303 5134 373 5205 iam
388 5138 496 5211 luerit
509 5134 689 5214 Ecclesiae
702 5146 895 5239 pernicies,
922 5148 1118 5239 optandum
1168 5166 1244 5214 non
1258 5163 1401 5233 musam
1420 5163 1484 5231 pro
1504 5138 1676 5228 dignitate
1694 5135 1879 5230 explicare.
1923 5135 2086 5208 Primum
2107 5163 2171 5209 vo-

124 5250 194 5322 est,
229 5250 268 5307 ut
292 5240 435 5308 tandem
470 5240 664 5336 aliquando
690 5246 918 5343 Synodorusu
948 5248 1119 5320 autoritas
1157 5246 1286 5353 ¹lusstas
1307 5240 1378 5314 suit
1399 5240 1552 5333 optima,
1579 5240 1674 5334 quod
1693 5239 1952 5308 occurrendum
1973 5262 2046 5309 esse
2064 5237 2172 5311 Sala-

124 5339 250 5409 liberet
265 5338 396 5410 iniusta
413 5357 447 5411 et
466 5343 576 5435 impia
601 5350 769 5422 servitute
783 5346 990 5424 Ecclesiam.
1043 5348 1119 5423 Re-
1169 5347 1258 5418 diuo
1272 5342 1421 5430 censuit,
1446 5366 1493 5412 ne
1507 5342 1546 5411 in
1561 5339 1765 5412 servitutem
1781 5341 1946 5411 venirent
1957 5336 2174 5428 Christiani,

124 5462 180 5530 ges
194 5442 341 5514 decebat
355 5443 541 5535 dignitatis
562 5472 646 5523 suae
662 5476 765 5525 causa
784 5452 1011 5548 impatienter
1025 5448 1118 5525 hanc
1141 5489 1145 5498 ·
1169 5464 1205 5522 et
1225 5473 1272 5519 ne
1286 5441 1559 5521 Mahometistae
1584 5441 1698 5514 auctis
1712 5440 1849 5513 viribus
1871 5441 1904 5513 la
1912 5442 1982 5512 tius
1998 5464 2175 5535 propaga-
