4664 6022
138 258 216 338 aaa
694 244 857 327 onon
893 243 974 323 na
1003 242 1230 323 eremo
1259 189 1635 329 mneuanuu.
1821 312 1825 323 .
2106 238 2187 325 aas

146 429 216 504 rali
234 423 418 515 doctrina,
453 445 545 520 quse
572 433 607 495 et
628 416 900 515 Philosophiam
926 434 961 495 et
980 418 1140 515 antiqui·
1293 418 1392 491 Haec
1408 420 1572 492 doctrina
1586 420 1725 493 etiamsi
1739 431 1878 493 mntem
1897 432 2045 515 propter
2065 410 2187 494 mvl.

145 532 231 608 tatis
246 529 415 603 noticiam
430 525 601 597 continet.
653 521 869 596 Adhibenda
893 536 946 595 est
962 525 1067 594 etiam
1082 522 1141 591 di·
1192 537 1299 594 tatem
1325 524 1517 614 expetenda
1541 538 1650 610 esset,
1682 535 1803 594 umen
1823 524 1907 595 satis
1934 546 2063 614 magna
2083 544 2188 597 esus

146 635 250 708 cendi
264 631 486 715 exercitatio,
508 629 638 722 quibus
654 629 760 698 rebus
783 627 928 717 ingenia
946 638 981 695 et
996 627 1039 696 ad
1058 647 1141 695 sua·
1193 639 1299 711 esset,
1325 648 1389 697 cur
1405 621 1541 695 Graece
1559 626 1783 700 disceremus.
1835 623 1936 715 Quae
1957 627 2055 699 enim
2073 638 2189 718 potest

145 740 292 810 vitatem
308 748 414 829 atque
429 728 685 802 humanitatem
701 731 922 810 formantur,
948 742 982 798 et
999 750 1141 798 acuun-
1194 751 1268 799 esse
1287 727 1451 820 voluptas
1473 727 1585 817 magis
1607 728 1714 818 digna
1743 729 2002 819 praestantibus
2023 727 2190 825 ingeniis,

147 855 208 914 tur
240 853 345 931 atque
375 836 616 918 instruuntur,
654 846 696 902 ut
721 832 901 925 percipere
932 844 965 901 et
994 843 1142 900 tractare
1194 854 1301 925 quam
1323 853 1365 901 ea
1388 852 1478 922 quae
1502 829 1697 922 percipitur
1723 853 1765 899 ex
1795 830 1857 899 illa
1881 831 1955 921 ipsa
1984 831 2190 922 cognitione

149 958 243 1015 artes
258 940 344 1011 alias
358 936 518 1007 foelicius
532 935 678 1024 possint.
1194 932 1430 1002 maximarum
1444 932 1587 1002 rerum?
1620 929 1667 1003 Et
1682 931 1853 1025 quoniam
1867 932 2070 1025 voluptates
2093 932 2189 1026 ipsse

242 1042 282 1117 si
297 1040 376 1135 quis
391 1052 507 1109 autem
522 1030 976 1127 existimatPhilosophiam
994 1034 1143 1124 perfecte
1196 1036 1317 1127 aliquo
1341 1034 1508 1104 modoad
1528 1057 1643 1103 mores
1663 1035 1864 1126 pertinent,
1888 1033 2027 1104 traduci
2052 1037 2100 1105 ad
2121 1029 2189 1105 hu-

150 1145 313 1239 cognosci
329 1164 429 1235 posse
445 1140 522 1209 sine
539 1136 686 1209 Graecis
702 1139 835 1225 literis,
862 1135 957 1207 hunc
975 1161 1058 1205 sane
1081 1157 1145 1226 pa·
1196 1137 1402 1207 manitatem
1426 1150 1459 1206 et
1475 1137 1684 1207 suavitatem
1710 1131 1776 1204 hac
1797 1135 2031 1208 delectatione
2051 1135 2190 1209 animus

149 1252 222 1324 tiar¹
243 1271 304 1319 sua
326 1243 497 1337 opinione
518 1243 660 1312 beatum
685 1264 770 1314 esse.
823 1240 893 1311 Sed
910 1263 965 1308 res
984 1238 1145 1331 loquitur
1198 1240 1364 1310 arbitror.
1804 1256 1808 1263 ’
2102 1304 2105 1309 ,
2184 1262 2189 1277 ·

149 1354 237 1444 ipsa,
262 1361 435 1444 quantum
451 1344 592 1414 intersit
606 1345 699 1413 inter
715 1340 917 1413 Aristotelis
936 1343 1145 1431 interpretes
1301 1337 1350 1410 At
1371 1361 1455 1408 vero
1474 1362 1541 1409 nos
1558 1364 1632 1411 non
1649 1353 1786 1411 tantum
1811 1342 1855 1410 de
1870 1340 2053 1431 voluptate
2066 1338 2191 1435 dispu-

51 1496 54 1501 ·
151 1453 287 1526 Graece
303 1452 446 1531 doctos,
472 1460 507 1517 et
529 1447 611 1515 illos
626 1447 785 1537 ineptos,
809 1446 968 1537 quicum
987 1465 1043 1512 res
1065 1464 1144 1532 gra·
1199 1458 1330 1525 tamus,
1363 1443 1407 1509 de
1431 1440 1550 1511 fructu
1574 1467 1613 1512 ac
1638 1443 1842 1512 necessitate
1873 1434 2190 1538 loquimur,·³quis'

150 1557 312 1627 vissimas
331 1554 376 1621 ab
401 1549 486 1641 ipsis
511 1547 696 1619 autoribus
713 1549 860 1617 traditas
882 1546 1056 1637 explicare
1073 1566 1147 1611 uon
1199 1547 1275 1614 sine
1290 1539 1357 1613 hac
1370 1543 1509 1613 liberali
1524 1546 1705 1625 doctrina,
1730 1569 1821 1638 quae
1843 1545 2029 1637 praecipue
2044 1542 2192 1617 Graec'!

135 1669 319 1753 possent,
345 1676 480 1723 novum
497 1651 679 1744 quoddam
701 1650 884 1720 doctrinae
906 1670 1016 1736 genus
1039 1669 1148 1737 pepe·
1201 1646 1310 1717 literis
1333 1645 1553 1733 continetur,
1582 1671 1688 1717 nemo
1709 1646 1794 1717 satis
1818 1647 1969 1717 idoneus
1994 1660 2048 1719 est
2070 1648 2130 1718 vel
2147 1648 2191 1721 d

151 1772 291 1842 rerunt,
316 1755 462 1849 plenum
480 1752 691 1845 prodigiosis
709 1753 868 1836 somniis,
893 1752 989 1843 quod
1006 1750 1147 1817 nullum
1201 1764 1352 1821 caeteras
1377 1762 1469 1818 artes
1490 1749 1709 1834 tractandas,
1742 1748 1798 1816 vel
1821 1751 1866 1818 ad
1885 1771 1941 1819 res
1965 1770 2115 1840 magnas
2136 1772 2193 1843 ge·

153 1865 191 1934 in
227 1862 389 1931 vileant
423 1856 673 1929 communibus
708 1854 863 1944 negociis
896 1876 1000 1927 usum
1028 1844 1168 1920 habet.
1202 1854 1341 1924 tendas.
1393 1848 1474 1918 Non
1497 1853 1640 1923 suntin
1663 1847 1730 1921 hoc
1754 1853 1886 1925 o'mnia.
1938 1851 2008 1923 Sed
2028 1854 2193 1925 tamensi

151 1965 295 2047 Deinde
310 1959 479 2030 iniuriam
494 1951 747 2045 Philosophiae
763 1957 862 2040 facit,
893 1955 1054 2049 quisquis
1072 1976 1147 2022 eam
1201 1955 1288 2048 quid
1312 1951 1460 2021 omnino
1483 1955 1643 2023 doctrina
1670 1955 1726 2022 vel
1747 1954 1793 2023 ad
1813 1954 1996 2024 excitanda
2015 1956 2063 2024 ad
2082 1954 2193 2027 virtu-

153 2083 226 2145 tam
242 2063 399 2155 angustis
412 2059 542 2131 linibus
563 2059 839 2139 circumscribit,
867 2074 905 2126 ut
921 2050 1015 2124 nibil
1037 2055 1069 2124 ei
1084 2053 1149 2123 tri·
1203 2072 1284 2140 tem,
1307 2055 1363 2125 vel
1380 2055 1423 2122 ad
1441 2057 1694 2126 conformanda
1712 2056 1853 2146 ingenia
1871 2056 2021 2147 prolicit,
2037 2080 2116 2127 nun
2129 2060 2194 2130 du·

154 2175 260 2253 barat,
286 2165 355 2237 nisi
371 2162 432 2232 illa
450 2162 609 2249 vulgaria
628 2174 830 2253 praecepta,
855 2184 944 2253 quae
962 2159 1001 2229 iu
1019 2152 1150 2227 scholis
1201 2159 1278 2228 bito
1305 2157 1499 2242 affirmare,
1525 2181 1601 2226 eam
1624 2160 1668 2226 ad
1695 2181 1769 2227 rem
1787 2159 1980 2250 plurimum
1998 2160 2194 2234 conducere

155 2297 198 2344 ex
222 2265 413 2349 Aristotele
439 2264 640 2335 traduntur.
701 2260 776 2352 Ego
804 2286 888 2331 vcro
914 2261 1045 2331 utiam
1075 2282 1149 2328 non
1207 2256 1275 2329 hoc
1286 2258 1470 2328 doctrinae
1486 2282 1618 2349 genus,
1643 2262 1688 2328 de
1705 2283 1777 2352 quo
1793 2261 1930 2352 loquor.
1983 2257 2194 2337 illudente

154 2375 270 2446 dicam
301 2371 345 2439 de
368 2364 633 2437 Mathematicis
662 2363 880 2456 disciplinis,
911 2362 1149 2452 coguitionem
1205 2362 1323 2451 negari
1343 2383 1417 2429 non
1432 2374 1565 2452 potest,
1590 2364 1633 2430 ad
1652 2376 1801 2431 caeteras
1815 2375 1907 2433 artes
1922 2364 2192 2435 tractandssre-

156 2470 394 2567 antiquitatis,
420 2469 623 2559 po'e'matum
643 2482 677 2534 et
699 2463 949 2549 historiarum,
975 2464 1031 2532 vel
1050 2486 1152 2552 prae·
1204 2463 1300 2556 quiri
1321 2459 1412 2532 hanc
1434 2464 1645 2533 doctrinam.
1694 2460 1787 2532 Nam
1808 2477 1843 2534 et
1865 2461 2049 2535 Medicina
2073 2482 2192 2558 magna

156 2579 298 2671 cipuam
327 2582 461 2663 partem
490 2564 744 2659 Philosophiae
771 2591 844 2640 esse
877 2580 1004 2639 statuo.
1055 2563 1151 2639 Haec
1204 2592 1246 2635 ex
1271 2577 1368 2657 parte
1392 2561 1527 2635 Graeca
1553 2581 1622 2648 est,
1655 2579 1689 2636 et
1710 2566 1788 2634 sinc
1808 2560 2042 2658 Philosophia
2065 2568 2198 2663 pereifl

157 2680 254 2752 euim
269 2673 428 2746 continet
440 2666 671 2742 humanitatis
687 2670 901 2753 doctrinam,
922 2692 1002 2738 cum
1021 2691 1151 2758 propu-
1204 2692 1279 2737 non
1302 2680 1427 2759 potest.
1476 2664 1525 2738 Et
1545 2668 1576 2736 si
1600 2663 1713 2761 hiqui
1735 2666 2214 2743 sededideruntluriscoff

157 2795 219 2853 nat
233 2777 395 2849 omnium
412 2773 611 2843 officiorum
628 2784 810 2864 praccepta
827 2785 931 2864 atque
950 2770 1118 2861 exempla.
1204 2769 1317 2855 sultis,
1342 2793 1416 2838 non
1430 2781 1567 2839 tantum
1582 2769 1681 2839 illam
1698 2772 1874 2840 forensem
1887 2764 2121 2845 Rhetoricsm
2135 2796 2198 2847 su·

259 2875 364 2949 Nihil
389 2874 548 2945 accidere
570 2888 686 2965 potest
708 2874 747 2942 in
763 2875 834 2944 vita
859 2872 1015 2965 privata,
1041 2870 1152 2940 autin
1205 2874 1297 2941 ferre
1316 2873 1476 2956 student,
1502 2885 1542 2943 ut
1556 2895 1632 2941 eam
1648 2873 1691 2941 ad
1709 2886 1892 2966 quaestum
1908 2868 2118 2963 conferant,
2138 2866 2197 2951 sed

158 2982 300 3075 Repub.
323 2977 424 3049 cuius
444 3001 520 3049 non
540 2991 631 3047 extet
652 2977 768 3067 imago
791 2975 909 3069 aliqua
931 2975 970 3043 in
993 2968 1153 3042 historiis
1206 2974 1403 3044 doctrinam
1434 2988 1602 3064 expetunt
1626 2975 1787 3045 'futuram
1818 2973 1899 3044 usui
1924 2972 2083 3067 Reipuh.
2105 2990 2199 3067 ets„

109 3154 116 3163 ,
158 3080 416 3179 sapientissime
433 3079 586 3171 scriptis.
627 3077 828 3149 Plurimum
847 3091 977 3158 autem,
1003 3075 1154 3145 meoiu-
1206 3077 1274 3167 ipsi
1310 3077 1524 3167 loquuntur,
1569 3100 1645 3147 uon
1677 3077 1877 3147 simulatam
1911 3070 2198 3173 Philosophum

159 3186 272 3270 dicio,
298 3183 442 3277 prodest
464 3203 646 3252 accessuro
668 3182 711 3250 ad
730 3204 785 3249 res
807 3202 951 3268 magnas
971 3178 1154 3268 gerendas,
1205 3175 1262 3248 his
1290 3190 1328 3246 ut
1351 3177 1486 3266 possint
1510 3187 1599 3248 cum‘
1614 3180 1741 3248 decoro
1763 3178 1854 3249 tueri
1881 3200 2071 3271 personam
2090 3206 2200 3269 suam,

160 3288 293 3361 intueri
315 3287 354 3355 in
376 3284 454 3352 illas
474 3285 647 3375 imagines
661 3283 761 3354 velut
782 3283 820 3350 in
840 3282 1021 3373 speculum
1047 3295 1082 3350 et
1101 3280 1154 3347 vi·
1207 3281 1362 3373 profecto
1377 3281 1481 3348 etiam
1498 3281 1565 3350 alia
1582 3281 1734 3374 quadam
1750 3280 1910 3352 doctrina
1927 3304 2017 3375 opus
2034 3284 2125 3371 erit,
2148 3285 2200 3355 vi-

160 3396 244 3464 dere
264 3387 431 3466 consilia,
465 3386 703 3457 achonorum
727 3385 959 3457 etmalorum
983 3382 1152 3453 consilio·
1205 3383 1352 3466 delicet,
1378 3382 1592 3473 religionum
1617 3383 1780 3469 scientia,
1813 3382 1944 3453 noticia
1969 3386 2200 3481 antiquitatig

160 3519 241 3567 rum
257 3504 416 3562 eventus.
468 3487 652 3560 Praeterea
668 3488 779 3557 multa
794 3486 929 3556 suntin
946 3486 1030 3577 ipsis
1046 3508 1153 3572 nego·
1207 3485 1406 3578 eloquentia
1431 3500 1464 3556 et
1485 3485 1557 3553 illis
1578 3485 1709 3569 literis,
1736 3509 1826 3579 quae
1848 3510 1927 3554 cum
1949 3486 2069 3560 fontes
2085 3490 2198 3583 legum

161 3597 225 3668 ciis
241 3608 317 3664 tum
341 3583 553 3683 prophanis,
578 3606 654 3661 tum
676 3589 937 3671 ecclesiasticis,
964 3612 1054 3680 quae
1079 3587 1154 3654 sine
1208 3589 1432 3670 contineant,
1457 3610 1532 3655 non
1549 3588 1668 3657 minus
1693 3589 1730 3656 in
1749 3588 1937 3657 consilium
1956 3583 2125 3663 adhiberi
2143 3612 2196 3664 ΙοΙΙ

59 3681 67 3695 ’
161 3693 385 3787 antiquitatis
406 3693 607 3783 cognitione
631 3715 746 3784 neque
767 3689 937 3777 intelligi,
963 3711 1077 3779 neque
1099 3690 1155 3753 iu·
1207 3689 1282 3757 lent
1298 3689 1342 3757 de
1359 3690 1607 3758 communibus
1626 3690 1769 3773 officiis,
1795 3714 1900 3783 quam
1919 3690 2015 3782 ipsae
2029 3693 2137 3785 leges.
2194 3696 2197 3701 '

136 3792 271 3871 xdicari
294 3805 452 3885 possunt.
505 3791 654 3881 Quoties
669 3794 713 3861 de
729 3790 965 3882 lmperiorum
988 3790 1157 3858 mutatio·
1311 3789 1380 3858 Sed
1401 3805 1486 3861 sunt
1507 3792 1653 3884 quidam
1677 3791 1838 3875 iuvenes,
1867 3792 1930 3885 qui
1953 3817 2034 3863 cum
2058 3810 2204 3891 propter

160 3901 269 3971 nibus
284 3896 474 3967 dicendum
490 3896 564 3964 est?
589 3895 726 3987 quoties
742 3893 780 3961 in
796 3888 954 3961 Ecclesia
971 3891 1156 3985 requiren-
1209 3890 1385 3980 ignaviam
1400 3892 1537 3982 fugiant
1552 3894 1710 3963 discendi
1728 3891 1907 3982 laborem,
1936 3895 2057 3968 subito
2073 3900 2203 3973 irrum-

164 4006 229 4074 dae
244 4012 326 4070 sunt
344 4010 503 4066 veterum
516 3996 765 4068 contentiones
781 3997 825 4064 de
847 3998 953 4063 rebus
971 3993 1157 4063 maximis?
1210 4006 1301 4086 punt
1334 3996 1379 4064 ad
1412 4016 1567 4064 summas
1599 3996 1852 4086 professiones,
1892 4021 2046 4090 quarum
2081 4002 2204 4074 titulus

162 4102 261 4174 Haec
286 4101 363 4170 sine
386 4095 532 4169 Graecis
556 4112 590 4168 et
609 4096 746 4168 Latinis
776 4096 889 4165 literis
920 4096 1021 4164 nullo
1050 4097 1155 4165 modo
1212 4110 1418 4186 praetexunt
1432 4120 1515 4166 suae
1531 4096 1701 4187 ignaviae.
1749 4095 1795 4166 Hi
1814 4112 1854 4169 ut
1868 4098 2002 4170 iudicio
2015 4101 2205 4177 videantur

164 4203 328 4294 cognosci
354 4212 514 4291 possunt.
570 4197 618 4269 Et
639 4199 783 4293 quidem
815 4197 1067 4268 ecclesiasticae
1102 4221 1157 4266 res
1211 4194 1274 4267 has
1290 4212 1380 4266 artes
1398 4199 1589 4289 aspernari,
1615 4194 1701 4268 haec
1717 4213 1837 4270 nostra
1853 4202 1969 4272 studia
1987 4204 2202 4299 vituperant.

164 4319 303 4379 tantum
322 4300 458 4373 Graece
473 4301 624 4393 scriptae
643 4315 736 4372 sunt.
786 4297 971 4371 Caeterum
990 4299 1158 4368 varietate
1210 4298 1285 4388 Qui
1307 4301 1483 4393 siquidem
1509 4301 1558 4371 ita
1587 4300 1689 4379 libet,
1720 4303 1808 4372 liant
1829 4326 1914 4373 sane
1935 4302 2092 4380 Solones
2118 4308 2203 4381 mesi

166 4425 201 4481 et
223 4407 323 4500 copia
345 4427 463 4473 rerum
487 4417 592 4496 atque
614 4403 853 4492 exemplorum
882 4403 987 4491 longe
1010 4402 1160 4469 vincunt
1210 4403 1287 4470 siue
1301 4399 1562 4486 Grammatica,
1586 4404 1662 4472 siue
1676 4400 1885 4489 Dialectica,
1910 4408 1987 4477 sine
2003 4412 2204 4501 cognitione

165 4512 313 4584 Latinos
329 4521 405 4578 tum
424 4505 574 4589 Politae,
601 4518 675 4576 tum
688 4504 859 4574 Historici
875 4502 1014 4574 Graeci.
1065 4501 1157 4572 Nam
1211 4504 1444 4589 religionum,
1485 4505 1560 4574 sine
1594 4506 1816 4599 eloquentia,
1850 4507 1929 4575 sine
1962 4505 2203 4607 Philosophto·

163 4612 321 4685 Romani
336 4608 547 4679 domesticas
564 4631 619 4676 res
633 4622 770 4677 tantum
786 4628 912 4676 ornare
929 4608 1158 4690 studuerunt3
1212 4606 1364 4698 denique
1383 4609 1457 4675 sine
1475 4606 1694 4679 humanitate
1711 4608 1796 4681 ulla.
1843 4606 1976 4680 Verum
1997 4606 2202 4701 hocmiror,²

167 4729 203 4786 at
220 4712 349 4784 Graeci
364 4711 525 4781 omnium
544 4711 700 4799 gentium
723 4723 827 4801 atque
846 4706 1079 4799 imperiorum
1102 4703 1161 4775 hi·
1212 4732 1284 4801 quo
1306 4709 1364 4780 isti
1388 4733 1449 4779 ore
1471 4709 1627 4798 aspicere
1650 4710 1767 4799 legum
1787 4709 1900 4780 libros
1917 4714 2093 4797 audeant,
2118 4726 2202 4813 qna-¹

168 4816 293 4889 storias
308 4813 591 4903 compluticum,
617 4836 744 4905 easque
758 4811 805 4880 ita
821 4811 1096 4903 descripserunt,
1119 4823 1161 4878 ut
1211 4834 1291 4879 rum
1306 4824 1445 4880 autores
1462 4826 1606 4902 apparet
1621 4813 1800 4902 praeclare
1815 4812 2006 4886 instmctos
2024 4816 2138 4891 fnisse
2151 4814 2200 4891 hit

168 4918 286 4989 verius
321 4911 620 5007 philosophentur
658 4915 695 4982 in
731 4914 889 5004 ipsorum
932 4914 1160 5001 negociorum
1213 4911 1296 5001 ipsis
1312 4913 1463 4995 artibus,
1488 4916 1532 4981 de
1547 4914 1677 5006 quibus
1692 4913 1853 4984 dicimus.
1901 4913 2022 5004 Quam
2036 4921 2203 4993 multae!-

168 5034 274 5112 atque
297 5016 529 5087 consiliorum
553 5015 791 5105 expositione,
823 5038 929 5107 quam
956 5016 1009 5080 illi
1033 5014 1095 5104 qui
1121 5012 1160 5080 in
1214 5013 1359 5083 Graecis
1375 5029 1409 5086 et
1423 5014 1559 5086 Latinis
1575 5011 1734 5085 historiis
1750 5017 1939 5106 repetunt?
1971 5014 2092 5108 Quam
2106 5044 2200 5094 resae

169 5118 300 5193 scholis
320 5121 416 5187 nuda
440 5132 624 5210 praecepta
644 5119 810 5197 tradunt,
836 5138 876 5183 ac
897 5138 978 5183 vere
995 5110 1164 5184 Philoso-
1213 5130 1331 5186 center
1350 5131 1538 5205 assurgunt
1553 5115 1732 5202 Homero,
1757 5117 1895 5211 quoties
1914 5118 1990 5190 eius
2012 5124 2199 5197 sententiat

170 5220 289 5316 phiam
313 5245 355 5290 ex
378 5221 504 5289 umbra
526 5219 564 5288 in
588 5220 698 5288 solem
728 5241 769 5287 ac
792 5217 972 5307 pulverem
997 5219 1163 5300 educunt,
1215 5216 1311 5286 velut
1326 5217 1468 5288 oracula
1484 5218 1617 5291 citant?
1656 5215 1800 5289 alicubi
1815 5223 2197 5310 pronunciantexvet·

169 5322 237 5395 hoc
259 5337 328 5408 est,
358 5346 460 5401 usum
482 5322 557 5393 eius
581 5321 618 5390 iu
641 5321 713 5390 vita
739 5331 846 5412 atque
869 5319 1025 5406 negociis
1041 5335 1161 5390 osten·
1214 5318 1270 5386 bis
1286 5315 1547 5406 Demosthenis,
1572 5321 1704 5401 alicubi
1721 5321 1766 5390 ad
1782 5316 2199 5401 verbumuansrertbmt'

171 5429 274 5501 dunt.
1215 5418 1376 5492 Platonis
1399 5423 1503 5497 dicta.
1562 5420 1611 5494 Et
1633 5422 1778 5517 quidem
1801 5426 2015 5499 recentiores
2038 5425 2196 5506 Dorum
