4664 6022
144 292 222 421 pst

148 470 273 542 civitas
295 477 473 537 evomeret
494 485 575 534 suas
597 461 758 549 delicias,
790 463 1055 553 etsanguinem
1074 465 1143 535 bo-

148 596 295 655 norum,
317 593 406 662 quos
426 567 568 662 tyranni
583 565 713 636 iniuste
730 566 1007 652 trucidaverant;
1033 568 1141 687 paulo

149 690 230 767 post
246 672 382 743 Sibaris
398 672 509 740 deleta
527 685 587 740 est.
640 666 692 738 lta
710 683 875 739 evoment
892 671 1034 786 tandem
1052 666 1142 787 Epr-

149 778 268 867 scopi,
294 775 353 867 qui
378 797 473 841 rumc
496 770 731 843 Sibaritarum
755 795 854 840 more
877 785 1019 852 vivunt,
1046 796 1142 862 rapi-

150 904 215 947 nas
246 891 279 947 et
306 876 513 965 sanguinem
536 874 676 965 piorum
701 872 945 945 sacerdotum.
1010 872 1141 943 Mona-

150 976 237 1051 chus
254 978 396 1072 quidam
415 976 639 1046 inconcione
656 975 817 1064 publica,
842 976 1007 1045 audiente
1024 973 1141 1093 Impe-

150 1096 267 1153 ratore
286 1077 437 1163 Carolo,
468 1079 575 1156 dixit,
600 1074 716 1147 Deum
736 1100 811 1146 non
834 1079 1001 1195 futurum·
1016 1102 1140 1169 propr-

150 1187 265 1265 cium,
287 1182 356 1251 nisi
380 1195 494 1251 totum
519 1179 678 1250 cubitum
703 1180 796 1249 lavet
818 1179 855 1246 in
878 1202 1049 1269 sanguine
1064 1178 1141 1299 Lu-

149 1282 309 1359 therano.
363 1278 598 1353 Perhorrcsco
608 1282 762 1351 reserens
776 1277 866 1351 hanc
879 1306 1000 1352 vocem
1015 1283 1140 1352 auditu

148 1389 338 1459 crudelem.
392 1384 493 1474 Quae
506 1383 601 1451 enim
616 1384 683 1455 luit
695 1408 852 1476 unquam
868 1385 955 1453 adeo
970 1385 1043 1502 iera
1057 1384 1139 1454 bar-

148 1492 282 1569 baries,
310 1489 347 1556 in
371 1511 439 1581 qua
463 1499 559 1555 tanta
577 1486 802 1571 immanitas,
823 1499 919 1555 tanta
935 1487 1010 1556 sitrs
1027 1498 1141 1605 extitit

147 1593 264 1663 civilis
295 1589 497 1678 sanguinis,
535 1602 665 1681 quanta
693 1603 743 1659 est
772 1588 811 1656 in
835 1588 912 1659 istis
933 1583 1140 1708 hypocrates,

133 1696 247 1764 ¹nulla
263 1695 306 1761 de
322 1715 443 1775 causa,
470 1690 540 1758 nisi
554 1692 649 1784 quod
666 1714 741 1759 non
754 1690 1003 1782 applaudimus
1020 1716 1139 1809 omm-

146 1800 214 1868 hus
236 1818 358 1865 corum
381 1793 633 1883 opinionibus,
671 1817 821 1885 quarum
844 1794 974 1863 multas
997 1793 1066 1887 ipss
1087 1795 1140 1863 sa-

147 1913 268 1971 tentur
298 1921 372 1966 esse
406 1895 532 1986 impias
562 1907 596 1963 et
625 1896 754 1964 erroris
784 1896 926 1986 plenas,
961 1909 996 1965 et
1017 1896 1139 2015 desen-

148 2004 239 2079 clunt
261 2024 317 2069 eas
340 2014 456 2069 tamen
478 1999 630 2088 quasdam
653 1999 869 2088 pervicacia,
904 1999 999 2090 quod
1022 2000 1139 2069 exista-

146 2116 245 2171 suant
260 2100 460 2171 labefactari
474 2100 712 2187 autoritatem,
736 2100 862 2192 siquid
882 2113 1029 2176 nautent.
1065 2100 1139 2170 Ta-

147 2206 194 2274 lia
218 2204 281 2296 qui
296 2205 438 2285 dicunt,
463 2214 584 2271 utnrm
604 2198 779 2271 Ecclesiae
795 2203 1067 2290 gubernatores,
1093 2227 1139 2273 an

145 2307 259 2375 suriae
282 2320 316 2375 et
335 2304 501 2399 Eryuncs
526 2304 655 2372 rectius
679 2304 750 2373 dici
772 2304 926 2373 debent?
976 2303 1046 2375 Sed
1061 2303 1138 2374 Deo

146 2410 282 2485 dalmat
304 2430 454 2498 poenas,
479 2406 542 2496 qui
557 2406 646 2474 solet
662 2405 862 2495 insignibus
880 2409 1046 2499 exemplis
1065 2432 1139 2477 ma·

145 2511 312 2579 niscstum
335 2508 517 2598 religionis
538 2521 780 2599 contemptum
803 2509 940 2598 punire.
1000 2509 1137 2579 interea

145 2637 208 2681 vos
233 2612 493 2682 commilitones
520 2603 708 2694 adhortor,
755 2622 794 2680 ut
823 2609 948 2680 Lazari
978 2614 1137 2705 exemplo

144 2715 230 2785 forti
253 2714 373 2782 animo
398 2725 595 2803 praesentes
615 2735 801 2782 aerumnas
822 2713 952 2787 seratis.
1010 2712 1139 2785 Aderit

144 2816 249 2885 nobis
271 2812 389 2902 Deus,
422 2838 558 2907 nosque
581 2814 668 2899 alet,
693 2828 733 2884 ut
759 2814 1016 2907 scriptumest:
1044 2814 1137 2929 lacta

147 2942 267 2987 curam
292 2930 389 2986 tuam
413 2916 450 2984 in
471 2915 603 3001 Deum,
638 2916 768 3007 etipse
792 2929 825 2985 te
848 2918 1013 2993 enutriet.
1064 2916 1138 2989 I‘tcc

144 3018 315 3089 deterreri
338 3042 399 3088 vos
414 3043 432 3087 a
448 3019 551 3089 rectis
566 3018 710 3103 studiis,
728 3019 818 3109 apia
833 3021 1006 3090 sententia
1021 3021 1138 3107 sinite,

144 3123 199 3190 vel
215 3120 369 3211 inopiae,
394 3121 450 3188 vel
463 3120 878 3191 aliarum'aerumnarum
894 3136 1000 3195 metu.
1042 3122 1136 3212 Qui-

144 3225 225 3293 dam
256 3222 540 3311 languidioribus
565 3223 693 3290 animis
715 3224 885 3314 praediti,
926 3224 1136 3296 deficiunta

143 3321 306 3410 Christo,
331 3337 365 3393 ct
387 3325 586 3413 adiungunt
603 3348 639 3392 se
659 3319 823 3395 hostibus
838 3322 1047 3417 Evangelii,
1072 3352 1138 3446 nec.

143 3427 286 3510 vident,
313 3451 419 3520 quam
436 3427 622 3510 miserum,
649 3451 753 3518 quam
770 3440 872 3520 turpe
888 3430 943 3514 sit,
967 3444 1137 3523 assentari

143 3529 317 3621 tyrannis.
369 3526 517 3597 Hesiodi
552 3526 748 3597 versiculus
783 3543 896 3616 extat,
937 3531 997 3624 qui
1035 3556 1136 3622 prae·

142 3644 283 3719 ceptum
303 3630 548 3718 gravissimum
573 3629 749 3715 continet,
775 3635 869 3724 quod
894 3656 997 3723 saepe
1019 3634 1136 3704 incul-

143 3744 224 3800 cant
239 3744 272 3800 et
288 3725 504 3821 Prophetae:

224 3858 304 3940 μηδὲ
325 3864 428 3922 κακῶν
448 3858 559 3942 ἕταρον
578 3857 651 3941 μηδ’
672 3859 796 3925 ἐσθλῶν
816 3861 1009 3944 νεικεστῆρα.

142 3983 195 4052 Ne
217 3984 279 4050 lias
299 3984 414 4050 socius
437 3983 703 4072 improborum,
734 4008 800 4054 nec
823 3986 1043 4056 conviciator
1069 3980 1136 4054 ho-

141 4098 335 4155 nestorum.
385 4081 455 4152 llic
477 4084 671 4153 versiculus
695 4087 883 4154 admoneat
904 4111 983 4171 vos,
1020 4112 1066 4156 ne
1090 4091 1133 4157 ad

141 4186 342 4256 societatem
357 4209 479 4255 eurum
498 4208 558 4254 vos
575 4188 785 4275 adiungatis,
812 4187 872 4280 qui
890 4212 970 4256 cum
987 4189 1135 4260 veritate

141 4288 414 4375 belligerantur,
446 4312 485 4355 ac
510 4311 555 4355 ne
578 4289 801 4378 adplaudatis
825 4290 1012 4376 conviciis,
1045 4317 1134 4384 quae

141 4391 311 4459 dicuntur
331 4390 498 4457 adversus
519 4389 613 4479 piam
636 4391 847 4464 doctrinam.
908 4390 1005 4463 llaec
1029 4408 1134 4484 pctu-
1201 4451 1209 4467 .

140 4491 248 4563 lautia
265 4486 373 4559 habet
389 4491 504 4561 tristes
520 4491 645 4565 exitus.
694 4490 810 4561 Deum
826 4508 942 4564 autem
958 4518 1134 4586 rogemus,

139 4606 179 4665 ut
194 4591 342 4663 honesta
358 4605 391 4661 et
406 4593 463 4685 pia
481 4593 596 4663 studia
612 4595 786 4685 gubernet
803 4619 842 4665 ac
857 4612 1007 4672 tueatur.

155 4958 222 5030 No.
238 4955 300 5034 56.

142 5055 316 5086 W

964 4999 1014 5043 en.
1033 4979 1130 5043 1539.

958 5066 1129 5092 M

346 5165 422 5248 De
452 5161 610 5277 officio
640 5165 923 5284 Principum.

204 5338 312 5394 Prodiit
321 5340 483 5422 separatim:
506 5340 573 5409 „De
585 5341 679 5395 officio
693 5342 873 5416 Principum,
892 5347 968 5418 quod
981 5350 1033 5404 Dei
1042 5372 1130 5473 prae·

235 5410 318 5477 cipiat
337 5428 375 5461 ers
389 5407 596 5490 tollerelsbusus
615 5411 762 5469 Ecclesiae.
802 5414 887 5471 Viteb.
899 5416 973 5472 1639.
992 5419 1018 5475 8.
1073 5422 1128 5490 pl.’'

240 5478 312 5543 (Vid.
326 5476 445 5533 Strobel.
464 5478 531 5537 bibl.
546 5480 615 5536 Mel.
632 5482 761 5551 Num.)
789 5482 895 5539 liecuss
910 5496 949 5541 est
963 5504 1038 5543 anno
1055 5492 1126 5551 1⁵41.

702 283 860 365 DECL.
899 283 977 362 DE
1008 284 1258 367 oeetcto
1291 295 1634 381 PRINClPUM.

2116 316 2190 399 4⁸2

1292 463 1333 519 sic
1357 464 1504 538 inscriptas
1534 469 1633 527 Oratio
1650 472 1742 557 habits
1760 475 1829 560 ².⁰'
1848 477 1938 561 daur.
1951 482 2067 570 helein
2102 487 2190 572 vitei.

1296 533 1373 617 lael.
1393 538 1425 617 8..
1439 541 1452 589 1
1468 540 1556 621 pl.·-
1590 540 1628 595 Er
1648 544 1792 629 exemplari
1813 546 1892 635 laurus
1911 562 2075 621 posteriores
2089 556 2190 615 edrtro·

1293 622 1337 724 it·
1346 604 1604 750 litii.?‘²i!⁰='.'‘i¹!
1613 610 1687 736 iii?
1689 614 1760 737 ‘1¹:¹3
1770 620 1841 739 'li‘
1839 617 2021 772 iiiiii:
2029 626 2190 766 iiiiii:

1294 739 1332 793 Er
1342 742 1471 813 Epistolis
1484 746 1645 818 intelligitur
1659 704 1866 810 Melanthonem
1882 758 1992 815 Zochm
2005 760 2078 819 banc
2092 768 2191 823 oretis·

1292 826 1355 864 nem
1377 814 1430 865 scri
1451 814 1517 867 sisse
1538 817 1566 869 in
1586 819 1682 873 itinere
1706 830 1732 875 et
1749 826 1864 884 misisse.
1900 829 1964 886 Vid.
1980 828 2051 905 Epp.
2068 832 2133 892 vot.
2145 836 2189 894 ΙΙΙ.

1293 895 1321 948 p.
1334 881 1396 934 tot.
1411 832 1472 939 tls.
1481 885 1544 941 803.
1557 886 1618 944 824.
1633 899 1659 944 et
1671 891 1732 946 924.

1190 1040 1251 1111 De
1286 1033 1414 1138 officio
1448 1049 1687 1143 Principum,
1733 1056 1831 1148 quod
1862 1060 2092 1139 mandatum
2116 1068 2187 1145 Dei

1187 1147 1403 1235 praecipiet
1430 1153 1486 1220 eis
1520 1154 1651 1226 tollere
1679 1153 1813 1231 etuas
1839 1166 2050 1262 Ecclesine;
2093 1178 2185 1247 reci-

1190 1252 1275 1316 tntn
1301 1248 1397 1319 αθ.
1423 1255 1681 1330 Laurentio
1708 1262 1853 1355 Zocls,
1880 1270 2048 1343 Doctore
2074 1276 2184 1367 lucis,

1316 1352 1358 1420 in
1386 1363 1620 1444 promotione
1649 1364 1701 1433 D.
1728 1366 2064 1459 desperassent.

1191 1462 1312 1575 Saepe
1328 1485 1368 1553 in
1384 1482 1440 1559 his
1462 1498 1670 1585 spectaculis
1686 1502 1729 1570 de
1752 1503 1869 1594 legum
1889 1509 2089 1600 dignitate,
2113 1536 2182 1605 grs-

1192 1584 1354 1657 vissimae
1371 1594 1549 1665 orationes
1568 1593 1709 1672 habitae
1727 1620 1831 1692 sunt,
1857 1625 1896 1681 ut
1912 1616 2116 1688 reverentie
2131 1615 2183 1689 lu-.

1191 1686 1259 1773 ris,
1284 1702 1318 1761 et
1339 1692 1548 1789 disciplinae
1573 1701 1750 1777 inseratur
1764 1709 1895 1780 animis
1913 1714 2178 1805 iuventutis,et

1191 1790 1343 1861 iniustae
1370 1819 1410 1864 ac
1439 1801 1599 1872 rabiosae
1627 1808 1836 1899 cupiditates
1869 1816 2075 1892 frenentur.
2123 1819 2179 1895 llis

1190 1888 1512 1987 adhortationibus,
1529 1904 1559 1972 si
1573 1907 1647 1977 ullo
1659 1934 1820 2005 unquam
1834 1930 1996 2009 tempore
2007 1947 2104 2014 opus
2114 1924 2177 2011 tuit,-

1191 2018 1286 2065 nunc
1306 2000 1463 2089 profecto
1482 2005 1521 2075 in
1543 2001 1609 2077 bac
1635 2028 1813 2102 postrema
1839 2033 1874 2088 et
1905 2022 2103 2117 plusquam
2120 2029 2175 2097 ler-

1190 2120 1248 2167 rea
1269 2113 1398 2188 aetate,
1423 2130 1498 2175 non
1515 2112 1623 2179 modo
1642 2138 1728 2185 voce
1751 2131 1787 2188 et
1806 2125 1996 2196 sententiis
2013 2129 2173 2201 bonorum

1189 2213 1224 2269 et
1239 2201 1444 2293 doctorum,
1470 2213 1530 2279 sed
1559 2214 1673 2285 multo
1688 2221 2020 2313 magisautoritate,
2046 2229 2171 2325 impen'o

1189 2314 1225 2371 et
1241 2306 1348 2372 armis
1363 2304 1503 2399 Regum
1521 2327 1554 2382 et
1568 2312 1776 2411 Principum
1799 2324 1893 2414 leges
1908 2334 2073 2419 tuendae
2088 2348 2170 2407 etre-

1189 2404 1355 2476 tinentiae
1370 2426 1465 2483 sunt.
1519 2413 1690 2490 Videmus
1715 2425 1810 2493 enim
1834 2424 1926 2499 hanc
1949 2435 2167 2506 aetatemini-

1189 2506 1315 2577 micam
1332 2533 1405 2581 esse
1420 2519 1632 2602 modestiae,
1659 2524 1884 2618 disciplinae,
1905 2536 2067 2625 pudori,
2088 2537 2170 2609 iusti·

1189 2609 1280 2694 riae,
1313 2614 1497 2706 religioni,
1531 2647 1683 2714 quarum
1705 2652 1824 2699 rerum
1849 2638 2080 2727 custodiam,
2107 2662 2168 2713 cun

1188 2707 1285 2779 Deus
1299 2719 1445 2789 summis
1460 2725 1757 2811 gubernatoribus
1777 2741 2107 2829 commendaverit,
2125 2766 2169 2813 rs·

1188 2816 1322 2903 gandus
1344 2832 1413 2904 est,
1439 2837 1480 2894 ut
1501 2827 1693 2919 aliquando
1715 2835 1839 2907 excitet
1855 2860 1916 2907 eos
1933 2844 1979 2911 ad
1999 2840 2167 2915 coherces·

1188 2918 1251 2985 dos
1273 2918 1431 3004 furores,
1468 2942 1501 2998 et
1524 2930 1713 3004 frenandas
1734 2936 1905 3008 libidines
1922 2942 2167 3036 improborum,

1187 3021 1231 3087 ad
1247 3021 1499 3097 restituendam
1514 3044 1548 3101 et
1564 3034 1789 3107 sanciendam
1803 3041 2054 3133 disciplinam,
2073 3050 2164 3121 selre-

1187 3127 1352 3193 novanda
1366 3125 1509 3200 virtutis
1529 3134 1664 3220 studia,
1688 3138 1777 3209 sicut
1798 3158 1876 3216 orat
1892 3142 2020 3220 David
2037 3148 2162 3221 inPsel-

1187 3248 1263 3295 mo:
1299 3222 1439 3320 Exurge
1463 3233 1558 3304 Deus
1575 3239 1619 3306 ad
1641 3245 1809 3311 tuendam
1829 3244 1969 3335 legem,
1997 3278 2102 3346 quam
2118 3254 2163 3321 de·

1188 3327 1283 3397 disti.
1310 3328 1414 3401 Nunc
1428 3334 1544 3409 iacent
1558 3338 1651 3429 leges
1666 3367 1853 3434 oppressae
1868 3351 2025 3423 audacia
2041 3369 2076 3425 et
2088 3368 2164 3447 pete

1186 3429 1297 3499 lantia
1325 3435 1539 3525 multorum,
1571 3454 1610 3511 ut
1627 3444 1703 3513 sine
1720 3449 1841 3519 divina
1855 3474 1942 3540 ope,
1976 3469 2016 3527 et
2032 3480 2164 3529 summo

1187 3556 1265 3600 rum
1289 3530 1427 3624 Regum
1452 3543 1657 3629 autoritate,
1691 3563 1811 3620 nostra
1835 3576 1905 3623 vox
1935 3578 2070 3646 parum
2097 3582 2163 3653 pro·

1186 3634 1287 3705 ficere
1305 3640 1425 3727 possit.

1289 3735 1374 3808 ldeo
1389 3743 1457 3810 iam
1477 3749 1647 3838 quaedam
1666 3753 1710 3822 de
1723 3751 1863 3845 Regum
1885 3758 2009 3832 officio
2027 3764 2164 3856 disputa·

1185 3836 1321 3925 bimus,
1347 3843 1525 3917 videlicet:
1553 3848 1613 3919 An
1629 3853 1665 3921 in
1681 3869 1780 3927 tanta
1793 3859 2029 3951 religionum,
2056 3867 2164 3957 legun.

1185 3960 1342 4029 morum,
1377 3959 1412 4016 et
1442 3950 1651 4042 disciplinae
1682 3959 1930 4050 dissipatione,
1965 3970 2163 4041 cessantis·

1185 4042 1437 4132 Pontificibus,
1468 4049 1654 4125 Romanus
1672 4057 1869 4151 Imperator
1882 4062 2080 4158 Synodum
2091 4066 2164 4141 ind·

1185 4168 1272 4229 cere,
1295 4162 1328 4216 et
1343 4150 1476 4223 iudices
1490 4161 1811 4233 controversiarum
1827 4165 1981 4240 idoneos
1998 4171 2124 4262 legere,
2140 4180 2165 4239 Ι
2205 4240 2207 4253 .

1185 4271 1243 4331 ea,
1275 4273 1364 4341 quae
1387 4269 1482 4324 recte
1507 4271 1541 4327 et
1563 4260 1618 4348 pie
1645 4266 1925 4352 constituentur,
1957 4276 2074 4345 armis
2093 4268 2165 4347 nd

1184 4350 1318 4425 debeat.
1369 4352 1472 4427 Hanc
1487 4362 1729 4451 quaestionem
1755 4370 2165 4467 accinctumaccens-
2204 4444 2207 4477 ,

1184 4465 1280 4522 trone
1316 4458 1556 4550 eruditorum,
1592 4464 1665 4536 imo
1700 4490 1922 4541 summorum
1961 4472 2165 4575 Prinupss.

1127 4638 1132 4645 .
1183 4577 1247 4623 nec
1269 4555 1434 4628 alienam'
1447 4564 1493 4632 ab
1518 4559 1573 4635 his
1594 4570 1815 4660 temporibus
1830 4596 1906 4643 esse
1920 4575 2063 4652 iudico.
2085 4576 2165 4657 ,Nes

1181 4658 1339 4747 profecto
1361 4662 1458 4732 aliud
1481 4666 1595 4735 ullum
1626 4684 1679 4742 est
1701 4673 1815 4743 maius
1837 4674 1876 4744 in
1901 4680 2014 4753 terris
2042 4700 2165 4761 mli·

1182 4783 1289 4851 quam
1305 4763 1486 4835 doctrinae
1498 4770 1709 4856 gubernatio
1723 4798 1763 4845 ac
1775 4776 2006 4868 diiudicatio,
2026 4800 2066 4859 et
2078 4780 2167 4857 disti-

1181 4861 1300 4950 plinae
1314 4865 1501 4937 restitutio.
1527 4869 1599 4941 Nee
1614 4876 1803 4970 quisquam
1816 4881 1861 4949 de
1874 4902 2009 4971 genere
2023 4882 2166 4959 hulam

1180 4962 1307 5033 melius
1324 4980 1358 5037 et
1373 4968 1560 5056 gloriosius
1576 4979 1703 5046 mereri
1722 4994 1853 5070 potest,
1877 5008 1989 5076 quam
2008 4989 2042 5061 si
2057 4988 2166 5061 libes
2204 5022 2206 5053 ε

1179 5057 1375 5137 Ecclesiam
1391 5073 1582 5156 erroribus,
1594 5092 1695 5148 sanet
1707 5082 1928 5172 ambigentes
1940 5090 2099 5177 animos,
2112 5084 2165 5161 hs·

1179 5166 1288 5237 uestis
1311 5183 1343 5239 et
1366 5176 1496 5243 sanctis
1523 5177 1661 5266 legibus
1687 5205 1727 5251 ac
1760 5184 1921 5259 moribus
1946 5190 2167 5267 consuetudi·

1179 5290 1260 5336 nem
1280 5272 1371 5342 vitae
1391 5291 1504 5350 ornet.
1555 5277 1684 5351 Nullae
1708 5284 1878 5359 victoriae
1897 5291 2165 5367 clarissimum

1179 5363 1339 5454 Ducum,
1365 5376 1456 5445 nulli
1479 5378 1653 5473 triumphi
1675 5385 1756 5476 plus
1771 5412 1876 5460 verae
1892 5391 2015 5467 laudis
2039 5394 2163 5477 hebeni.

1178 5494 1285 5563 quam
1310 5479 1474 5549 salutaris
1499 5487 1700 5559 emendatio
1726 5492 1936 5581 dogmatum
1957 5520 2001 5570 sc
2026 5518 2161 5573 morum
