4664 6022
144 307 224 385 stt
572 302 733 382 DECL.
768 300 842 377 DE
876 297 1084 376 LEGUM
1119 298 1424 377 FONTlBUS
1457 299 1531 377 ΕΤ
1565 303 1787 386 C.lUSlS.
2129 316 2204 392 918

143 483 251 576 ripna
277 481 346 554 fuit
377 479 616 553 consideratio
644 477 863 550 difficultatis
891 470 1148 561 honestissimi,
1171 513 1177 531 ·
1199 473 1334 567 pientia
1352 475 1427 546 eius
1449 476 1521 547 frui
1538 481 1730 562 concessit,
1757 497 1793 555 et
1807 508 1905 557 nunc
1928 513 2008 560 anm
2035 489 2073 571 in
2093 484 2201 565 huius

143 600 181 660 et
196 610 288 681 pene
303 585 433 655 summi
450 584 547 656 inter
562 578 727 655 homines
742 580 871 674 operis·
912 575 961 651 Ut
976 578 1072 649 enim
1090 575 1147 648 lex
1199 579 1333 649 laboris
1354 578 1459 650 initio
1483 604 1687 672 censorem,
1720 599 1893 660 rectorem
1921 605 1956 663 et
1984 594 2198 665 monitorem

141 702 198 762 cst
217 689 341 762 radios
361 688 555 782 sapientiae
579 686 731 765 divinae,
746 685 886 774 fulgens
914 681 953 750 in
979 675 1045 750 hac
1063 679 1161 766 nita,¹
1196 674 1328 752 habere
1344 706 1499 775 possum.
1553 678 1795 775 Quare'etiam
1812 690 1851 762 in
1869 687 1937 764 hoc
1952 696 2098 768 exordio
2114 722 2200 792 pro-

143 817 192 863 ne
206 817 317 885 genos
331 786 531 864 humanum
546 790 758 883 dissipatum
773 787 935 869 intereat,
959 786 1020 854 sed
1035 795 1076 853 ut
1090 783 1147 853 iu·
1196 783 1316 869 liteor,
1343 811 1399 853 me
1427 787 1537 877 ipsios
1560 787 1694 862 iudicio
1718 816 1841 865 omnes
1865 820 1960 866 meas
1986 798 2198 892 interpreta-

144 897 241 969 stitia
263 893 506 966 consociatum
532 894 577 966 ad
603 892 821 985 agnitionem
839 888 926 972 Dei,
952 889 998 957 ad
1014 900 1146 957 certam
1196 887 1312 958 tiones
1327 907 1361 959 et
1376 888 1651 962 diiudicationes
1664 894 1848 966 subiicere.
1882 897 2196 993 Turpisestenim

141 998 395 1090 coniugiorum
412 999 565 1070 formam
592 1010 629 1066 et
653 998 697 1065 ad
720 992 883 1065 omnium
900 991 1073 1062 virtutum
1089 989 1146 1056 in·
1196 991 1410 1082 arrogantia,
1437 992 1475 1061 in
1492 1006 1589 1065 tanta
1606 997 1842 1090 amplitudine
1856 1003 2039 1074 doctrinae
2055 1008 2145 1077 iuris
2160 1020 2196 1078 ct

142 1103 324 1175 tellectum
349 1115 384 1173 et
404 1101 521 1173 officia
543 1098 725 1184 assuefiat,
755 1109 790 1169 et
812 1095 948 1166 sintae
977 1105 1145 1163 maneant
1196 1092 1489 1191 difficillimarum
1504 1101 1845 1187 controversiarum,
1869 1104 2028 1177 iuniores
2045 1132 2119 1179 sese
2136 1133 2195 1180 so-

142 1201 287 1278 honesti
310 1200 499 1277 hominum
522 1216 662 1287 coetus,
687 1202 727 1270 in
750 1199 880 1294 quibus
905 1198 1063 1278 luceant,
1088 1217 1145 1265 sa·
1195 1196 1249 1267 los
1264 1197 1378 1267 facere
1393 1197 1549 1285 iudices,
1579 1223 1644 1271 nec
1665 1203 1847 1275 seniorum
1864 1220 1898 1278 et
1920 1210 2115 1300 peritorum
2136 1212 2195 1282 iu·

142 1309 300 1402 pientia,
326 1307 482 1392 iustitia,
506 1305 659 1391 castitas,
684 1301 935 1386 beneficentia,
961 1312 996 1370 et
1011 1298 1071 1369 liat
1087 1322 1144 1367 re-
1195 1299 1288 1370 dicia
1314 1304 1507 1394 requirere.
1567 1300 1719 1376 Adferre
1742 1321 1859 1379 autem
1880 1312 1925 1382 ad
1948 1307 2017 1384 hoc
2039 1315 2194 1384 docendi

142 1437 224 1483 rum
239 1409 515 1482 communicatio
530 1407 698 1499 legitimis
713 1404 967 1487 contractibus,
995 1414 1029 1471 et
1045 1401 1144 1471 iudi·
1196 1426 1328 1473 munus
1345 1401 1439 1499 (Deo
1461 1404 1628 1504 iuvante)
1644 1411 1789 1494 studeo,
1816 1436 1891 1482 non
1908 1414 2024 1485 solnm
2040 1417 2195 1507 diligen-

140 1539 225 1589 cum
241 1538 327 1585 voce
340 1515 386 1584 de
402 1513 535 1584 iustitia
554 1511 707 1606 populus
723 1507 926 1592 erudiatur,
951 1519 986 1575 et
1003 1503 1144 1573 soboles
1195 1505 1294 1590 tiam,
1319 1508 1381 1575 sed
1397 1507 1502 1578 etiam
1517 1509 1638 1595 fidem,
1664 1536 1820 1583 amorem
1838 1515 1992 1588 iustitiae
2011 1532 2046 1590 et
2065 1519 2194 1592 verita-

141 1616 306 1701 educari,
331 1640 372 1687 ac
386 1614 520 1701 foveri,
544 1639 584 1686 ac
600 1612 765 1687 doctrina
780 1610 892 1681 excoli
911 1607 1034 1700 possit.
1089 1605 1143 1679 lta
1195 1609 1260 1693 tis,
1290 1633 1330 1678 ac
1356 1610 1578 1685 modestiam.
1639 1612 1692 1684 Ac
1714 1612 1830 1687 Deum
1852 1633 2034 1691 aeternum
2059 1637 2194 1714 patrem

143 1721 262 1812 legum
278 1720 536 1812 interpretatio,
562 1742 643 1789 cum
657 1718 757 1787 illam
772 1713 981 1806 sapientiam
997 1707 1065 1780 Dei
1081 1732 1143 1778 ru·
1194 1708 1342 1782 Domini
1371 1713 1483 1783 nostri
1508 1711 1586 1786 lesu
1610 1711 1763 1799 Christi,
1797 1723 2019 1793 conditorem
2044 1725 2133 1795 coeli
2158 1739 2194 1797 et

142 1822 308 1897 dioribns
331 1837 507 1917 exponat,
532 1845 589 1892 res
614 1820 826 1891 difficillima
851 1829 922 1896 est,
948 1829 983 1885 et
1005 1836 1142 1884 summa
1193 1827 1309 1887 terrae
1335 1829 1371 1887 et
1395 1813 1542 1887 hnmani
1563 1821 1717 1909 generis,
1745 1835 1779 1893 et
1801 1817 1908 1894 huius
1927 1826 2038 1918 ipsius
2053 1828 2192 1899 ordinis

142 1926 342 2001 reverentia
366 1924 602 2018 suscipienda.
653 1922 795 1995 Deinde
816 1917 944 1989 videtis
967 1930 1141 2012 quantum
1194 1930 1230 1988 et
1250 1917 1460 2012 sapientiae,
1487 1945 1578 2014 qnae
1599 1924 1756 1993 ostendit
1772 1926 1965 1998 discrimen
1985 1930 2141 2001 iustitiae
2158 1947 2193 2002 et

146 2054 235 2103 onus
263 2030 302 2099 in
324 2026 523 2120 Republica
554 2029 645 2099 ordo
666 2022 1006 2096 iurisconsultorum
1036 2015 1143 2088 susti·
1194 2020 1407 2106 iniustitiae,
1433 2035 1468 2092 et
1486 2025 1575 2093 iusta
1597 2027 1790 2119 praecipit,
1816 2042 1850 2099 et
1867 2026 2033 2121 prohibet
2050 2033 2194 2118 iniusta,

143 2145 236 2205 neat.
265 2130 477 2204 Consulitur
492 2131 588 2200 enim
605 2134 650 2201 de
664 2125 865 2220 praecipuis
879 2124 985 2194 rebus
1003 2122 1040 2191 in
1057 2120 1142 2200 vita,
1193 2136 1229 2194 et
1250 2125 1441 2196 denunciat
1465 2120 1657 2197 horribiles
1682 2154 1814 2221 poenas
1837 2131 2057 2206 violantibus
2090 2137 2192 2208 iusti·
2225 2122 2231 2135 ’

143 2237 189 2308 de
213 2236 406 2326 religione,
439 2236 485 2305 de
507 2233 676 2311 omnibus
699 2228 853 2300 vinculis
870 2226 965 2319 pacis
980 2238 1013 2295 et
1036 2222 1142 2294 insti·
1193 2225 1298 2311 tiam,
1321 2251 1404 2312 oro,
1429 2241 1470 2297 ut
1494 2253 1551 2300 me
1573 2245 1672 2322 regat
1696 2232 1734 2300 in
1760 2234 1922 2306 docendo
1947 2252 1982 2308 et
2006 2238 2044 2306 in
2062 2230 2203 2309 dandis⁰

142 2339 232 2420 tiae,
261 2341 305 2409 de
328 2336 522 2427 coniugiis,
556 2337 601 2406 de
623 2334 737 2405 causis
765 2331 964 2415 bellorum,
996 2329 1041 2397 tle
1064 2326 1142 2396 iure
1193 2328 1370 2415 consiliis,
1396 2354 1508 2400 acme
1531 2332 1709 2404 faciatvas
1729 2335 2013 2418 misericordiae,
2039 2342 2193 2412 salutare

140 2441 379 2523 defensionis,
407 2441 452 2508 de
481 2438 695 2509 dirimendis
726 2434 848 2517 bellis,
881 2434 925 2502 de
957 2431 1140 2501 foederum
1191 2427 1281 2502 mihi
1308 2446 1342 2504 et
1360 2430 1606 2524 Reipublicae.

141 2541 437 2633 interpretatione
449 2552 485 2611 et
500 2541 701 2624 autoritate,
726 2540 771 2608 de
788 2536 1011 2626 singulorum
1030 2530 1140 2626 patri·
1294 2534 1486 2629 Postquam
1514 2533 1599 2609 haec
1628 2542 1673 2609 de
1700 2566 1778 2612 mea
1806 2543 1990 2615 voluntate
2015 2547 2192 2636 praefatus

142 2645 275 2717 moniis
291 2656 326 2714 et
339 2641 530 2712 domiciliis
544 2642 698 2716 tuendis.
750 2637 804 2709 Ac
820 2638 1016 2709 multorum
1032 2658 1141 2705 even·
1192 2662 1290 2725 sum,
1316 2662 1414 2708 nunc
1428 2655 1572 2732 propter
1587 2643 1769 2713 iuniorum
1788 2646 1978 2718 utilitatem
1994 2648 2131 2743 aliquid
2147 2652 2192 2721 de

143 2761 201 2819 tus
216 2746 422 2828 ostendunt,
448 2769 554 2839 qnam
578 2746 624 2815 sit
644 2743 793 2814 infoelix
807 2739 987 2811 temeritas
1000 2738 1038 2807 in
1054 2761 1141 2808 con·
1191 2740 1249 2813 his
1265 2741 1351 2835 ipsis
1368 2742 1506 2833 legibus
1520 2757 1554 2814 et
1568 2748 1613 2815 de
1629 2769 1750 2816 earum
1766 2749 1885 2819 studio
1899 2749 2027 2820 dicam.
2063 2751 2192 2825 Annos

143 2848 232 2920 siliis
253 2846 383 2918 dandis
404 2846 583 2918 discedere
604 2871 624 2917 a
644 2869 770 2916 norma
787 2844 905 2933 legum
924 2854 1141 2914 nostrarum.
1193 2844 1264 2915 iam
1289 2843 1416 2935 viginti
1444 2860 1622 2938 spectator
1647 2848 1702 2920 fui
1725 2851 1944 2924 tumultuum
1963 2849 2193 2943 Germaniae,

142 2948 265 3039 Quare
286 2949 351 3021 etsi
375 2949 447 3020 scio
471 2944 761 3021 honestissimum
783 2968 874 3039 opus
890 2968 984 3029 esse,
1009 2960 1043 3016 et
1063 2942 1140 3014 Deo
1192 2949 1229 3018 in
1246 2948 1378 3042 quibus
1398 2974 1478 3019 cum
1502 2948 1607 3021 initio
1626 2974 1684 3021 res
1698 2955 1913 3025 necessariae
1927 2958 2120 3047 patefactae
2138 2982 2193 3029 es-

142 3067 283 3144 gratum
299 3052 423 3123 iuvare
444 3052 659 3124 discentium
681 3049 822 3133 studia,
855 3060 974 3117 tamen
997 3058 1142 3138 propter
1192 3063 1290 3134 sent,
1320 3065 1439 3142 postea
1473 3077 1493 3121 a
1525 3053 1742 3124 turbulentis
1766 3070 1801 3127 et
1829 3058 2004 3129 seditiosis
2030 3060 2194 3153 ingeniis,

139 3154 361 3227 difficultatis
375 3155 676 3247 magnitudinem,
695 3151 870 3247 quaedam
894 3149 1021 3219 merel
1044 3147 1142 3218 timi·
1192 3152 1298 3223 ctiam
1320 3154 1452 3222 multae
1472 3154 1580 3224 falsae
1603 3156 1792 3248 opiniones
1820 3175 1937 3231 motae
1966 3176 2071 3248 sunt,
2106 3189 2194 3257 quas

140 3257 246 3343 ditas,
266 3260 323 3328 vel
341 3257 536 3329 reverentia
553 3269 727 3327 remorata
744 3269 808 3339 est,
826 3278 898 3345 quo
915 3253 1036 3321 minus
1048 3245 1141 3320 hanc
1192 3268 1311 3326 tamen
1327 3251 1425 3325 Deus
1442 3255 1635 3328 clementer
1650 3261 1834 3350 repressit,
1860 3286 2035 3332 arearum
2058 3267 2193 3337 refuta.

139 3361 324 3456 publicam
340 3361 603 3433 enarrationem
620 3354 840 3429 inchoarem.
874 3352 946 3427 Sed
965 3349 1143 3425 bancdu-
1192 3357 1244 3429 tio
1260 3357 1443 3428 veritatem
1466 3357 1669 3431 illustravit.
1720 3360 1874 3433 Memini
1898 3363 2036 3437 furores
2058 3370 2193 3439 multo-

140 3464 352 3536 bitationem
375 3462 461 3535 vicit
482 3466 624 3535 tandem
647 3461 818 3532 autoritas
832 3454 1032 3530 Clarissimi
1050 3454 1143 3542 Viri,
1193 3484 1285 3546 rum,
1301 3461 1364 3555 qni
1377 3483 1524 3553 prorsus
1535 3477 1652 3535 totum
1666 3464 1830 3534 ordinem
1844 3467 2030 3557 politicum
2042 3471 2192 3541 damna-

139 3562 290 3640 Domini
321 3563 488 3638 Doctoris
515 3564 729 3659 Hieronymi
763 3558 928 3643 Schurll,
967 3584 1072 3655 quem
1107 3571 1142 3629 et
1194 3566 1292 3647 bant,
1318 3563 1479 3655 imperia,
1503 3565 1740 3656 magistratus,
1766 3567 1872 3659 leges,
1897 3584 2109 3658 contractus,
2135 3575 2192 3647 iu-

139 3683 289 3764 propter
319 3669 547 3762 sapientiam,
592 3669 760 3738 virtutem
794 3678 828 3735 et
859 3662 1067 3757 gravitatem
1102 3663 1141 3731 in
1193 3667 1306 3753 dicia,
1330 3689 1472 3759 poenas.
1506 3665 1580 3738 Nec
1595 3682 1735 3741 tantum
1752 3694 1853 3741 error
1869 3667 2046 3757 lrpmanus
2062 3670 2191 3748 horum

139 3773 312 3844 omnibus
327 3771 465 3857 officiis,
490 3794 614 3842 omnes
632 3770 719 3841 boni
734 3769 804 3839 viri
817 3769 952 3862 ubique
968 3788 1143 3836 veneran-
1193 3782 1329 3840 mentes
1342 3783 1540 3861 occuparat,
1556 3772 1618 3865 qui
1633 3767 1720 3842 haec
1737 3788 1940 3866 portentosa
1955 3777 2189 3851 deliramenta

141 3888 221 3959 tur,
246 3889 280 3947 ct
297 3899 362 3967 ego
379 3889 524 3967 propter
542 3887 724 3966 paternam
746 3895 826 3963 erga
845 3896 902 3939 me
925 3869 1142 3940 benevolen-
1191 3873 1423 3965 spargebant,
1460 3875 1521 3944 scd
1545 3874 1742 3946 diabolicae
1770 3876 1885 3948 frenae
1918 3901 1978 3949 cos
2002 3882 2193 3971 agitabant,

139 3980 229 4051 tiam
257 3991 292 4051 et
313 3979 470 4069 ingentia
493 3976 663 4048 beneficia
690 3990 858 4070 tanquam
878 3986 1012 4065 patrem
1030 3972 1142 4062 diligo
1192 3990 1232 4047 ut
1254 3975 1327 4045 vita
1349 3969 1536 4046 hominum
1560 3978 1673 4067 magis
1703 3979 1929 4070 turbaretur,
1962 3996 1996 4053 et
2026 3986 2193 4054 tenebrae

141 4094 180 4154 et
195 4081 293 4162 colo,
320 4077 468 4176 Deoquc
485 4080 616 4173 gratias
630 4102 708 4170 ago,
734 4080 831 4173 quod
849 4073 946 4148 hunc
961 4071 1052 4145 mihi
1067 4099 1142 4145 non
1193 4077 1344 4148 maiores
1360 4079 1568 4170 religionem
1586 4080 1841 4175 opprimerent.
1893 4081 2192 4177 Proponebantur

140 4184 260 4256 solum
285 4178 393 4256 huius
415 4185 596 4256 doctrinae
625 4196 915 4265 monstratorem,
946 4180 1008 4248 sed
1034 4177 1143 4249 totius
1193 4180 1290 4252 enim
1314 4203 1451 4252 errores
1472 4182 1527 4252 illi
1548 4198 1732 4275 praetextu
1752 4185 1902 4256 eximiae
1917 4186 2070 4280 pietatis.
2120 4189 2191 4263 Sed

141 4288 237 4359 vitae
255 4301 426 4358 rectorem
442 4288 555 4358 dedit.
591 4281 664 4358 Nec
680 4284 776 4354 enim
791 4297 932 4355 tantum
946 4283 986 4351 in
1002 4281 1143 4353 discen-
1194 4284 1277 4354 vicit
1301 4298 1421 4355 tamen
1437 4285 1566 4354 veritas
1589 4286 1764 4358 illustrata
1785 4288 1981 4360 multorum
1998 4316 2103 4376 voce,
2128 4294 2192 4386 qui

140 4393 191 4463 do
207 4391 284 4461 eius
304 4390 449 4481 vestigia
463 4412 614 4484 sequor,
638 4401 673 4460 et
689 4386 813 4458 iudicii
831 4384 1081 4459 rectitudinem
1109 4397 1144 4457 ct
1192 4389 1425 4458 ostendemnt
1439 4387 1610 4458 fanaticos
1628 4388 1721 4474 illos,
1736 4414 1811 4460 non
1825 4393 1941 4462 solum
1959 4406 2108 4465 naturae
2124 4389 2191 4464 ho-

141 4493 407 4573 dexteritatem,
444 4506 479 4564 et
502 4491 662 4562 veritatis
684 4492 837 4561 tuendae
862 4512 984 4558 ruram
1008 4486 1145 4558 imitari
1193 4489 1351 4573 minum,
1375 4490 1437 4559 sed
1452 4489 1559 4560 etiam
1580 4487 1660 4563 Deo
1677 4491 1812 4565 bellum
1836 4494 2029 4585 intulisse,
2041 4520 2081 4565 ac
2094 4498 2194 4568 velut

142 4601 290 4682 studeo,
325 4597 448 4667 sedin
471 4595 546 4666 vita
571 4593 678 4665 ctiam
700 4593 740 4662 in
771 4592 935 4689 eligenda
960 4590 1144 4681 religionis
1194 4590 1368 4683 Gigantes
1396 4592 1546 4685 aggestis
1578 4594 1781 4681 montibus,
1816 4596 1956 4666 coelum
1987 4620 2193 4690 oppugnare

142 4699 317 4797 puritate,
341 4712 376 4770 et
398 4698 436 4768 in
459 4697 624 4790 regendis
648 4695 810 4767 moribus
836 4696 874 4765 in
899 4693 1037 4786 ipsum,
1063 4707 1144 4765 tan-
1193 4707 1338 4766 conatos
1357 4716 1442 4771 esse.
1491 4691 1573 4767 Etsi
1595 4708 1712 4767 autem
1730 4712 1855 4769 natura
1879 4697 1955 4791 ipsa
1969 4723 2036 4769 nos
2053 4702 2190 4795 perspi-

142 4828 251 4900 qnam
267 4804 305 4872 in
321 4802 504 4894 speculum
524 4801 678 4872 intueor.
698 4840 703 4847 ·
727 4797 798 4868 Hic
812 4822 894 4869 cum
908 4792 1000 4867 mihi
1021 4791 1145 4867 horta-
1194 4821 1259 4869 cue
1272 4799 1386 4884 docet,
1411 4798 1509 4868 nasci
1524 4793 1689 4871 homines
1703 4802 1748 4871 ad
1763 4799 1905 4870 civilem
1922 4801 2137 4885 societatem,
2159 4817 2194 4875 et

143 4920 204 4979 tor
218 4919 307 4977 esset
322 4904 499 4975 subeundi
515 4899 585 4974 hoc
600 4923 706 4992 onos,
731 4911 936 4971 reverenter
952 4898 1063 4992 ipsius
1079 4900 1145 4969 ad·
1194 4900 1337 4971 vincula
1367 4899 1545 4972 societatis
1575 4923 1650 4971 esse
1683 4901 1854 4994 imperia,
1895 4902 2008 4993 leges,
2051 4905 2194 4992 iudicia,

143 5005 343 5081 hortationi
360 5010 557 5100 parendum
572 5028 646 5076 esse
665 5003 799 5077 censui.
853 5001 1022 5097 ldqueeo
1039 5001 1145 5073 etiam
1194 5026 1343 5097 poenas:
1370 5017 1490 5074 umen
1515 5027 1590 5073 non
1614 5017 1752 5075 tantum
1771 5004 1953 5075 videamus
1965 5008 2053 5101 quid
2072 5034 2193 5080 neres-

142 5111 212 5184 feci
227 5109 410 5196 libentius,
434 5112 532 5204 qnod
547 5104 636 5181 mihi
654 5107 692 5176 in
709 5107 830 5176 eadem
847 5103 1055 5191 Academia,
1080 5103 1146 5175 ubi
1194 5107 1281 5177 sitas
1297 5104 1480 5192 docuerit,
1503 5107 1564 5176 sed
1581 5105 1684 5178 initia
1700 5108 1818 5196 legum
1834 5107 1942 5177 altius
1959 5126 2168 5205 repetamus.

143 5209 253 5288 huius
268 5213 399 5285 summi
414 5212 482 5283 viri
497 5236 658 5297 censura,
684 5233 770 5280 soce
798 5224 832 5280 et
858 5208 1009 5279 consilio
1028 5202 1147 5279 adhuc
1298 5206 1468 5281 Summae
1487 5222 1522 5280 et
1538 5209 1694 5302 optimae
1709 5233 1765 5279 res
1781 5209 1820 5278 in
1833 5225 1953 5282 mente
1967 5214 2091 5284 divina
2105 5238 2192 5284 con-

143 5315 264 5392 iurati
297 5338 459 5409 possum,
494 5314 648 5387 docendi
674 5335 808 5384 munus
838 5312 1051 5385 attributum
1082 5324 1146 5394 est,
1195 5308 1322 5383 ditrice
1347 5310 1487 5401 generis
1516 5305 1666 5382 humani
1693 5327 1799 5398 sunt,
1833 5314 2030 5407 sapientia,
2062 5316 2195 5387 discer-

144 5442 388 5514 msgnnmqne
402 5417 469 5491 Dei
485 5416 697 5489 beuebcim
712 5439 787 5487 esse
804 5415 908 5497 duco,
932 5414 1029 5509 qnod
1045 5426 1081 5486 et
1094 5426 1148 5487 tot
1196 5435 1288 5486 nens
1302 5408 1452 5487 honesta
1467 5426 1503 5486 et
1518 5415 1658 5508 turpia,
1681 5428 1717 5486 et
1733 5414 1888 5502 institia,
1913 5417 2062 5503 veritas,
2086 5418 2195 5488 bene-
2282 5430 2297 5459 ·

145 5547 265 5599 annos
284 5521 410 5596 audire
431 5514 531 5595 hune
551 5520 691 5605 sirum,
717 5531 755 5592 et
777 5517 1007 5599 nutrivere,
1040 5530 1077 5589 et
1090 5539 1146 5590 sa·
1197 5516 1361 5605 licentia,
1384 5516 1596 5693 clemeubtiss²
1618 5518 1771 5593 castitas.
1821 5515 1962 5589 Harum
1979 5519 2195 5613 optimarum
