4664 6022
561 349 724 426 huet„
773 346 848 425 DE
881 342 1224 422 DIGNITATE
1257 340 1476 420 LEGUM.
1970 351 2047 426 858

121 522 184 665 &L
820 521 993 642 Q
1050 512 1156 595 dam,
1189 509 1399 581 Romanum
1421 510 1478 582 ius
1499 512 1709 583 antecellere
1731 513 1869 606 legibus
1895 516 2046 588 aliarum

1050 613 1228 705 gentium,
1251 610 1304 683 ¹et
1335 637 1416 684 vere
1449 615 1628 709 quandam
1658 611 1928 710 Philosophiam
1960 644 2046 695 esse.

136 684 150 775 ,Ι
223 727 300 812 De
329 726 566 837 dignitate
595 725 768 834 legum,
1040 715 1133 819 ¹Scio
1160 715 1257 785 enim
1281 728 1364 787 ante
1379 715 1517 810 aliquot
1534 741 1665 804 annos,
1699 723 1877 813 quendam
1901 720 2046 793 ludaico

121 905 154 963 a
174 906 228 960 cn
582 898 589 913 ,
1052 817 1195 907 ingenio
1212 817 1426 911 praeditum,
1451 820 1673 891 contendisse
1693 816 1876 895 hic'etiam
1892 825 2047 917 publice,

121 901 395 1044 asmeh.M.'l.l›'.
406 899 837 1042 ἓξὲᾟᾮυᾶ“ῃιῑζῗ]ζξ“”ξᾘζ
848 893 1003 1036 ¹9¹3„ng
1050 945 1125 991 non
1143 921 1248 991 licere
1261 916 1475 992 Christianis
1487 916 1643 993 Ethnico
1658 914 1815 1013 hirsuti,
1842 927 1923 1021 quia
1938 923 2047 998 Chri-

121 1045 266 1129 taeasctom
286 1038 511 1124 toytttftsrouot.
530 1036 786 1123 wipponem-Met.
804 1056 848 1092 sn.
865 1036 941 1090 teat.
962 1043 1003 1088 ess
1050 1024 1185 1095 stianos
1206 1036 1368 1116 oporteat
1388 1024 1498 1093 verbo
1515 1025 1586 1095 Dei
1604 1027 1808 1115 gubernari.
1857 1026 1984 1100 Postea
2006 1029 2045 1098 in

121 1125 215 1189 θ’θ’*
251 1112 342 1170 3¹¹⁸⁰¹
359 1111 446 1165 ’Μ’
461 1119 616 1181 ’ΨΜ
632 1107 873 1164 pandentes.
889 1103 966 1159 ¹⁵⁴³·
1050 1126 1204 1218 publicis
1236 1125 1469 1196 concionibus
1504 1129 1722 1200 damnabant
1747 1131 1825 1201 eius
1857 1143 2046 1202 sectatores

1050 1252 1203 1322 poenam
1224 1229 1390 1299 usitatam
1412 1229 1520 1315 furti,
1546 1241 1579 1301 et
1600 1230 1769 1327 pleraque
1792 1234 1860 1305 alia
1884 1235 2045 1305 instituta

1050 1331 1169 1403 civilia
1187 1331 1329 1423 imperii
1347 1326 1477 1402 horum
1493 1345 1708 1424 temporum.
1758 1334 1872 1407 Porro
1891 1332 1956 1406 hae
1979 1337 2046 1409 tri·

132 1442 174 1513 in
188 1442 263 1512 vita
282 1439 407 1511 utilius
424 1450 494 1522 est,
520 1459 627 1530 quam
643 1434 799 1504 inserere
819 1445 925 1524 atque
941 1428 1000 1497 in·
1051 1434 1211 1504 bonitiae
1234 1435 1353 1524 legum
1375 1435 1624 1526 abrogationes
1645 1450 1680 1506 et
1700 1437 1855 1509 iniustae
1878 1453 1982 1524 suot,
2011 1452 2046 1511 et

121 1570 146 1616 e
170 1544 301 1618 animis
325 1544 456 1612 bonam
479 1551 515 1611 et
537 1533 770 1608 honorificam
793 1534 1001 1626 opinionem
1050 1536 1260 1607 concutiunt
1285 1534 1445 1627 Respub.
1476 1551 1518 1608 ut
1551 1552 1698 1609 eventus
1724 1540 1763 1609 in
1792 1541 1857 1610 illo
1892 1541 2045 1612 terribili

122 1649 239 1741 gibus.
289 1645 363 1716 Nec
384 1645 460 1715 ulla
492 1641 607 1712 maior
634 1653 687 1710 est
711 1638 804 1709 vitae
830 1660 871 1706 ac
893 1634 1002 1706 morti
1051 1653 1150 1710 motu
1173 1639 1271 1729 vulgi
1295 1652 1377 1710 ante
1396 1663 1510 1710 annos
1533 1642 1704 1711 tredecim
1727 1644 1896 1714 ostendit.
1952 1641 2047 1717 Sunt

122 1753 197 1838 des,
221 1773 329 1846 quam
352 1748 567 1818 assuefacere
584 1742 724 1813 animos
740 1742 786 1811 ad
805 1741 900 1829 leges
915 1761 1001 1809 con·
1050 1754 1085 1813 et
1108 1737 1215 1812 hodie
1240 1742 1279 1810 in
1302 1742 1613 1814 administratione
1630 1744 1812 1815 civitatum
1835 1770 1909 1815 non
1928 1747 2045 1840 pauci,

122 1856 286 1927 odasaut
304 1850 531 1922 cauillandos.
583 1844 680 1916 Haec
704 1867 807 1935 saepe
829 1840 1002 1912 inculcari
1050 1869 1204 1938 quorum
1242 1844 1479 1915 conscientiae
1520 1846 1776 1937 superstitiosis
1812 1849 2046 1940 opinionibus

122 1957 263 2033 senuas
285 1952 430 2026 cum'sit
452 1951 701 2027 utilissimum,
727 1959 822 2017 recte
844 1944 921 2015 lieri
945 1944 1002 2012 iu·
1050 1948 1274 2031 cruciantur,
1305 1947 1483 2040 quianon
1508 1960 1601 2018 recte
1624 1949 1807 2020 institutae
1829 1965 1913 2021 sunt
1930 1954 1975 2021 de
1990 1975 2047 2022 re·

131 2061 231 2157 'stood
251 2060 291 2129 in
316 2052 373 2126 his
395 2053 661 2147 promotionum
677 2048 885 2142 spectaculis
898 2069 1002 2137 saepe
1051 2074 1130 2120 rum
1151 2049 1379 2140 politicarum
1401 2072 1480 2120 usu.
1529 2048 1604 2120 Nec
1625 2044 1665 2119 hi
1687 2075 1824 2124 errores
1850 2078 1948 2123 nunc
1973 2054 2048 2146 pri·

129 2175 380 2256 argumentum
409 2160 454 2228 de
478 2156 651 2246 dignitate
673 2152 792 2242 legum
818 2150 1001 2241 repetitur.
1050 2176 1149 2222 mum
1164 2166 1371 2236 nascuntur,
1397 2164 1514 2222 vetera
1532 2149 1795 2226 Monachorum
1813 2157 2045 2228 deliramenta

123 2278 159 2341 tl
175 2261 361 2337 honestius
376 2273 446 2345 est,
474 2284 581 2354 quam
601 2257 803 2348 praedicare
819 2266 855 2323 et
872 2272 1002 2323 ornare
1050 2267 1154 2340 sunt,
1186 2279 1276 2348 quae
1298 2251 1473 2324 Diabolus
1496 2278 1593 2325 nunc
1616 2256 1713 2325 velut
1745 2257 1900 2349 sopitum
1929 2259 2047 2349 ignem

122 2364 202 2455 ttai,
227 2369 320 2439 etad
337 2388 458 2435 earum
480 2386 599 2432 rerum
616 2358 835 2430 intellectum
851 2369 888 2427 et
901 2378 1003 2426 reve·
1051 2379 1175 2427 rursus
1193 2357 1374 2442 exuscitas,
1399 2369 1439 2427 ut
1457 2356 1547 2426 solet
1562 2359 1701 2427 easdem
1719 2354 1879 2431 haereses
1892 2361 2047 2431 subinde

122 2456 364 2544 mauscitare
378 2465 579 2557 imperitam
596 2460 887 2543 adolescentiam,
912 2479 1002 2551 quae
1055 2483 1239 2529 renovare.
1291 2456 1413 2548 Quare
1441 2461 1585 2551 prodest
1607 2459 1755 2531 iuvenes
1776 2463 1988 2549 admonere,
2013 2476 2048 2535 et

122 2574 232 2647 terite
248 2569 482 2645 utilissimae?
506 2564 582 2639 Aut
597 2588 749 2660 quarum
767 2585 886 2633 rerum
904 2584 1002 2631 com-
1052 2576 1093 2633 ut
1119 2563 1163 2631 de
1189 2556 1255 2631 hac
1282 2561 1489 2654 quaestione
1514 2562 1645 2633 rectius
1669 2562 1848 2647 iudicent,
1882 2578 1919 2636 et
1940 2579 1982 2636 ut
2007 2565 2045 2635 in

131 1298 147 1363 ,·
211 1276 273 1348 De
298 1271 489 1373 dignitate
515 1271 638 1370 legum
659 1275 792 1343 oratio.

123 2679 262 2755 ratione
295 2674 414 2768 potius
445 2692 636 2765 personare
662 2669 851 2738 doctorum
883 2675 1003 2734 coetus
1051 2663 1278 2754 dogmatibus
1299 2664 1500 2735 iudicandis
1524 2686 1627 2735 verae
1647 2661 1827 2737 Ecclesiae
1856 2667 2048 2739 sententias
2172 2714 2177 2722 -

123 2792 158 2871 li,-
180 2805 288 2877 qnam
302 2773 360 2848 his
376 2773 619 2857 sermonibus,
643 2770 706 2866 qui
722 2779 870 2861 prosunt
884 2767 1002 2837 ador·
1052 2766 1251 2837 consulant
1292 2762 1347 2836 Ac
1363 2766 1520 2858 primum
1535 2766 1670 2838 diluam
1687 2783 1933 2859 argumentum
1949 2770 2049 2864 quod

123 2884 327 2978 mgloriam
341 2879 429 2963 Dei,
446 2889 481 2948 et
495 2877 540 2946 ad
554 2873 779 2966 disciplinam
797 2868 1004 2952 iuventutis,
1053 2869 1267 2962 opponitur,
1301 2861 1526 2940 Christianos
1555 2871 1750 2959 gubernari
1778 2873 2047 2943 deberem-b„

123 2988 213 3061 rtim
238 3009 318 3057 cum
340 2984 567 3054 indoctorum
589 2976 816 3047 etmalorum
838 2994 1003 3061 congres-
1053 2971 1139 3058 Dei3
1162 2994 1271 3065 quare
1288 2973 1522 3056 contendunt,
1547 2995 1637 3065 opus
1653 2997 1728 3051 esse
1743 2975 1918 3067 scriptura
1936 2974 1976 3044 in
1991 2974 2049 3045 iu-

123 3085 449 3165 ffld‘nlfflssvlllss
469 3080 611 3172 ledum?
647 3073 701 3151 Ᾱῦ
722 3071 810 3146 mihi
837 3098 940 3166 saepe
963 3073 1002 3141 ln
1052 3074 1155 3146 diciis
1179 3073 1356 3146 civilibus.
1406 3071 1582 3165 Expedita
1607 3089 1643 3146 et
1666 3075 1774 3168 plana
1798 3077 1981 3172 responsio
1997 3088 2049 3147 est

124 3218 163 3269 ut
178 3191 294 3272 venit,
320 3185 407 3262 haec
426 3183 581 3257 convitia
598 3204 673 3250 non
696 3192 834 3249 tantum
857 3199 898 3245 es
914 3198 1000 3269 qua·
1053 3180 1097 3247 de
1122 3176 1299 3266 corporali
1321 3175 1412 3255 vita,
1437 3188 1477 3249 ut
1500 3178 1545 3245 de
1566 3177 1673 3261 cibis,
1706 3179 1904 3265 medicina,
1928 3174 2049 3249 archi-

123 3296 293 3373 tominum
311 3289 451 3364 iusticia
472 3301 535 3359 aut
559 3281 800 3376 imprudentia
816 3279 916 3364 oriri,
940 3278 1002 3346 sed
1053 3278 1237 3350 tectonica.
1279 3270 1502 3348 Christianos
1515 3278 1620 3347 etiam
1634 3279 1827 3367 gubernari
1843 3283 1952 3351 verbo
1967 3281 2050 3366 Dei,

123 3450 128 3471 .
146 3422 170 3471 a
189 3394 344 3470 Diabolo
369 3407 538 3484 tanquam
561 3385 694 3478 spicula
721 3383 766 3453 ad
796 3380 1005 3453 sauciandos
1052 3383 1112 3451 sed
1129 3379 1306 3468 generali,
1332 3403 1404 3471 quo
1417 3378 1503 3448 sinit
1519 3403 1621 3451 usum
1639 3374 1766 3451 harum
1784 3406 1903 3452 rerum
1917 3407 2049 3475 appro-

131 3508 284 3584 mres,
304 3513 344 3570 ut
357 3498 475 3586 legum
493 3487 689 3562 reverentia
706 3485 942 3574 extinguatur,
968 3494 1004 3551 et
1054 3485 1175 3554 batum
1191 3503 1264 3551 esse
1278 3504 1298 3550 a
1314 3479 1403 3566 Deo,
1425 3479 1497 3550 imo
1513 3474 1577 3551 has
1593 3482 1687 3574 ipsas
1699 3506 1757 3554 res
1769 3479 1840 3554 Dei
1855 3486 1949 3555 dona
1963 3509 2049 3569 esse,

123 3616 179 3679 tur
198 3600 383 3694 dissipatio
406 3595 635 3685 disciplinae,
666 3614 758 3684 quae
782 3601 816 3659 et
837 3583 1003 3676 religioni
1053 3584 1196 3656 condita
1213 3584 1259 3653 ad
1274 3606 1377 3654 usum
1394 3596 1569 3656 nostrum.
1621 3582 1808 3657 Caeterum
1827 3599 1870 3658 ut
1890 3587 2049 3657 medicus

124 3705 309 3802 squillitati
325 3697 507 3773 communi
522 3706 659 3767 noceat.
710 3689 778 3763 Est
799 3703 918 3761 autem
935 3710 1004 3756 no-
1054 3713 1115 3760 seu
1137 3681 1352 3758 architectus
1369 3709 1446 3755 non
1467 3701 1613 3758 sumunt
1629 3701 1815 3781 praecepta
1831 3712 2049 3760 suammar-

124 3810 293 3903 sciatque
316 3803 446 3887 officii,
477 3798 648 3871 revellere
670 3796 732 3867 illa
755 3792 912 3886 spicula,
936 3783 1004 3860 hoc
1054 3792 1144 3862 tium
1167 3789 1436 3881 exscriptoris,
1463 3790 1512 3860 ita
1540 3814 1606 3860 nec
1627 3790 1863 3881 legislatorem
1879 3793 1925 3861 (ιθ
1943 3792 2049 3862 rehu,

124 3912 214 3987 'atses
234 3906 482 4004 persuasiones
507 3925 548 3974 ex
573 3898 703 3970 animis
719 3893 936 3979 hominum,
970 3906 1005 3962 et
1055 3891 1209 3987 politicis
1223 3915 1314 3984 opus
1329 3905 1398 3977 est,
1423 3904 1563 3982 praeter
1579 3894 1778 3983 generalem
1794 3892 1963 3983 regulam,
1988 3917 2049 3963 su-

124 4016 291 4098 ratium,
324 4025 400 4081 tum
421 4003 591 4098 exemplis
614 4002 791 4073 illustrare
814 4011 920 4092 atque
943 4018 1004 4064 or·
1055 4020 1151 4067 mere
1166 3995 1278 4088 ipsam
1295 4007 1406 4064 artem
1420 4018 1461 4064 ex
1475 3995 1663 4086 scriptura.
1703 3993 1794 4065 Nam
1810 3991 2047 4086 Evangelium

124 4130 226 4211 (Μ
248 4141 288 4187 ⁸0
310 4112 397 4185 lffll‘
412 4107 641 4198 dldsslltl‘ffls
665 4128 705 4174 δῦ
727 4102 881 4173 relinere
896 4096 1004 4169 (fitti-
1054 4123 1135 4170 cum
1161 4098 1305 4191 proprie
1330 4096 1563 4168 concionetur
1584 4099 1628 4167 de
1650 4109 1791 4168 aeterua
1816 4111 1849 4168 et
1869 4097 2049 4190 spirituali

124 4232 341 4316 aquantum
364 4233 563 4307 possumus.
621 4206 714 4279 Cum
744 4205 854 4294 igitur
873 4202 914 4271 in
936 4195 1005 4271 hoc
1054 4204 1146 4286 vita,
1171 4224 1246 4273 non
1260 4210 1397 4283 mutat,
1422 4221 1496 4267 non
1519 4198 1682 4273 labefacit
1703 4200 1967 4286 oeconomiam,
1988 4212 2049 4270 aut

124 4324 203 4397 ilius
221 4323 277 4392 vir
301 4317 517 4389 clarissimus
538 4310 583 4384 Ι).
598 4309 733 4382 Doctor
749 4305 1004 4399 Hieronymus,
1054 4303 1236 4398 politicam
1252 4301 1379 4384 vitam,
1406 4324 1497 4395 quae
1514 4302 1644 4374 cauata
1666 4303 1712 4374 ,d
1730 4302 1917 4374 saurgom
1931 4302 2049 4372 cordi,

128 4425 333 4497 non'solum
352 4431 497 4513 propter
510 4413 680 4486 beneficia
696 4434 787 4504 quae
801 4409 841 4477 in
855 4430 913 4478 me
929 4405 1006 4498 pri-
1055 4418 1194 4490 motus,
1219 4402 1410 4496 persimilis
1432 4415 1484 4474 est
1504 4404 1641 4478 domui.
1677 4402 1836 4477 Utenim
1850 4406 1979 4474 domus
1997 4418 2048 4472 est

138 4528 292 4603 contulit
315 4523 486 4617 plurima,
511 4519 572 4588 scd
596 4516 701 4589 etiam
724 4524 871 4604 propter
891 4507 1006 4579 excel·
1055 4504 1226 4598 singulari
1249 4518 1323 4577 arte
1347 4519 1522 4591 extructa,
1543 4519 1624 4598 apte
1646 4506 1860 4596 contignatis
1880 4505 2048 4576 omnibus

124 4658 140 4705 s
156 4633 324 4703 virtutem
339 4640 376 4697 et
387 4622 587 4695 doctrinam
602 4639 767 4701 veneror,
784 4628 819 4687 et
834 4626 1004 4703 tanquam
1055 4610 1234 4706 partibus,
1259 4631 1300 4677 ac
1321 4607 1409 4697 tegit
1429 4602 1602 4700 hospitem
1617 4610 1784 4680 adversus
1802 4620 2047 4700 tempestatum

125 4736 261 4817 orolo,
287 4727 494 4821 gravissime
511 4746 577 4793 nos
590 4713 801 4791 adhortatus
818 4715 865 4788 sit
882 4735 1006 4785 omnes
1055 4713 1225 4796 iniurias,
1249 4710 1384 4779 interea
1399 4722 1520 4781 tamen
1538 4706 1688 4804 hospitis
1708 4712 1848 4780 animus
1863 4734 1938 4781 noo
1955 4710 2047 4780 intra

125 4837 302 4910 'erentiam
319 4834 448 4920 legum,
474 4826 603 4897 deinde
621 4823 729 4893 etiam
743 4819 925 4892 auditores
937 4840 1007 4885 no-
1055 4812 1122 4886 hos
1143 4814 1293 4907 parietes
1309 4805 1534 4897 cohortetur,
1556 4816 1616 4885 sed
1638 4813 1764 4886 tacitus
1781 4814 1826 4882 de
1838 4812 1905 4885 Dei
1919 4813 2048 4882 volun.

125 4943 160 5013 sd
171 4935 394 5029 diligentiam
410 4932 448 5001 in
459 4928 641 5011 discendo,
667 4919 744 5013 Ego
761 4918 831 4992 hoc
846 4935 1005 5010 tempore
1056 4932 1126 4990 tate
1143 4930 1179 4989 et
1195 4918 1238 4985 de
1253 4914 1461 4986 aeternitate
1479 4915 1653 5005 cogitans,
1677 4914 1802 5007 procul
1820 4928 1989 5009 tanquam
2007 4913 2047 4984 in

129 5053 400 5133 argumentum,
424 5033 491 5104 etsi
507 5031 686 5109 vicinum,
712 5046 861 5095 sumam.
912 5019 1007 5092 Tra·
1056 5020 1194 5102 sermm
1217 5018 1396 5101 sublevat3
1428 5017 1629 5089 considerat
1649 5017 1746 5087 enim
1768 5017 1930 5089 omniurn
1952 5026 2047 5086 aeta·

126 5147 224 5219 enim
238 5136 482 5213 scholasticam
498 5130 774 5225 disputationem
790 5126 915 5197 utilem
931 5137 1007 5193 stu·
1056 5138 1133 5195 tum
1154 5120 1385 5202 mutationes,
1412 5119 1627 5208 religionum
1649 5133 1749 5192 ortus
1767 5143 1808 5192 ac
1829 5118 2047 5199 discrimina,

130 5304 143 5336 ,
169 5247 271 5343 'quod
291 5237 509 5315 Christianis
530 5259 604 5305 non
627 5233 674 5302 sit
695 5228 931 5301 necessarium
953 5224 1007 5295 uti
1055 5223 1290 5317 imperiorum
1313 5221 1426 5309 vices,
1452 5221 1568 5293 tristes
1592 5244 1703 5305 casus,
1730 5222 1861 5316 quibus
1875 5217 1960 5291 haec
1977 5214 2048 5288 hu.

125 5376 149 5425 ts
163 5347 344 5425 Moesicis,
366 5345 426 5413 sed
442 5341 543 5434 quod
555 5339 660 5407 liceat
674 5334 727 5405 uti
742 5331 890 5421 legibus,
916 5351 1007 5421 quae
1056 5350 1161 5396 mana
1187 5339 1314 5397 natura
1338 5325 1491 5395 obnoxia
1517 5338 1586 5409 est,
1624 5337 1659 5395 et
1678 5349 1696 5392 e
1712 5325 1855 5415 regione
1876 5321 2046 5394 beneficis

126 5469 247 5527 murae
261 5460 518 5521 consentaneae
534 5455 637 5524 sunt,
658 5434 799 5508 etiamsi
812 5434 857 5503 ab
874 5426 1006 5502 Etbni-
1057 5425 1209 5513 chrissi;
1250 5427 1407 5520 denique
1431 5442 1466 5499 et
1492 5428 1537 5496 de
1558 5420 1625 5496 hac
1647 5427 1724 5519 ipsa
1744 5428 1852 5497 domo
1877 5425 2046 5516 cogitans,

126 5553 356 5648 agisuatibus-
379 5546 545 5627 conditae
566 5555 664 5615 sunt.
723 5536 864 5611 Deinde
886 5546 1007 5604 osten·
1030 5592 1035 5606 .
1057 5532 1209 5605 mirator
1238 5527 1439 5704 opificziprp,
1472 5541 1507 5601 et
1540 5528 1700 5620 agnoscit
1730 5528 1837 5600 etiam
1868 5523 2046 5622 corporali
