4664 6022
140 296 194 374 ss
234 402 238 411 Ι
637 280 796 361 nucu.
826 276 904 359 on
935 275 1210 365 rucomo
1240 275 1689 377 nuoounurmn.
1821 246 1825 253 ’
2136 284 2188 363 as

144 493 220 552 tum
245 496 323 544 non
340 455 556 559 absolute')
577 453 756 547 Theologi
776 458 966 544 videntur,
990 480 1071 529 cum
1093 456 1139 527 de
1186 461 1251 526 'rae
1274 456 1490 551 eripiuntur.
1540 455 1632 528 Nam
1654 458 1802 552 reliquis
1824 458 1950 549 poenis
1971 458 2024 551 pii
2045 485 2189 556 quoque

146 574 362 675 gravissimis
383 571 490 640 rebus
512 561 679 636 obscoeni
699 555 879 647 homines,
904 560 1047 652 impuro
1066 584 1140 639 ore,
1191 582 1364 630 nonraro
1380 559 1610 630 mulctantur.
1661 559 1710 631 At
1725 563 1907 630 literarum
1924 562 2101 635 inscitiam
2118 588 2188 655 pu.

145 681 247 753 nulla
267 674 439 764 religione
461 668 654 759 disputent.
715 659 867 734 Etcum
891 677 984 733 vetet
1007 660 1140 733 Paulus
1191 662 1284 731 blica
1298 662 1488 732 comitatur
1504 662 1678 752 impietas.
1727 663 1851 755 Nuper
1867 688 1949 733 vero
1972 688 2052 735 cum
2075 667 2190 758 respi-

145 752 365 875 xuatalstlasv
387 768 499 872 λόγον
521 768 634 852 θεοῦ,
660 788 767 835 nemo
791 765 1035 857 impudentius
1056 787 1140 834 cau·
1192 786 1281 833 cere·
1294 763 1444 835 afflictos
1466 763 1594 834 itemm
1622 765 1791 856 coepisset
1808 767 1963 857 optimus
1983 765 2108 853 Pater,
2133 792 2190 838 es-

145 897 303 981 ponatnr
318 878 467 949 verbum
486 871 575 955 Dei,
600 891 707 963 quam
723 863 781 952 bi,
809 867 967 960 quicum
982 889 1048 935 nec
1061 890 1142 934 mo·
1193 878 1313 959 setque
1328 866 1531 936 redditurus
1546 867 1653 935 nobis
1667 866 1913 957 Evangelium,
1938 892 2080 960 prosus
2097 871 2190 941 libe.

147 990 270 1071 ribus,
297 1005 364 1052 nee
386 974 587 1049 eruditione
616 971 719 1041 bonis
749 992 785 1039 se
813 971 964 1061 probare
993 967 1141 1060 possint',
1192 966 1379 1038 ralitateet
1393 969 1515 1037 literas
1529 971 1692 1053 restituit,
1716 972 1846 1062 quibus
1859 967 2046 1060 Evangelii
2060 984 2190 1043 tracta·

147 1089 247 1179 vulgi
269 1088 446 1164 favorem,
470 1076 582 1167 impia
607 1096 787 1142 sacrarum
810 1071 993 1140 literarum
1012 1083 1142 1141 tracta·
1194 1069 1243 1140 tio
1265 1072 1506 1141 adiuvaretur.
1567 1070 1639 1140 Nec
1662 1072 1773 1160 magis
1792 1097 1926 1141 novum
1947 1073 2062 1142 videri
2083 1076 2191 1146 dehet

141 1194 477 1267 tioneemerentur.
513 1177 612 1267 Quid
627 1173 764 1244 multa?
789 1174 909 1243 videas
925 1196 983 1242 eos
998 1173 1142 1262 adsper-
1194 1175 1329 1242 donum
1343 1172 1545 1261 linguarum
1564 1168 1745 1264 Apostolis
1760 1174 1945 1259 collatum,
1967 1200 2073 1268 quam
2091 1179 2190 1270 quod

149 1294 230 1368 nari
247 1291 367 1361 literas
379 1295 536 1365 nostras,
562 1277 693 1372 quibus
709 1300 763 1345 res
777 1274 892 1345 bonae
906 1270 1144 1366 honestaeque
1194 1271 1260 1343 bae
1287 1300 1306 1345 a
1329 1288 1429 1344 tanto
1453 1273 1616 1368 squalore
1643 1289 1822 1369 receptae,
1855 1301 1896 1346 ex
1928 1278 2083 1348 tenebris
2110 1279 2190 1369 plus

149 1416 290 1477 omnes,
315 1387 445 1481 quibus
460 1383 587 1474 pietas,
612 1379 743 1472 quibus
757 1400 874 1447 mores
891 1376 1044 1469 publici,
1069 1375 1142 1444 imo
1196 1400 1302 1470 quam
1323 1377 1484 1447 tartareis
1505 1378 1543 1444 in
1564 1377 1678 1446 lucem
1704 1391 1885 1449 revocatae
1908 1392 2002 1451 sunt.
2053 1378 2130 1450 Nee
2151 1381 2190 1451 in

149 1498 281 1594 quibus
295 1485 458 1564 Christus
474 1486 549 1573 ipse
564 1481 684 1551 fabula
700 1494 762 1552 est.
816 1478 857 1547 ln
875 1502 981 1572 qnos,
1008 1478 1142 1545 sibene
1195 1481 1346 1548 obscuro
1369 1491 1440 1564 est,
1466 1479 1572 1547 bonis
1592 1480 1804 1571 quibusdam
1823 1481 1909 1549 viris
1931 1482 2063 1552 auxilio
2078 1481 2189 1553 'luisse

135 1594 377 1672 ¹constitutam
404 1584 614 1658 haberemus
645 1580 937 1672 Rempublicam‚
976 1602 1050 1648 non
1077 1601 1144 1647 nos
1197 1581 1380 1650 literarum
1415 1580 1615 1665 scientiam,
1657 1582 1694 1650 iu
1729 1579 1926 1672 Tlreologia
1959 1582 2190 1655 restituenti.¹

152 1701 333 1778 oratione,
391 1691 451 1759 sed
491 1688 529 1755 vi
569 1684 799 1773 Magistratus
839 1683 1144 1752 animadverteret.
1196 1680 1356 1751 Primum
1374 1682 1491 1774 itaque
1506 1682 1725 1770 ingratitudo
1739 1684 1864 1767 fuerit,
1888 1686 2035 1755 coeleste
2051 1687 2189 1757 donum

151 1803 270 1893 Quam
288 1794 382 1867 enim
399 1812 537 1861 crucem
553 1811 627 1856 non
643 1799 824 1854 merentur
839 1779 888 1868 hi,
913 1784 976 1876 qui
991 1797 1028 1852 ut
1043 1806 1143 1874 prae·
1196 1785 1420 1875 adspernari,
1447 1785 1576 1853 deinde
1595 1800 1676 1853 cum
1691 1786 1860 1855 beneficio
1880 1786 2064 1856 literarum
2086 1790 2190 1860 resti.

150 1920 245 1977 terea
259 1894 354 1969 nihil
371 1906 525 1985 peccent,
542 1889 702 1978 exemplo
717 1911 781 1957 suo
796 1889 1016 1956 iuventutem
1030 1910 1048 1952 a
1062 1885 1143 1954 lite·
1197 1899 1270 1955 tuta
1288 1888 1358 1956 sint
1373 1908 1490 1984 sacra,
1516 1886 1620 1976 impii
1637 1888 1760 1967 simus,
1787 1888 1817 1954 si
1833 1889 1968 1959 nullam
1985 1884 2115 1959 harum
2133 1916 2190 1961 ra-

151 2009 202 2077 ris
231 1996 405 2073 avocant?
443 1993 545 2082 Quae
576 1990 645 2057 nisi
670 1989 871 2072 discantur,
904 1986 1143 2079 posteritatem
1196 1987 1329 2056 tionem
1358 1983 1564 2072 habeamus,
1591 1989 1667 2055 sine
1695 1989 1825 2082 quibus
1847 2004 1938 2059 stare
1968 2014 2024 2059 res
2048 1987 2189 2064 theolo-

151 2130 273 2179 sumus
289 2097 449 2170 habituri
463 2089 579 2163 nihilo
596 2091 770 2160 saniorem
789 2089 1031 2180 superioribus
1044 2112 1145 2157 secu·
1195 2090 1270 2178 gira
1300 2113 1374 2158 non
1402 2102 1527 2180 potest.
1582 2087 1630 2159 Et
1657 2104 1696 2159 ut
1723 2092 1843 2181 paucis
1875 2115 2066 2182 exponam,
2101 2096 2187 2188 quid

151 2211 215 2294 lis,
242 2228 323 2275 cum
345 2202 527 2269 literarum
548 2192 725 2284 imperitia
749 2215 803 2259 res
825 2214 947 2260 omnes
971 2187 1145 2259 humanas
1196 2192 1348 2260 iudicem
1368 2192 1411 2259 ad
1439 2214 1616 2261 sacrarum
1632 2192 1813 2263 literarum
1834 2196 2079 2265 tractationem
2101 2222 2187 2268 con·

112 2303 115 2308 ’
154 2336 195 2382 ac
217 2306 358 2377 divinas
381 2299 632 2370 labefactasset.
686 2291 786 2381 Quin
808 2293 917 2381 igitur
937 2291 986 2360 sic
1013 2293 1146 2380 cogita·
1195 2295 1286 2362 serre
1312 2292 1514 2380 linguarum
1546 2293 1747 2374 seientiam,
1780 2319 1855 2364 non
1886 2319 1963 2367 sum
1996 2297 2035 2366 in
2062 2324 2105 2368 eo
2135 2324 2185 2371 er.

153 2433 253 2495 mus,
278 2406 366 2477 olim
395 2425 474 2471 cum
498 2396 702 2487 gravissime
726 2407 947 2465 succenseret
966 2390 1145 2462 Ecclesiae
1197 2420 1295 2479 rore,
1333 2408 1373 2463 ut
1403 2389 1551 2463 humani
1584 2396 1720 2485 ingenii
1747 2398 1921 2468 industria
1952 2422 2051 2470 sacra
2081 2425 2187 2492 pene-

152 2512 268 2591 Deus‚
293 2518 428 2595 ereptas
452 2524 525 2570 esse
547 2499 686 2576 literas,
713 2509 831 2565 secuta
849 2510 901 2567 est
917 2508 953 2566 et
967 2518 1145 2566 sacrarum
1198 2498 1281 2566 trari
1304 2509 1466 2569 statuam.
1526 2493 1620 2567 Sunt
1645 2498 1684 2566 in
1710 2500 1833 2584 sacris,
1854 2525 1955 2593 quae
1982 2503 2053 2570 nisi
2085 2528 2185 2574 mon.

153 2612 305 2687 inscitia.
356 2604 447 2675 Nam
466 2626 547 2672 cum
568 2599 699 2668 nostris
715 2598 830 2667 verbis
853 2598 953 2691 loqui
969 2594 1066 2667 Deus
1082 2624 1147 2666 vo·
1196 2612 1328 2671 strante
1346 2597 1422 2670 Deo
1446 2621 1551 2668 nemo
1572 2624 1730 2693 unquam
1753 2616 1889 2672 cernat:
1916 2627 1981 2672 nec
1997 2604 2186 2677 innotescit

153 2715 281 2793 luerit,
305 2711 350 2778 de
364 2726 528 2776 sermone
544 2702 668 2771 divino
691 2701 809 2790 inepte
829 2701 1064 2770 iudicaverint
1077 2701 1146 2768 im·
1197 2703 1300 2771 nobis
1317 2696 1496 2786 Christus,
1523 2700 1594 2770 nisi
1609 2704 1731 2774 doceat
1746 2703 1901 2796 Spiritus
1924 2719 2078 2778 sanctus.
2133 2706 2185 2781 Sic

155 2816 259 2912 periti
275 2813 404 2882 artium
422 2804 575 2876 dicendi.
608 2802 720 2872 Porro
736 2826 826 2894 quae
841 2803 913 2871 illis
928 2804 1147 2893 temporibus
1197 2806 1291 2873 enim
1300 2799 1464 2874 Christus
1480 2805 1554 2897 ipse
1570 2804 1701 2898 inquit,
1715 2832 1734 2876 a
1750 2808 1877 2897 spiritu
1892 2831 1929 2876 se
1944 2803 2185 2904 δοξασθῆναι.

156 2918 303 2991 caecitas
317 2924 452 2982 mentes
468 2904 655 2977 hominum
670 2905 835 2974 tenebat?
860 2899 1043 2974 Christum
1056 2931 1146 2998 quo·
1192 2906 1331 2975 -Verurn
1355 2918 1493 2998 praeter
1513 2903 1753 2998 prophetiam,
1780 2910 1833 2978 vis
1848 2911 2039 2980 verborum
2057 2937 2185 3004 cogno-

100 3078 104 3085 .
155 3016 364 3115 susquisque
388 3010 513 3080 norat?
546 3005 622 3076 lmo
647 3001 787 3076 chartae
803 3007 872 3075 iam
891 3007 1146 3092 obsoleverant,
1197 3010 1324 3077 scenda
1348 3020 1418 3093 est,
1449 3008 1640 3101 inquibus
1663 3024 1832 3104 tanquam
1860 3013 1899 3080 in
1923 3014 2078 3083 sacrario
2101 3039 2184 3108 quo-

103 3116 108 3124 ’
156 3123 287 3221 quibus
326 3114 600 3185 continebantur
638 3132 746 3182 sacra.
807 3104 987 3177 Articulos
1018 3107 1146 3178 Parisii
1197 3112 1292 3192 dam,
1318 3111 1440 3180 divina
1455 3110 1620 3205 mysteria
1638 3114 1818 3183 recondita
1835 3127 1928 3184 sunt.
1976 3113 2077 3203 Quid
2094 3117 2181 3187 enim

155 3223 376 3302 condebant,
401 3213 489 3308 quos
508 3214 650 3281 interim
667 3211 841 3289 mundus,
868 3225 1036 3302 tanquam
1054 3213 1148 3280 divi·
1198 3213 1315 3281 sinon
1339 3212 1516 3284 intellecta
1538 3214 1645 3283 verba
1667 3216 1803 3304 magico
1827 3239 1926 3285 more
1950 3218 2183 3308 pronuncies?

154 3350 219 3398 nas
232 3326 326 3413 leges
342 3318 526 3386 adorabat:
553 3313 653 3403 pium
667 3306 760 3380 nibil
775 3324 866 3395 erat,
892 3312 960 3379 nisi
979 3314 1073 3405 quod
1093 3314 1146 3381 illi
1196 3338 1317 3383 nonne
1341 3317 1450 3384 surdo
1472 3314 1653 3384 tabulam?
1705 3314 1751 3386 At
1774 3319 1818 3386 de
1844 3341 2006 3388 sermone
2030 3320 2181 3391 iudica,

156 3425 400 3499 somniassent.
452 3415 499 3487 Et
516 3415 602 3486 belli
620 3408 803 3496 homines,
829 3437 909 3482 cum
928 3414 1048 3483 literas
1064 3418 1147 3485 nul·
1196 3441 1300 3486 nemo
1321 3430 1414 3487 recte
1437 3418 1586 3507 poterit,
1612 3416 1682 3485 nisi
1705 3419 1767 3510 qui
1790 3421 2057 3520 rectediscepdi
2079 3424 2181 3493 ratio-

153 3536 207 3603 las
230 3536 390 3598 tenerent
413 3521 509 3589 unde
532 3539 653 3606 sapere
676 3515 868 3599 discerent,
893 3516 1026 3586 fatuam
1047 3517 1145 3586 illam
1196 3543 1277 3587 nem
1293 3519 1530 3609 perdidicerit.
1585 3517 1684 3607 Quid
1707 3521 1801 3589 enim
1818 3524 1928 3611 magis
1950 3525 2182 3615 proclivem,

156 3626 370 3721 sophisticen
401 3630 633 3711 pepererunt,
672 3630 932 3707 coeperuntque
963 3618 1072 3686 rixari
1103 3622 1147 3688 de
1196 3644 1302 3712 quam
1319 3622 1427 3688 verbo
1445 3620 1564 3712 aliquo
1581 3634 1641 3689 aut
1654 3617 1830 3694 schemate
1845 3624 1946 3693 salli?
1969 3624 2095 3718 Nuper
2109 3627 2183 3722 qui-

155 3724 411 3805 commenticiis
433 3721 624 3791 verborum
647 3717 979 3806 compositionibus,
1008 3743 1054 3788 ne
1073 3745 1146 3788 non
1196 3727 1276 3790 dam
1303 3745 1342 3789 ex
1359 3719 1540 3809 Magistris
1562 3724 1710 3805 nostris,
1738 3750 1817 3792 cum
1838 3741 2017 3796 enarraret
2041 3738 2182 3824 eaquae

153 3830 474 3907 rhetoricarentur,
501 3821 587 3914 quid
612 3819 752 3889 intersit
774 3819 868 3889 inter
885 3814 987 3903 haec,
1016 3820 1145 3913 Papam
1197 3825 1240 3891 de
1258 3818 1498 3892 Melchisedec
1516 3824 1555 3891 in
1576 3823 1709 3893 Genesi
1731 3827 1872 3917 prodita
1893 3843 1992 3899 sunt:
2023 3830 2107 3901 Rex
2122 3830 2182 3904 Sa-

154 3934 250 4019 vidi,
283 3944 318 4000 et
343 3926 419 3997 vidi
444 3922 588 4015 Papam.
640 3916 815 4012 Extatque
843 3914 951 3989 bodie
978 3924 1147 3993 articulus
1196 3926 1264 3992 lem
1282 3948 1409 4015 panem
1427 3949 1465 3993 ac
1483 3927 1606 3995 vinum
1624 3929 1774 4011 obtulit,
1800 3954 1874 3998 non
1891 3932 2182 4013 animadvertens,

154 4029 384 4114 Parisieusis,
408 4022 485 4116 Ego
502 4023 633 4107 currit,
659 4023 749 4090 male
762 4020 890 4092 Latine
905 4023 996 4106 dici,
1023 4020 1148 4094 baere—
1196 4024 1313 4095 Salem
1338 4026 1406 4095 loci
1431 4052 1561 4096 nomen
1585 4051 1677 4109 esse,
1709 4032 1821 4099 multa
1843 4035 1885 4100 de
1906 4034 2127 4106 condimenfi
2150 4034 2182 4103 ,g

158 4141 267 4211 ticum
299 4154 390 4215 esse,
431 4124 592 4227 quisquis
614 4123 827 4196 dissenserit.
885 4122 998 4194 Satin'
1021 4129 1147 4196 viden·
1196 4152 1235 4196 ac
1258 4141 1382 4196 natura
1404 4130 1584 4200 disseruit:
1611 4130 1778 4221 imposuit
1796 4135 1891 4203 enim
1915 4136 2012 4205 bono
2029 4137 2109 4208 viro
2124 4161 2182 4207 vo.

72 4220 76 4227 ’
155 4254 216 4311 tur
246 4236 342 4306 ultae
373 4228 626 4301 contumeliam
659 4225 783 4296 literae
818 4225 1020 4315 neglectae?
1055 4228 1147 4318 Quis
1196 4231 1454 4304 cumallinitas.
1497 4230 1588 4300 Nam
1606 4234 1810 4304 oscitantius
1824 4237 1943 4306 omnia
1961 4238 2100 4328 legunt,
2124 4238 2182 4334 qui

157 4341 252 4414 enim
274 4337 393 4408 eredat
413 4332 596 4400 cerebrum
617 4326 725 4397 fuisse
743 4327 869 4398 talium
892 4351 1066 4418 nugarum
1084 4356 1145 4400 au·
1196 4331 1378 4421 ingenium
1404 4333 1546 4402 dicendi
1570 4335 1706 4405 artibus
1728 4360 1802 4405 nou
1825 4362 2023 4409 exercuere.
2076 4338 2181 4412 Dece.

156 4438 338 4516 ctoribusi
382 4430 481 4503 llaec
503 4454 585 4499 vero
618 4429 797 4499 calamitas
821 4453 946 4518 magna
979 4456 1018 4498 ex
1049 4449 1146 4524 parte
1197 4448 1325 4523 perunt
1346 4448 1378 4503 et
1402 4437 1559 4504 eruditos
1583 4436 1732 4525 figurae,
1757 4440 1846 4508 adeo
1867 4442 1967 4511 nulla
1984 4444 2180 4516 exercitatio

153 4547 339 4616 literarum
355 4535 515 4606 inscitiae
527 4533 733 4623 imputanda
750 4544 819 4616 est,
845 4557 919 4600 non
938 4534 1031 4600 enim
1049 4550 1147 4623 pate·
1196 4536 1335 4603 dicendi
1355 4561 1394 4604 ac
1410 4538 1589 4605 scribendi
1608 4539 1691 4608 satis
1705 4555 1824 4610 cautos
1839 4543 1931 4616 facit.
1984 4543 2180 4637 lnterr'oga·

155 4649 243 4716 bant
265 4664 379 4723 sacra,
405 4653 573 4728 tanquam
598 4634 786 4717 interclusa
804 4634 966 4722 virgultis
985 4660 1023 4703 ac
1046 4639 1145 4706 fron-
1169 4586 1173 4687 l
1198 4640 1254 4705 bat
1272 4662 1325 4706 me
1341 4639 1479 4727 pridem
1496 4642 1619 4708 doctus
1634 4641 1808 4733 quispiam
1822 4637 1950 4727 homo,
1975 4649 2104 4740 ecquid
2119 4647 2181 4719 sihi

155 4748 279 4826 dibus,
305 4743 400 4812 unde
416 4736 543 4807 mentis
559 4748 649 4803 recte
671 4736 886 4805 erudiendae
901 4737 989 4806 ratio
1011 4754 1146 4828 petere·
1169 4690 1173 4817 l

154 4862 232 4927 tur,
259 4844 527 4933 negligebantur
549 4850 584 4906 et
601 4836 726 4905 diserti
746 4838 952 4928 scriptores,
981 4841 1043 4932 qui
1070 4868 1146 4911 mo·
1197 4836 1333 4910 theum:
1368 4841 1535 4912 Salvatur
1557 4845 1686 4913 mulier
1712 4871 1773 4933 per
1799 4848 1955 4918 liliorum
1986 4853 2181 4940 generatio.

154 4964 280 5020 nerent
296 4941 459 5014 hnmana.
512 4940 656 5029 Quanto
673 4938 893 5010 tolerabilius
909 4940 1023 5011 lucrm
1038 4947 1145 5033 pesti·
1195 4966 1294 5020 nem,
1318 4943 1483 5013 siin'lide
1506 4949 1763 5034 permanserint
1789 4946 1888 5043 (nam
1905 4924 2034 5021 (irasci
2056 4953 2181 5046 plurali

154 5054 252 5121 litate
267 5061 328 5119 aut
343 5068 503 5114 annonae
520 5041 663 5112 caritate
679 5041 782 5131 plecti
799 5037 1011 5126 Ecclesiam,
1038 5071 1143 5136 quam
1195 5070 1344 5114 numero
1360 5048 1507 5115 verbum
1530 5049 1713 5143 extulere).
1745 5047 1821 5140 Ego
1835 5077 1914 5121 eum
1929 5076 2003 5123 non
2018 5050 2179 5126 haberem

154 5168 252 5225 tanta
270 5147 447 5219 amentia?
475 5145 655 5235 Planeqne
672 5138 761 5211 mihi
780 5147 984 5234 persuadeo,
1011 5166 1143 5217 certum
1195 5148 1290 5241 quod
1325 5160 1405 5239 apte
1437 5151 1644 5240 responderi
1675 5153 1875 5234 videretur,
1912 5159 2180 5229 commentarios

154 5278 229 5325 esse
243 5252 386 5322 divinae
400 5253 472 5317 irae
486 5248 695 5339 exemplum,
710 5246 740 5313 si
755 5249 899 5338 quando
914 5252 1048 5319 mundo
1066 5251 1154 5321 lite-·
1194 5250 1351 5318 consulo.
1403 5247 1494 5321 Ecce
1523 5254 1623 5320 vobis
1644 5249 1937 5348 Chrysostomum
1963 5281 2069 5349 quam
2095 5261 2180 5330 helle
2225 5272 2227 5281 '

155 5403 379 5423 ·----
952 5368 958 5377 “
1194 5365 1347 5438 nugatur
1369 5376 1450 5421 cum
1474 5355 1622 5423 verbum
1643 5351 1800 5445 pcslvwos
1821 5360 1865 5426 acl
1891 5360 2053 5435 sobolem¹
2067 5363 2177 5432 refert.

185 5475 214 5548 *l
234 5472 374 5528 “⁶⁸⁰¹“lli
1181 5452 1301 5555 9⁰⁰⁶
1331 5478 1437 5546 qnam
1469 5480 1545 5525 non
1575 5460 1763 5551 conveniat
1787 5461 1978 5531 sententiae
2001 5460 2177 5538 Paulinae,

1196 4741 1300 4809 vellet
1331 4738 1462 4808 Paulus
1492 4766 1570 4809 cum
1600 4742 1718 4836 inquit
1746 4746 1783 4813 in
1811 4746 1958 4835 epistola
1988 4752 2032 4816 ad
2060 4748 2180 4820 Timo·
