4664 6022
140 302 213 382 168
273 312 276 317 ’
647 302 807 394 DECL.
842 303 921 381 DE
951 300 1232 382 ENCOMIO
1263 301 1686 385 FORMIGARUM.¹
2110 303 2186 383 tos

134 481 241 574 gulae
254 500 351 551 suos
370 478 476 554 cives.
528 476 635 550 Nulla
656 493 730 550 tam
751 482 930 571 sapienter
948 481 1137 552 constituta
1186 483 1358 554 utilitates
1371 507 1436 573 pro
1450 483 1547 551 virili
1560 483 1733 566 iuvemus,
1754 482 1827 551 imo
1842 482 2019 576 quidquid
2031 506 2184 569 aramus,

133 584 263 658 civitas
288 583 361 654 fuit
387 604 569 676 unquam,
602 607 692 676 quae
722 587 766 653 ad
793 579 885 653 hanc
908 585 1137 655 formicarum
1187 585 1363 681 quidquid
1384 586 1551 672 serimus,
1577 586 1754 678 quidquid
1775 585 1958 669 metimus,
1984 587 2028 653 ad
2047 587 2182 676 patriae

132 686 304 782 politiam
327 682 483 756 conferri
499 685 622 777 possit.
670 682 762 754 Nam
781 710 862 756 cum
878 685 1019 757 nullum
1034 687 1137 757 urbi·
1185 690 1376 759 utilitatem
1401 689 1625 758 referendum
1643 712 1716 757 esse
1733 688 1984 758 existimemus.
2016 684 2182 781 Denique

131 792 201 862 bus
221 811 407 859 venenum
425 788 611 858 nocentius
628 788 694 868 sit,
722 812 828 882 quam
844 789 981 871 ocium,
1008 789 1137 860 videtis
1186 792 1284 860 illius
1305 791 1454 861 salutem
1477 814 1517 860 ac
1540 790 1834 883 tranquillitatem
1861 789 2098 882 antiquiorem
2123 791 2182 859 di-

130 889 232 964 hsne
257 903 396 984 pestem
426 889 551 983 procul
579 891 624 961 ab
658 884 727 960 hoc
757 891 972 962 animalculo
994 892 1136 964 abesse.
1186 895 1338 985 gnitate,
1364 918 1404 963 ac
1420 894 1531 962 salute
1548 907 1687 977 nostra,
1713 895 1894 962 ducamus.
1945 889 2051 963 Hanc
2066 894 2181 962 virtu-

131 993 333 1089 Nunquam
355 992 597 1063 ardentissimi
619 1008 735 1064 aestus
752 1016 772 1063 a
789 995 911 1065 labore
927 996 1136 1080 absterrent,
1185 1011 1255 1068 tem
1272 996 1355 1066 licet
1369 997 1408 1065 in
1424 995 1582 1065 formicis
1599 1019 1742 1065 cernere
1757 997 1801 1064 ad
1821 1017 2045 1064 communem
2064 1019 2181 1081 usum,

132 1122 204 1169 ann
227 1108 343 1167 noem
359 1119 489 1166 vacuae
507 1107 608 1181 sunt,
632 1098 728 1189 quod
747 1110 886 1188 tempus
903 1098 983 1166 aliis
999 1098 1136 1167 anima·
1184 1099 1351 1169 adsiduas
1387 1121 1512 1189 operas
1549 1099 1825 1168 conferentibus.
1892 1095 2036 1167 Videris
2072 1122 2181 1192 quam

135 1202 230 1273 libus
247 1213 379 1270 natura
395 1198 440 1268 ad
458 1198 613 1292 quietem
630 1199 739 1273 dedit.
791 1198 875 1270 Non
890 1200 1137 1291 magnitudine
1184 1202 1377 1272 multarum
1400 1201 1574 1270 virtutum
1595 1201 1753 1293 exempla
1776 1201 1880 1269 nobis
1904 1199 2072 1272 formicae
2095 1225 2181 1291 pro-

141 1304 310 1376 itinerum
338 1315 399 1372 aut
427 1300 613 1392 asperitate
642 1301 780 1371 viarum
802 1301 989 1392 defatigari
1013 1326 1050 1372 se
1073 1326 1137 1394 pa·
1185 1317 1340 1396 ponant,
1373 1305 1419 1373 ad
1449 1326 1556 1396 quam
1582 1304 1773 1394 imaginem
1797 1302 1827 1371 si
1850 1303 2040 1372 maximam
2062 1298 2182 1373 bomi-

138 1408 291 1481 liuutur.
341 1401 414 1474 Sed
433 1426 537 1495 saepe
550 1427 590 1472 ex
604 1403 801 1498 longinquo
815 1405 1035 1476 frumentum
1050 1429 1137 1474 con·
1185 1431 1273 1478 num
1301 1421 1436 1497 partem
1468 1407 1679 1491 contuleris,
1710 1418 1839 1500 quotus
1861 1405 2011 1500 quisque
2035 1406 2103 1477 erit
2123 1401 2181 1473 his

134 1504 343 1580 vehendum
362 1519 427 1580 est.
477 1504 590 1597 Saepe
610 1529 674 1596 per
691 1507 894 1597 confragosa
914 1531 993 1576 saxa
1009 1530 1136 1597 magna
1185 1509 1377 1579 virtutibus
1399 1509 1604 1599 praeditus?
1654 1507 1755 1578 Bona
1770 1531 1851 1598 pars
1867 1507 2111 1599 voluptatibus
2126 1521 2181 1578 at-

132 1612 170 1683 ri
196 1633 313 1703 grana
340 1609 380 1678 in
408 1609 577 1678 adversos
606 1622 745 1679 montes
775 1611 1018 1701 protrudenda
1041 1622 1136 1683 sunt.
1185 1636 1255 1704 que
1277 1612 1355 1683 ocio
1373 1610 1503 1696 dediti,
1533 1612 1633 1680 nulla
1651 1613 1694 1681 de
1709 1636 1747 1680 re
1763 1611 1802 1678 in
1819 1611 1919 1680 omni
1933 1611 2007 1682 vita
2025 1623 2107 1680 sunt
2122 1631 2180 1679 so-

134 1711 187 1788 lta
217 1734 348 1783 omnes
376 1710 620 1795 difficultates,
652 1734 726 1780 non
756 1711 888 1783 virium
915 1713 1136 1803 magnitudo,
1185 1713 1294 1798 liciti,
1321 1737 1426 1807 quam
1450 1715 1494 1781 de
1517 1714 1685 1783 convivio
1704 1715 1929 1804 adparando,
1954 1726 2013 1784 aut
2035 1712 2116 1783 aliis
2131 1712 2181 1781 si-

132 1840 210 1889 non
232 1813 397 1907 corporis
418 1812 547 1897 moles,
573 1814 634 1883 sed
658 1813 770 1882 animi
782 1816 895 1885 robur
911 1828 945 1884 et
960 1815 1135 1885 industria
1186 1816 1331 1885 milibus
1356 1815 1600 1906 voluptatibus
1622 1816 1881 1905 comparandis.
1935 1815 2069 1887 Seneca
2092 1814 2180 1885 scri·

134 1932 300 2014 superat,
342 1930 382 1987 ut
408 1917 576 2007 adpareat
604 1911 664 1984 hic
694 1916 799 1987 etiam
831 1941 954 1986 verum
985 1940 1059 1987 esse
1085 1917 1136 1999 id,
1184 1919 1255 2003 bit,
1280 1917 1476 1988 Pacuvium
1489 1919 1667 2011 quendam
1685 1932 1885 2010 praetorem
1897 1918 2046 2012 inSyria
2061 1918 2182 2000 fuisse,

135 2023 236 2119 quod
266 2033 321 2090 est
349 2020 444 2110 apud
469 2016 691 2088 Historicum
719 2021 915 2112 quendam,
948 2014 1043 2088 nibil
1063 2032 1135 2088 tam
1185 2022 1246 2114 qui
1261 2020 1422 2114 quotidie
1437 2021 1623 2110 splendide
1638 2022 1865 2107 convivatus,
1891 2044 1971 2091 cum
1986 2045 2022 2091 se
2037 2021 2180 2112 copioso

134 2126 250 2198 altum
274 2146 294 2192 a
316 2134 441 2193 natura
464 2121 697 2190 constitutum
722 2145 813 2206 esse,
840 2146 911 2215 quo
933 2145 1008 2191 non
1025 2121 1136 2213 possit
1184 2124 1270 2191 vino
1288 2124 1333 2190 de
1349 2122 1408 2190 die
1424 2122 1691 2212 ingurgitasset,
1715 2123 1841 2194 solitus
1857 2124 1903 2194 sit
1918 2122 2057 2212 vesperi
2071 2123 2183 2192 funus

135 2228 254 2300 virtus
278 2223 379 2295 eniti
431 2221 515 2292 Non
536 2223 766 2297 dubiumest
789 2237 926 2308 autem,
961 2247 1072 2318 quum
1094 2236 1137 2293 ut
1185 2224 1254 2294 sibi
1284 2225 1473 2314 adparare,
1508 2249 1683 2293 accersere
1709 2226 1891 2310 tibicines,
1924 2226 1987 2317 qui
2012 2226 2183 2296 funebres

136 2329 259 2404 omnis
274 2352 318 2398 ex
332 2324 411 2396 ocio
427 2324 514 2396 vitia
531 2337 745 2412 nascuntur,
769 2325 817 2396 ita
835 2327 936 2396 labor
950 2327 1137 2419 plerasque
1185 2328 1309 2396 modos
1332 2339 1518 2412 canerent,
1543 2340 1578 2396 et
1602 2323 1670 2397 hoc
1693 2350 1803 2417 genus
1825 2329 1894 2397 alia
1916 2352 2040 2398 curare
2062 2329 2106 2397 ad
2122 2326 2182 2396 fu-

136 2428 400 2527 pulcherrimas
420 2427 721 2519 virtutesgignat.
788 2427 945 2498 Proinde
969 2452 1034 2498 nec
1058 2452 1136 2497 cae·
1185 2429 1446 2520 nerisspeciem
1462 2431 1809 2521 repraesentandam.
1842 2425 1999 2500 Acoena
2013 2454 2095 2500 cum
2108 2429 2181 2498 iam

137 2552 232 2611 tene
247 2534 400 2603 virtutes
414 2532 542 2601 desunt
555 2523 639 2599 huic
654 2530 788 2619 generi.
842 2529 933 2619 Quis
950 2531 1044 2599 enirn
1060 2553 1136 2599 non
1186 2530 1360 2602 sustinere
1382 2553 1420 2600 se
1443 2532 1562 2601 ebrius
1583 2556 1657 2602 non
1677 2545 1813 2623 posset,
1837 2532 1984 2603 iubebat
1998 2556 2035 2603 se
2050 2529 2181 2601 lectulo

137 2640 237 2710 ridet
259 2634 476 2726 singularem
500 2632 660 2703 iusticias
682 2633 903 2703 intellectum
921 2634 959 2702 in
975 2633 1025 2703 eis
1040 2631 1137 2702 esse?
1184 2635 1408 2726 impositum,
1435 2646 1604 2726 tanquam
1632 2635 1741 2704 funus
1771 2635 1898 2704 inferri
1915 2635 1954 2702 in
1976 2635 2183 2705 cubiculum
2271 2655 2276 2665 “

138 2741 220 2839 quia
240 2751 359 2810 certos
374 2737 450 2805 dies
464 2735 687 2805 constituunt
704 2736 999 2826 recognoscendis
1013 2735 1136 2805 oneri·
1186 2750 1219 2808 et
1249 2737 1384 2806 cantari
1411 2736 1579 2806 funebres
1602 2739 1745 2806 modos:
1778 2732 1961 2832 βεβίωται
1986 2729 2181 2832 βεβίωται.

135 2846 221 2930 hus,
248 2854 293 2913 ut
320 2839 450 2932 cuique
477 2837 610 2927 agmini
634 2861 740 2907 suurn
763 2851 884 2908 tenere
904 2839 982 2908 sine
1003 2838 1136 2908 iniuria
1186 2838 1370 2910 Iudicabat
1392 2839 1488 2907 enim
1509 2863 1590 2909 eum
1606 2839 1750 2909 demum
1766 2841 1861 2909 diem
1880 2841 2058 2930 praeclare
2072 2863 2109 2909 se
2125 2839 2183 2909 vi-

138 2948 253 3020 lieeat.
306 2941 426 3014 Facile
455 2953 508 3011 est
536 2940 633 3009 euim
661 2940 707 3010 ab
726 2940 843 3011 alieno
867 2941 1045 3011 abstinere
1068 2936 1136 3021 his,
1185 2942 1297 3024 xisse,
1322 2966 1393 3035 quo
1415 2942 1464 3012 ita
1487 2954 1576 3011 esset
1599 2943 1822 3013 convivatus:
1850 2966 1915 3012 nec
1937 2942 2087 3013 ducebat
2108 2963 2182 3013 esse

142 3050 271 3146 quibus
295 3045 335 3115 in
355 3067 418 3115 sua
437 3043 569 3113 virtute
583 3042 832 3136 industriaque
846 3067 924 3132 spes
942 3043 1055 3136 posita
1071 3055 1135 3127 est,
1186 3045 1295 3116 vitam
1325 3044 1593 3135 adpellandam‚
1640 3069 1720 3115 cum
1751 3070 1826 3114 non
1856 3046 1978 3116 liceret
2005 3042 2184 3115 eiusmodi

136 3149 270 3224 sedilli
283 3147 442 3242 quicum
457 3169 522 3238 per
536 3145 659 3215 luxum
673 3158 778 3238 atque
794 3146 961 3216 libidines
974 3169 1035 3215 sua
1046 3145 1137 3215 effu·
1185 3147 1430 3238 voluptatibus
1452 3147 1599 3237 perfrui.
1652 3145 1744 3235 Quis
1763 3171 1837 3217 non
1861 3160 1991 3219 statuat
2011 3150 2092 3240 plus
2109 3169 2184 3217 esse

136 3257 291 3337 derunt,
331 3262 452 3344 postea
487 3247 663 3318 rationem
696 3247 840 3332 ineunt,
881 3250 1061 3342 quomodo
1092 3249 1136 3316 de
1186 3249 1316 3321 mentis
1339 3249 1530 3334 formicae,
1555 3272 1662 3341 quam
1685 3245 1770 3318 huic
1790 3248 1964 3335 Pacuvio,
1987 3252 2048 3344 qui
2072 3250 2182 3320 vitam

136 3357 260 3428 alieno
280 3350 485 3425 heluentur.
542 3346 639 3418 Hinc
661 3349 701 3417 in
723 3349 925 3443 ciuitatibus
946 3373 1062 3419 novae
1083 3362 1137 3419 ta·
1187 3348 1326 3420 bomini
1348 3345 1441 3419 hanc
1457 3374 1565 3421 unam
1583 3352 1628 3419 ad
1645 3374 1738 3435 rem,
1765 3353 1810 3420 ad
1825 3354 2001 3442 pecudum
2016 3352 2183 3443 volupta-

139 3459 251 3530 balae
286 3455 479 3546 flagitatae,
523 3452 617 3521 bella
653 3451 771 3522 civilia
798 3467 832 3523 et
859 3450 1137 3521 innumerabilia
1188 3467 1240 3524 tes
1261 3452 1512 3544 perfruendas,
1538 3453 1657 3520 datam
1676 3453 1941 3522 essecredidit?
1990 3450 2039 3523 Et
2055 3478 2183 3546 quam-

137 3562 209 3634 alia
228 3558 338 3644 mala,
362 3580 452 3652 qnae
466 3555 598 3626 civium
615 3553 791 3625 discordia
808 3555 920 3647 parit,
943 3568 1024 3625 nuta
1042 3566 1135 3623 sunt.
1187 3556 1241 3624 vis
1255 3553 1452 3645 exemplum
1462 3551 1608 3623 Pacuvii
1621 3553 1660 3621 in
1672 3555 1797 3624 funere
1811 3554 1974 3624 faciendo
1989 3579 2065 3625 non
2076 3555 2183 3626 multi

138 3663 240 3756 Quid
276 3674 395 3733 autem
432 3660 477 3728 de
505 3657 721 3749 parsimonia
749 3657 978 3726 formicarum
1010 3655 1137 3740 dicam,
1187 3657 1393 3746 imitentur,
1421 3657 1547 3746 dogma
1568 3669 1686 3725 tamen
1706 3652 1775 3727 boc
1791 3658 2010 3747 praeclarum
2029 3660 2182 3729 maxima

141 3765 290 3863 quaein
309 3758 380 3834 hoc
398 3783 526 3851 genere
541 3761 693 3830 maxime
710 3760 892 3831 cernitur?
941 3756 1023 3829 Non
1040 3757 1135 3827 enim
1187 3782 1270 3852 pars
1290 3754 1478 3828 hominum
1500 3759 1706 3849 profitetur,
1728 3759 1789 3853 qui
1814 3755 1908 3829 nihil
1931 3761 1970 3829 in
1990 3761 2091 3831 omni
2108 3761 2183 3830 vita

140 3882 280 3943 tantum
303 3865 343 3935 in
364 3884 531 3957 praesens
553 3861 622 3932 sibi
644 3862 854 3948 consulunt,
889 3863 950 3932 sed
973 3885 1136 3951 compar·
1188 3862 1336 3952 dignum
1362 3855 1508 3930 bomine
1526 3861 1725 3953 suscipiunt
1742 3885 1783 3932 ac
1799 3877 1943 3951 gerunt,
1969 3864 2031 3932 sed
2047 3863 2085 3931 in
2102 3862 2181 3932 ocio

143 3985 242 4059 cunt,
267 3982 304 4039 et
325 3966 549 4061 prospiciunt
569 3963 639 4034 sibi
658 3964 698 4032 in
713 3965 890 4034 futurum:
917 3988 1007 4058 quae
1022 3963 1135 4032 virtus
1189 3978 1224 4035 et
1245 3965 1340 4032 inter
1359 3964 1487 4053 pocula
1510 3963 1696 4032 temulenti
1718 3977 1867 4033 aetatem
1888 3965 2043 4054 exigunt.
2109 3963 2182 4034 Sed

146 4098 219 4144 cum
251 4095 318 4166 per
351 4093 426 4141 sese
456 4089 582 4156 magna
611 4066 658 4137 sit
685 4079 720 4136 et
742 4067 983 4150 admirabilis,
1015 4079 1136 4136 tamen
1188 4065 1359 4160 quoniam
1380 4089 1548 4135 sanorum
1573 4060 1760 4135 hominnm
1784 4065 1937 4151 iudicio,
1961 4081 2101 4137 ventres
2122 4065 2184 4139 isti

147 4169 209 4248 hoc
225 4175 333 4247 etiam
351 4170 486 4264 gratior
501 4191 576 4238 esse
590 4169 694 4238 debet
708 4170 894 4254 omnibus,
921 4169 1016 4262 quod
1033 4169 1135 4237 iusti-
1188 4192 1263 4239 non
1287 4163 1467 4248 homines,
1494 4169 1555 4236 sed
1572 4167 1691 4236 verius
1707 4181 1866 4239 monstra
1882 4164 2070 4240 homiuum
2086 4184 2182 4253 sunt,

151 4277 213 4349 siae
232 4275 347 4348 veluti
367 4286 484 4346 custos
505 4286 567 4342 est.
618 4268 742 4362 Neque
763 4273 859 4340 euim
880 4273 1031 4342 tolerare
1053 4270 1136 4338 inb-
1187 4270 1312 4340 desino
1328 4270 1493 4339 formicas
1507 4291 1586 4338 cum
1603 4264 1659 4339 his
1672 4271 1851 4356 conferre,
1877 4294 1967 4364 quos
1982 4296 2056 4342 non
2073 4273 2182 4343 modo

152 4380 233 4453 nius
249 4380 335 4450 illos
353 4389 514 4468 sumptus
530 4375 607 4445 sine
624 4372 742 4441 alieno
759 4375 960 4444 decoctores
978 4385 1136 4464 possunt,
1186 4373 1415 4442 formicarum
1439 4370 1616 4463 exempla,
1642 4373 1703 4439 sed
1726 4397 1771 4443 ne
1791 4374 1935 4467 quidem
1951 4376 2114 4466 publicae
2129 4373 2182 4441 le-

155 4484 201 4553 sed
214 4485 321 4573 longe
334 4478 541 4569 dignissima
556 4477 653 4547 bono
668 4474 745 4544 cive
759 4477 873 4546 virtus
886 4489 955 4560 est,
983 4475 1022 4543 in
1037 4499 1136 4544 com·
1187 4497 1246 4564 ges
1262 4474 1447 4543 sanitatem
1462 4497 1627 4543 revocare
1641 4488 1801 4565 possunt.
1836 4475 1943 4546 Nulla
1956 4489 2073 4546 autem
2087 4475 2182 4544 inter

155 4604 248 4656 mune
268 4605 459 4678 quaerere,
488 4593 524 4650 et
545 4578 749 4649 eommunia
772 4579 867 4649 bona
889 4601 1026 4648 summa
1050 4577 1136 4646 dili·
1187 4600 1311 4648 omnes
1331 4575 1455 4645 laudes
1473 4576 1703 4646 formicarum
1720 4577 1873 4669 amplior
1890 4571 2065 4647 essemihi
2080 4577 2182 4646 vide-

157 4689 255 4773 tentia
280 4708 420 4776 augere.
470 4681 574 4771 Quae
594 4704 651 4750 res
667 4679 762 4748 enim
779 4681 848 4751 alia
865 4680 1136 4752 omnibuscivi·
1186 4693 1264 4763 tur,
1289 4702 1396 4772 quam
1417 4701 1456 4747 ea
1477 4701 1567 4772 quac
1587 4680 1682 4769 apud
1697 4676 1929 4750 Solomonem
1945 4692 2013 4765 est3
2039 4678 2070 4748 is
2085 4678 2182 4749 enim

158 4791 272 4862 tatibus
294 4787 404 4859 exitio
426 4797 498 4870 est,
524 4806 630 4879 quam
653 4784 750 4876 quod
773 4783 909 4874 privata
926 4785 1040 4862 bona,
1066 4807 1136 4873 pu-
1186 4781 1321 4874 inquit:
1346 4780 1513 4849 formicas
1534 4804 1609 4849 non
1632 4781 1742 4850 modo
1758 4783 1903 4865 stultos,
1929 4782 1990 4850 sed
2005 4782 2182 4873 sapientes

157 4884 243 4964 blicis
251 4888 469 4964 utilitatibus
482 4886 643 4980 plerique
656 4907 780 4954 omnes
793 4884 1016 4957 anteferunt?
1067 4880 1136 4955 At·
1186 4884 1321 4953 anteire
1342 4883 1544 4975 prudentia.
1594 4880 1719 4976 Neque
1741 4906 1825 4972 ego,
1851 4883 1920 4951 nisi
1945 4896 2014 4967 tam
2037 4907 2182 4974 gravem

159 4993 208 5083 (μί
225 4995 275 5068 ita
299 4991 432 5063 sentire
452 5010 520 5059 nos
540 4986 719 5080 oportuit,
744 4989 914 5081 quoniam
931 4988 1065 5079 patriae
1079 5008 1136 5055 sa-
1185 4998 1347 5056 autotesn
1370 4980 1555 5069 haberem,
1582 4985 1749 5054 auderem
1773 4980 1841 5054 hoc
1856 4987 2074 5074 paradoxum
2089 4988 2184 5058 inter

159 5086 235 5184 lde,
262 5109 387 5168 nostra
407 5093 504 5164 salus
526 5091 750 5176 continetur,
775 5103 811 5160 et
833 5091 1004 5184 quoniam
1025 5088 1135 5180 ipsia
1185 5087 1409 5158 doctissimos
1433 5081 1597 5155 homines
1622 5086 1751 5156 dicere.
1818 5083 1888 5158 Sed
1909 5088 1993 5180 quia
2014 5089 2183 5158 formica·

158 5200 253 5283 paru
275 5199 316 5269 iu
340 5219 411 5293 qua
433 5194 529 5274 nati,
561 5190 721 5277 sderad,
754 5193 800 5261 ad
821 5187 1079 5264 humanitatem
1101 5203 1136 5261 et
1184 5213 1266 5260 rum
1290 5190 1413 5260 faudes
1433 5187 1601 5278 colligere
1619 5187 1777 5273 institui,
1802 5190 1960 5261 nonfuit
1974 5185 2061 5260 haec
2075 5212 2182 5281 prae·

158 5299 349 5392 tdigionem
372 5295 530 5369 instituti
556 5319 699 5379 sumus,
730 5295 832 5365 euius
861 5295 1000 5386 legibus
1025 5294 1134 5363 vitam
1185 5292 1368 5374 terenuda‚
1393 5289 1601 5382 praesertim
1613 5313 1695 5360 cum
1711 5301 1803 5361 esset
1818 5293 2047 5384 amplissima.
2080 5288 2181 5378 Quid

159 5416 352 5476 summae
365 5401 531 5472 munuae
545 5397 786 5482 defendimus,
810 5409 883 5468 tarn
897 5399 1010 5469 multa
1023 5397 1136 5466 bene-
1182 5393 1316 5466 audiui
1340 5392 1509 5464 omnibus
1524 5386 1828 5484 Philosophorum
1844 5390 1987 5474 scholis,
2013 5393 2183 5464 omnibus

160 5495 221 5578 isis
237 5504 455 5599 accepimns,
479 5522 634 5596 aequum
655 5521 747 5585 esse,
770 5511 814 5571 ut
831 5521 898 5570 nos
913 5499 1020 5572 etiam
1035 5498 1135 5573 illins
1182 5493 1408 5592 Rerumpnb.
1425 5493 1744 5586 gubernatoribus,
1767 5495 1925 5591 denique
1941 5493 2182 5568 omnibnsss-
2240 5538 2243 5545 ·
