4664 6022
121 411 124 415 ,
224 328 300 403 883

657 252 661 259 1
700 317 862 395 unct.
893 315 973 394 DE
1004 313 1166 390 MOSE
1198 303 1503 388 FERIENTE
1535 300 1797 381 PETRAM.

2204 302 2280 380 884

229 502 456 592 adiungenda
480 501 564 571 erit:
601 499 673 569 imo
696 510 800 587 auget
821 493 1020 566 doctrinam
1042 487 1129 563 baec
1153 492 1228 583 ipsa
1278 496 1402 554 monet
1423 482 1536 551 lilium
1551 478 1620 549 Dei
1642 493 1787 571 propter
1803 480 1915 569 legem
1930 479 2080 571 percuti.
2102 493 2182 553 tom
2199 501 2280 548 vcro

230 630 349 677 rernm
392 601 680 675 convenientium
723 599 924 671 observatio
966 611 1001 667 et
1033 597 1228 666 distinctio.
1279 587 1469 677 imaginem
1484 583 1642 655 continet
1661 583 1895 674 imperiorum
1907 581 2113 653 ferientium
2131 594 2281 674 petram.

230 686 307 781 Ha's
329 706 594 778 admonitiones
616 717 656 775 ut
684 727 787 795 saepe
810 715 1027 794 repetamus,
1061 702 1228 769 mandato
1279 688 1391 761 Cuius
1406 688 1458 758 rei
1475 703 1507 758 et
1521 682 1607 756 haec
1622 698 1716 756 aetas
1731 686 1891 778 exempla
1905 686 1991 757 satis
2005 685 2120 757 tristia
2138 680 2259 760 babel.

231 813 358 883 divino
372 810 549 900 cogimur:
576 833 616 878 ac
633 807 747 877 lilium
763 804 831 875 Dei
849 805 1030 875 custodem
1052 800 1230 872 Ecclesiae

233 937 317 986 suae
338 936 499 997 oramus,
527 926 565 982 ot
589 911 663 1003 ipse
681 933 823 1004 quoque
840 908 885 977 sit
907 919 1023 977 custos
1041 928 1230 996 corporum

232 1032 452 1100 vestrorum,
491 1027 527 1083 et
559 1014 677 1084 flectat
706 1012 847 1082 animos
876 1024 1009 1079 vestros
1035 1010 1080 1078 ad
1108 1032 1230 1079 curam

234 1122 386 1192 tuendae
403 1117 567 1218 publicae
583 1130 618 1187 et
632 1129 769 1186 vestrae
785 1114 919 1184 salutis.
973 1112 1069 1187 Dixi.

242 1327 373 1340 ——

1052 1477 1098 1516 an.
1124 1452 1220 1517 1550.

1052 1543 1225 1572 Μ

233 1452 301 1527 No.
321 1455 407 1526 111.

241 1549 415 1580 Μ

382 1654 460 1740 De
490 1652 622 1740 Mose
647 1649 852 1771 feriente
876 1614 1076 1766 petroni.

304 1815 334 1869 ln
350 1813 441 1869 select.
453 1813 534 1869 Deci.
546 1813 581 1868 T.
594 1812 643 1869 ΙΙΙ.
662 1832 689 1884 p.
700 1812 835 1883 507sqq.‚
862 1811 992 1866 Richard.
1007 1811 1040 1866 Τ.
1056 1812 1106 1867 lll.
1126 1830 1153 1882 p.
1163 1809 1235 1879 218..

244 1888 248 1895 '
337 1883 456 1939 Serrest.
477 1882 511 1936 T.
526 1882 575 1937 lll.
602 1903 628 1954 p.
644 1883 707 1941 481.
733 1893 759 1936 et
785 1885 814 1937 in
832 1881 866 1935 T.
883 1881 930 1936 lll.
949 1881 1060 1935 Erford.
1087 1881 1127 1936 lit.
1147 1899 1179 1950 q,
1198 1880 1234 1951 5.,

337 1951 519 2008 ubidicitur:
542 1952 681 2021 „recitata
697 1971 713 2007 a
727 1953 842 2009 Decano
857 1951 961 2006 loanne
978 1949 1113 2008 Marcello
1129 1950 1234 2022 Regio-

337 2032 471 2079 monlano
485 2041 509 2077 a.
523 2023 563 2077 M.
573 2024 609 2078 l).
619 2021 668 2077 l..”

375 2187 503 2257 Oratio
526 2182 572 2256 do
595 2186 702 2257 Mose
725 2178 899 2279 feriente
922 2190 1089 2276 petram.

232 2328 280 2412 ln
300 2336 369 2412 hoc
392 2340 532 2429 opificio
555 2339 682 2410 mundi
710 2336 971 2433 pulcherrimus
992 2341 1081 2409 ordo
1105 2363 1233 2432 corpo-

232 2468 333 2529 rum,
359 2457 394 2514 et
417 2467 473 2514 ars
496 2437 656 2514 adhibita
681 2442 719 2512 iu
749 2444 898 2534 singulis
925 2443 1233 2537 construendiset

234 2546 427 2632 ornandis,
466 2546 618 2616 illustria
642 2546 845 2617 testimonia
867 2560 967 2628 sunt,
1010 2541 1107 2615 hunc
1125 2568 1233 2615 mun-

234 2652 322 2723 dum
335 2673 409 2719 non
425 2648 580 2720 extitisse
593 2671 686 2733 casu,
707 2651 767 2719 sed
783 2674 803 2719 a
819 2663 937 2720 mente
953 2643 1232 2719 architectatrice

233 2752 398 2822 miranda
413 2751 587 2844 sapientia
604 2753 789 2822 conditum
810 2777 894 2824 esse.

335 2850 415 2926 Etsi
437 2868 575 2936 autem,
601 2868 642 2926 ut
665 2854 765 2924 navis
787 2856 880 2926 inter
904 2855 1052 2939 fluctus,
1077 2854 1126 2924 ita
1141 2852 1232 2923 ratio

234 2953 392 3028 bumana
420 2957 594 3049 aspiciens
620 2957 714 3026 vitae
744 2958 989 3043 confusiones,
1023 2956 1233 3028 tristissimis

234 3059 522 3132 dubitationibus
537 3072 744 3154 quassatur,
771 3084 811 3131 ac
826 3083 945 3131 secum
963 3060 1113 3155 quaerit,
1140 3059 1233 3129 adsit

235 3186 283 3233 ne
293 3163 393 3234 Deus
407 3164 625 3254 gubernator
639 3162 735 3235 inter
747 3176 862 3234 tantas
876 3164 1146 3236 dilacerationes
1161 3157 1232 3232 hn-

234 3289 362 3336 manae
384 3266 559 3338 societatis
577 3280 612 3336 et
632 3266 773 3336 ruinas:
801 3282 918 3338 tamen
941 3282 975 3339 et
991 3265 1052 3337 illa
1069 3267 1232 3335 conside·

234 3368 375 3440 ratione
396 3369 535 3439 ordinis
558 3381 662 3462 atque
684 3370 770 3440 artis
791 3370 830 3439 in
846 3370 988 3460 opificio
1003 3369 1131 3440 mundi
1146 3392 1232 3438 eon·

233 3471 386 3555 firmati,
425 3469 672 3541 adsensionem
703 3474 747 3541 de
770 3472 839 3544 Dei
872 3474 1067 3564 praesentia
1097 3496 1231 3566 nequa·

235 3597 342 3668 quam
358 3575 474 3645 excuti
490 3575 595 3644 nobis
617 3574 786 3647 sinamus.
838 3574 895 3647 Sit
909 3589 1026 3647 autern
1043 3576 1182 3645 firmior
1198 3588 1233 3645 et

234 3677 382 3747 immota
399 3677 563 3747 adsensio
584 3685 730 3768 propter
752 3678 1003 3770 patefactiones
1017 3674 1086 3749 Dei
1106 3679 1146 3746 in
1161 3675 1233 3750 Ec-

211 3798 214 3804 ·
235 3776 340 3851 alesia
354 3780 475 3865 factas,
497 3780 537 3848 in
550 3780 740 3852 eductione
754 3780 878 3873 populi
895 3777 1120 3876 eergypto,
1145 3805 1234 3852 rnre

235 3881 336 3953 sione
351 3882 436 3967 filii,
460 3898 495 3954 et
510 3883 770 3954 resurrectione
785 3898 1019 3960 mortuorum.

338 3986 515 4057 Adfirmat
536 4000 654 4057 autem
678 3986 773 4057 filius
789 3987 877 4074 Dei,
902 4011 939 4058 se
947 3988 1000 4056 in
1019 4009 1146 4078 genere
1162 3982 1233 4058 hu-

235 4082 612 4160 manosshaereditatem
627 4088 697 4159 sibi
714 4104 891 4162 aeternam
908 4108 1047 4183 semper
1063 4090 1233 4162 collectu-

236 4212 317 4261 rum
334 4214 425 4276 esse,
451 4205 485 4262 et
502 4191 646 4284 quidem
672 4191 768 4263 inter
789 4218 870 4279 eos,
893 4195 956 4289 qui
970 4193 1170 4265 doctrinam
1187 4195 1232 4264 ab

234 4292 312 4384 ipso
328 4295 494 4366 traditam
507 4293 650 4365 discunt
663 4307 698 4366 et
710 4298 988 4390 amplectuntur,
1005 4310 1135 4387 etcum
1151 4320 1231 4366 coe-

235 4407 311 4467 tum
328 4396 397 4466 sibi
410 4418 514 4467 curae
529 4419 613 4467 esse.

339 4497 460 4588 Quare
481 4524 555 4571 non
579 4500 802 4588 dubitemus,
835 4503 949 4573 filium
972 4500 1041 4573 Dei
1063 4514 1097 4571 et
1126 4503 1232 4572 nobis

1383 808 1482 899 Quid
1515 821 1632 879 autem
1660 806 1771 897 magis
1797 809 1898 877 decet
1923 808 1962 877 in
1989 802 2058 879 hoc
2085 805 2166 900 ipso
2195 805 2283 889 loeo,

1282 937 1388 1007 quarn
1411 915 1456 982 de
1476 912 1552 1001 lege
1565 908 1631 982 Dei
1638 961 1654 997 ,
1681 911 1726 978 de
1746 910 1879 981 iustitia
1898 925 1932 981 et
1946 912 1999 981 ira
2016 912 2189 982 adversus
2204 936 2282 1004 pec·

1282 1031 1377 1101 cata,
1402 1017 1448 1084 de
1463 1013 1537 1082 lilio
1560 1013 1773 1098 mediatore,
1797 1014 1841 1082 de
1858 1009 2016 1085 Ecclesia
2034 1026 2069 1084 et
2085 1010 2282 1087 eius'aeru-

1282 1118 1377 1188 mnis
1400 1132 1435 1188 et
1456 1115 1730 1187 liberationibus
1754 1139 1855 1209 saepe
1869 1116 2009 1187 dicere?
2034 1115 2152 1209 Spero
2176 1118 2283 1208 igitur

1283 1233 1529 1311 argumentum
1546 1218 1690 1314 quidem
1707 1218 1809 1288 vobis
1831 1233 1967 1309 gratum
1984 1221 2087 1290 fore.
2129 1217 2203 1292 Sed
2223 1226 2283 1292 do-

1284 1325 1341 1393 leo
1356 1348 1414 1393 me
1428 1323 1554 1393 rudem
1570 1337 1604 1392 et
1619 1320 1836 1413 imperitum,
1863 1347 1938 1413 pon
1954 1346 2057 1414 posse
2072 1323 2217 1394 adferre
2233 1349 2284 1395 sa·

1284 1427 1329 1498 tis
1344 1428 1520 1497 illustrem
1537 1424 1818 1515 explicationem.
1866 1422 1959 1496 Cum
1975 1439 2094 1497 autem
2111 1427 2284 1519 scriptum

1284 1531 1350 1616 sit,
1371 1525 1427 1599 Ex
1447 1553 1507 1599 ore
1524 1526 1716 1598 infantium
1732 1542 1766 1598 et
1782 1529 1990 1600 lactantium
2013 1529 2198 1619 perfecisti
2211 1532 2283 1604 lau-

1284 1635 1382 1702 dem:
1417 1633 1545 1723 probat
1572 1626 1657 1700 baec
1682 1631 1798 1701 studia
1821 1630 1918 1701 Deus
1941 1632 2204 1705 considerandi
2226 1660 2279 1707 sua

1287 1731 1466 1808 beneficia.
1517 1729 1566 1805 Et
1588 1733 1754 1803 universa
1777 1728 1964 1804 hominum
1992 1735 2192 1827 sapientia,
2215 1739 2277 1809 col-

1285 1838 1355 1908 lata
1369 1840 1414 1908 ad
1432 1836 1610 1920 divinam,
1634 1837 1720 1929 quid
1739 1849 1790 1906 est
1807 1835 1876 1904 nisi
1894 1837 2070 1910 infantia?
2097 1863 2194 1932 quae
2208 1843 2281 1937 qoi-

1284 1944 1366 2012 dem
1389 1955 1473 2012 tunc
1498 1941 1625 2032 recipit
1644 1961 1832 2030 agnoscere
1855 1939 1991 2022 Deum,
2017 1962 2102 2011 cum
2125 1944 2215 2018 lacte
2232 1946 2281 2016 di-

1284 2045 1371 2114 vino
1387 2044 1528 2116 alimur.
1582 2040 1705 2134 ltaque
1722 2043 1809 2112 boni
1826 2043 2044 2114 consulenda
2062 2045 2138 2117 erit
2152 2050 2281 2142 qualis·

1284 2171 1426 2242 cunque
1442 2144 1602 2217 recitatio
1620 2158 1691 2216 tam
1706 2145 1871 2215 sublimis
1887 2148 2104 2235 argumenti.

1386 2263 1477 2337 Corn
1494 2264 1672 2337 lsraelitae
1689 2264 1727 2332 in
1742 2266 1892 2346 deserto,
1919 2266 1983 2335 ubi
1996 2281 2149 2360 propter
2164 2293 2279 2364 perpe-

1285 2383 1364 2441 tuos
1378 2383 1494 2441 aestus
1510 2393 1576 2438 nec
1592 2367 1740 2438 litamina
1759 2393 1823 2438 nec
1838 2369 1953 2440 fontes
1968 2369 2075 2440 multi
2094 2386 2209 2459 erant,
2227 2399 2278 2441 va-

1283 2487 1463 2564 garentur,
1481 2472 1586 2542 multi
1602 2465 1766 2540 homines
1783 2470 1945 2543 omnium
1962 2485 2122 2544 aetatum
2136 2476 2197 2546 siti
2212 2501 2276 2545 mo

1283 2576 1486 2661 ciebantur,
1517 2574 1649 2645 multae
1671 2575 1801 2644 matres
1830 2575 1867 2643 in
1891 2575 2081 2667 complexu
2108 2579 2274 2650 infantum

1283 2679 1516 2771 pendentium
1534 2678 1579 2747 ab
1596 2675 1756 2746 arefactis
1771 2676 1919 2748 uberius
1941 2678 2001 2748 siti
2022 2703 2100 2751 una
2127 2707 2212 2753 cum
2230 2683 2273 2751 io·

1282 2782 1441 2852 lantibus
1456 2779 1764 2871 extinguebantur.

1383 2897 1462 2970 Hac
1485 2913 1583 2970 tanta
1599 2899 1799 2970 calamitate
1815 2899 1912 2971 Deus
1932 2901 2154 2994 aliquandiu
2171 2903 2261 2975 muta

1284 3002 1447 3075 tudinem
1471 3003 1625 3095 punivit.
1675 3001 1747 3074 Sed
1771 3016 1911 3088 tamen,
1937 3000 2263 3078 utEcclesiamser

1283 3122 1400 3192 vacet,
1429 3105 1529 3177 iubet
1546 3103 1710 3200 Moysem
1730 3105 1838 3175 ferire
1861 3120 2015 3198 petram,
2043 3132 2087 3179 ac
2110 3109 2271 3204 promittit

1284 3233 1320 3280 se
1344 3211 1429 3279 inde
1454 3209 1651 3279 effusorum
1671 3230 1745 3277 esse
1759 3231 1930 3302 aquarum
1948 3209 2124 3300 flumina,
2152 3213 2274 3308 praebi-

1285 3325 1366 3384 tura
1384 3326 1509 3407 potum
1526 3312 1713 3383 universae
1727 3310 1965 3385 multitudini.
2009 3310 2083 3386 Hic
2101 3341 2191 3388 curn
2207 3340 2275 3388 con

1283 3416 1428 3487 stitisset
1448 3414 1592 3510 Moyses
1617 3415 1710 3485 inter
1736 3414 1919 3486 seditiosas
1944 3430 1978 3488 et
2002 3416 2140 3510 impias
2167 3417 2276 3515 populi

1283 3519 1570 3604 vociferationes,
1594 3518 1721 3612 inquo
1738 3518 1842 3589 multi
1860 3519 2084 3607 clamabant,
2109 3547 2198 3594 eum
2211 3540 2278 3596 tan-

1284 3647 1390 3716 quam
1406 3621 1636 3713 impostorem
1649 3620 1740 3690 saxis
1754 3620 1979 3692 obruendum
1993 3645 2091 3712 esse,
2116 3619 2190 3698 hae
2205 3650 2278 3698 con-

1185 3782 1193 3799 .
1283 3725 1449 3797 tumeliae
1465 3723 1570 3793 fidem
1586 3724 1624 3793 in
1641 3748 1682 3793 eo
1701 3722 2001 3814 languefecerunt.

1386 3842 1430 3914 In
1450 3838 1518 3914 bac
1542 3843 1781 3937 trepidatione
1803 3868 1844 3915 ac
1860 3845 2088 3918 dubitatione
2106 3873 2193 3923 curn
2211 3852 2279 3921 fru-

1283 3960 1353 4020 stra
1383 3948 1520 4037 virgam
1549 3945 1752 4017 incussisset
1782 3950 1949 4041 scopulo,
1985 3974 2053 4020 nec
2081 3966 2281 4047 erumperet

1283 4075 1386 4146 aqua,
1411 4050 1530 4121 subito
1547 4063 1583 4120 et
1597 4049 1734 4140 ingenti
1747 4052 2032 4131 consternatione
2048 4055 2199 4127 animus
2213 4056 2280 4127 eius

1283 4176 1472 4247 oppressos
1494 4167 1556 4225 est.
1610 4154 1681 4226 Sed
1708 4177 1788 4223 cum
1813 4169 1949 4226 erectus
1970 4158 2067 4226 noio
2090 4159 2233 4231 adflatu
2251 4171 2281 4228 et

1283 4256 1368 4326 fidei
1383 4272 1482 4329 motu
1499 4257 1628 4328 iterum
1645 4255 1768 4326 feriret
1779 4271 1935 4347 petram,
1959 4259 2068 4331 scissa
2080 4261 2215 4335 effudit
2229 4261 2280 4332 in·

1283 4382 1369 4451 gens
1382 4384 1556 4453 aquarum
1574 4360 1718 4434 flumen.

1384 4477 1464 4552 Etsi
1479 4492 1596 4551 autem
1611 4481 1683 4550 iarn
1695 4480 1850 4551 laetatur
1863 4492 2009 4573 propter
2018 4481 2171 4557 divinae
2182 4511 2280 4581 prae-

235 4602 372 4688 adesse,
398 4627 549 4697 eumque
563 4606 772 4676 ardentibus
789 4606 879 4700 uotis
893 4629 1052 4689 oremus,
1078 4629 1124 4675 ne
1139 4605 1233 4675 inter
1284 4583 1418 4656 ⁸⁸¹¹ll³⁰
1449 4583 1712 4668 lfflllfflfflfiums
1755 4596 1790 4653 ‘l
1813 4583 1897 4677 ‘lula
1923 4583 2084 4657 ‘edffioel
2111 4589 2282 4661 dmm

104 4781 109 4790 ¹
234 4725 303 4774 nos
313 4704 429 4775 lucem
440 4706 624 4778 doctrinae
639 4731 722 4778 suae
736 4706 906 4798 extingui,
925 4733 990 4779 nec
1001 4707 1111 4779 deleri
1124 4707 1232 4777 disci·
1282 4683 1949 4759 h⁰⁰¹¹⁰V⁰b0¹¹efi⁰l⁰¹²s⁰l³fi“³¹¹ss
1976 4692 2280 4765 ta¹¹1l'·¹¹d⁰l⁰¹'0¹¹¹

234 4805 371 4898 plimm
387 4833 451 4878 nec
466 4804 642 4880 ethnicam
658 4809 858 4881 barbariem
875 4812 951 4881 fleri
967 4810 1071 4885 ,imp
1106 4807 1231 4881 Hom..
1282 4807 1317 4865 et
1338 4790 1539 4862 recordatio
1561 4788 1812 4882 trepidationis
1835 4802 1872 4860 et
1892 4788 2132 4863 dubitationis
2157 4796 2279 4879 autea,

235 4907 386 4979 stissima
408 4927 528 4983 autem
550 4913 770 4983 consuetudo
794 4927 863 5000 est,
889 4915 927 4983 in
952 4910 1010 4984 bis
1033 4914 1231 5004 congressi-
1282 4908 1318 4966 0²
1336 4893 1614 4965 ‘Udll'dlllssim
1631 4887 1965 4985 “Prehemlffllems
1990 4916 2061 4988 (1¹¹³
2076 4893 2196 4988 lP⁸i⁰⁸
2214 4897 2280 4971 dlf-

233 5011 303 5083 bus
318 5015 697 5086 commonefactionern
711 5029 889 5107 sumptam
905 5041 946 5087 ex
961 5018 1080 5112 aliqua
1093 5016 1232 5087 doctri·
1281 4997 1428 5069 fidentia
1442 5020 1560 5068 mre
1578 5009 1729 5070 immr-

233 5138 363 5186 narum
378 5131 489 5209 parte,
506 5118 631 5189 utilem
645 5118 774 5189 studiis
789 5133 824 5190 et
838 5121 1007 5204 moribus,
1020 5142 1231 5214 proponere.
1384 5111 1556 5189 Continet
1575 5108 1662 5183 haec
1682 5112 1838 5182 narratio
1859 5112 1971 5184 multa
1988 5112 2149 5206 insignia
2166 5142 2281 5190 exam.

336 5215 457 5308 Quare
474 5244 555 5290 eom
571 5221 616 5291 de
637 5234 846 5313 argomento
863 5223 1074 5293 deliberanti
1095 5221 1232 5291 veniret
1281 5218 1359 5310 pla,
1385 5240 1538 5308 poetam
1552 5239 1628 5286 non
1642 5216 1756 5285 levem
1771 5215 1916 5307 populi,
1942 5215 1981 5284 in
1998 5240 2072 5310 qno
2096 5221 2210 5294 rnnlti
2229 5245 2281 5295 se·

234 5320 274 5390 in
290 5336 445 5395 ruentem
460 5317 609 5394 historia
622 5322 742 5420 Moysi
758 5339 894 5419 petram
910 5324 1159 5417 percutientis,
1185 5324 1230 5394 de
1281 5344 1344 5391 nes
1363 5333 1398 5391 et
1419 5319 1586 5403 invenes,
1617 5330 1747 5388 matres
1771 5331 1806 5388 et
1828 5317 1981 5389 infantes
2001 5319 2063 5390 siti
2075 5325 2280 5414 pecierunt.

233 5447 305 5517 qua
319 5425 456 5520 alioqui
472 5449 575 5519 saepe
588 5427 716 5518 cogito,
733 5423 826 5500 hanc
839 5427 1081 5498 narrationem
1097 5426 1229 5516 delegi:
1279 5421 1376 5495 Hinc
1398 5434 1599 5518 sequuntur
1621 5445 1663 5492 ex
1684 5420 1904 5513 impatientia
1927 5421 2050 5512 magui
2075 5423 2230 5499 furores·
2250 5440 2280 5500 et

234 5549 325 5619 quae
343 5551 429 5638 com
450 5529 491 5600 in
512 5530 613 5600 omni
628 5530 700 5603 vita
721 5554 826 5625 saepe
841 5531 1029 5625 cogitanda
1047 5543 1118 5619 est,
1144 5528 1228 5625 quia
1280 5525 1517 5602 contumeliae
1535 5526 1710 5596 adversus·
1728 5519 1846 5596 Deum
1872 5533 1907 5595 et
1927 5525 2099 5598 advertas
2114 5531 2238 5604 duca·
