4664 6022
139 314 215 395 sno
519 268 696 363 'onon
725 270 804 357 nn
836 274 1041 357 moro:
1086 273 1370 356 aurnuns
1397 270 1690 354 cucuron]
1715 280 1803 355 oc
2129 279 2191 364 an

143 488 223 557 attttt
243 468 385 571 politiae
405 460 507 538 illae,
533 454 742 551 priusquam
757 455 936 548 negligere
951 449 1050 526 bunc
1066 447 1146 527 tbe-
1198 454 1278 524 ticio
1304 453 1451 526 additur
1468 450 1674 547 promissio:
1706 450 1784 543 Qui
1797 451 1894 527 bona
1909 454 2134 528 conscientia
2145 459 2192 530 le—

145 546 288 659 eatttttut
305 572 510 656 coeperunt.
1198 570 1305 647 gunt,
1338 557 1499 641 discunt,
1539 555 1768 642 custodiunt,
1809 557 2084 651 amplectuntur
2114 555 2194 635 hanc

248 664 498 757 llierosolyma
524 674 560 731 et
579 659 724 744 iloruit,
750 670 785 730 et
800 658 946 731 urbium
968 672 1042 730 toto
1058 659 1146 729 orbe
1197 659 1342 729 unicam
1358 657 1537 729 Ecclesiae
1554 658 1775 744 doctrinam,
1799 653 1841 729 hi
1860 674 1967 747 sont,
1993 661 2060 756 qui
2075 675 2112 733 et
2122 664 2192 735 dili·

147 788 324 851 terrarum
339 758 580 857 pulcherrima
604 761 692 846 suit,
717 761 831 833 donec
848 757 1065 834 bibliotheca
1079 761 1147 832 Dei
1198 774 1289 851 gunt
1317 758 1453 842 Deum,
1486 774 1521 831 et
1557 784 1577 830 a
1607 755 1685 831 Deo
1725 761 1937 852 diliguntur.
2010 762 2192 839 Doctrinae

145 873 226 945 init.
284 865 413 939 Postea
442 888 523 935 cnm
548 863 661 935 libros
688 862 831 934 divinos
855 865 1064 959 negligeret,
1096 864 1147 933 ita
1200 864 1351 934 tuendae
1383 885 1503 932 curam
1535 861 1641 933 nobis
1671 867 1896 937 commendat
1925 864 2028 939 filius
2053 862 2193 955 Dci,et

148 972 263 1045 deleta
280 983 354 1056 est,
380 980 421 1037 ut
441 990 517 1036 non
535 966 652 1036 solum
672 966 833 1037 aedilicia
847 967 1014 1038 incendio
1031 967 1148 1060 perie-
1200 965 1436 1058 promissione
1458 965 1579 1035 addita
1602 988 1669 1034 nos
1690 968 1912 1054 consolatur,
1947 989 2019 1039 nec
2043 968 2124 1040 vult
2138 964 2192 1045 bas

147 1074 240 1158 rint,
264 1074 327 1141 sed
342 1069 448 1140 etiam
465 1080 540 1139 tota
554 1088 640 1159 geos
655 1065 826 1162 dissipata
844 1071 908 1156 sit,
931 1085 965 1141 et
980 1071 1020 1139 in
1037 1095 1078 1140 eo
1092 1069 1148 1137 lo-
1200 1068 1444 1139 consolatione
1467 1067 1593 1139 terreri
1612 1081 1749 1138 mentes
1771 1071 1893 1140 autad
1916 1071 2190 1161 desperationem

149 1200 192 1247 co
207 1198 304 1244 nunc
319 1172 501 1243 latronum
516 1192 640 1263 specus
655 1169 740 1243 sint.
774 1168 873 1241 ldem
886 1172 1016 1248 accidit
1029 1170 1148 1243 omni·
1201 1171 1313 1260 adigi:
1341 1171 1386 1240 de
1404 1193 1446 1240 eo
1461 1169 1579 1241 officio
1597 1168 1779 1264 loquitur,
1808 1170 1906 1266 duod
1921 1169 2096 1243 Ecclesia
2109 1198 2192 1266 prae

150 1278 219 1349 bus
230 1275 382 1347 urbibus
395 1272 501 1344 Asiae
515 1286 550 1344 et
565 1268 756 1359 Graeciae,
781 1275 820 1342 in
835 1275 966 1369 quibus
984 1299 1065 1346 cum
1080 1274 1150 1343 llo-
1200 1285 1293 1343 stare
1318 1286 1353 1343 et
1374 1286 1489 1366 potest
1511 1285 1547 1342 et
1561 1272 1686 1352 debet,
1716 1285 1752 1344 et
1768 1272 1840 1365 pii,
1865 1274 1931 1369 qui
1947 1274 2190 1351 moldonea

150 1391 268 1451 rentes
282 1372 462 1447 Ecclesiae
476 1376 657 1468 quondam
670 1375 823 1463 luerint,
848 1377 996 1447 desertis
1010 1377 1149 1462 studiis,
1200 1375 1392 1466 prudentia
1428 1373 1731 1459 antecelluerunt,
1769 1375 1943 1447 omnibus
1982 1378 2189 1470 componas

152 1483 248 1576 ipsae
263 1479 370 1549 urbes
386 1500 525 1546 eversae
540 1488 634 1547 sunt.
678 1474 831 1567 Quoties
848 1478 958 1569 igitur
968 1480 1006 1548 in
1022 1474 1080 1548 his
1093 1502 1150 1546 re·
1201 1478 1352 1548 fideliter
1373 1476 1638 1569 praestiterunt.
1690 1473 1768 1546 Hac
1792 1477 2101 1570 interpretatione
2115 1480 2191 1573 oo&

152 1581 319 1676 gionibus
340 1579 408 1650 iter
430 1577 565 1664 facitis,
596 1590 630 1649 et
646 1580 861 1672 oppidorum
881 1582 1042 1668 moenia,
1068 1604 1150 1649 coe·
1202 1591 1292 1662 tata,
1325 1579 1371 1648 ad
1395 1602 1461 1649 nos
1488 1578 1585 1670 ipsos
1608 1573 1701 1648 hanc
1721 1580 1934 1651 sententiam
1959 1584 2185 1655 emmone·

81 1673 84 1679 ’
153 1698 210 1757 tus
233 1678 443 1766 hominum,
477 1679 639 1773 politiae,
672 1684 805 1776 templa
829 1682 978 1768 videtis,
1000 1682 1150 1772 cogitate
1203 1704 1298 1768 mus,
1333 1681 1444 1750 simus
1468 1694 1502 1751 et
1524 1703 1590 1750 nos
1612 1681 1793 1762 custodes,
1827 1681 1984 1754 lectores
2012 1696 2053 1755 et
2086 1706 2184 1779 psopt-

153 1786 358 1870 vobiscum,
390 1778 477 1852 baec
498 1797 724 1870 ornamenta,
755 1782 825 1854 Dei
845 1782 1065 1876 benignitate
1086 1786 1151 1853 ad·
1203 1797 1340 1874 gatores
1356 1782 1541 1853 doctrinae
1554 1806 1630 1851 non
1645 1781 1787 1872 ignavi,
1805 1807 1881 1855 non
1896 1783 2089 1859 infideles.

153 1884 226 1960 huc
247 1886 383 1976 integra
400 1909 493 1970 esse,
516 1898 558 1956 ut
578 1885 651 1954 sint
664 1880 1089 1971 bibliothecaejdivinae,
1117 1900 1152 1956 et
1305 1882 1468 1956 Recitavi
1490 1887 1677 1970 mandata,
1711 1908 1802 1979 quae
1826 1886 2067 1980 praecipiunt
2087 1885 2193 1961 lectio·

154 2003 196 2063 ut
227 1989 345 2061 studia
378 1985 538 2057 coelestis
574 1986 757 2059 doctrinae
786 1988 968 2073 colantur,
1006 1988 1149 2059 credite.
1204 2009 1303 2072 nem,
1330 1987 1461 2082 quibos
1479 1988 1616 2057 moveri
1638 2010 1763 2058 omnes
1777 1988 1926 2060 debent·
1982 1987 2191 2063 Moveatstt·

155 2090 282 2164 Servat
296 2083 383 2159 baec
398 2088 529 2181 oppida
544 2083 660 2172 Deus,
687 2112 762 2161 non
775 2104 817 2160 ut
831 2091 904 2160 sint
915 2090 1151 2182 voluptatum,
1203 2101 1274 2158 tent
1306 2112 1368 2159 vos
1397 2102 1432 2159 et
1461 2089 1627 2178 cogitatio
1657 2088 1703 2158 de
1730 2089 1866 2180 duplici
1896 2090 2049 2179 fructu,
2077 2092 2191 2164 scilimt

154 2194 278 2278 luxus,
310 2190 477 2262 avaritiae
500 2201 536 2260 et
563 2190 715 2262 aliarum
739 2192 976 2284 cupiditatum
1007 2191 1151 2272 cubilia,
1205 2189 1349 2281 publico
1371 2202 1404 2261 et
1427 2189 1578 2281 privato.
1637 2188 1678 2262 Si
1698 2191 1898 2283 negligatur
1921 2192 2056 2281 lectio,
2085 2208 2188 2266 etnon

156 2295 219 2365 sed
232 2308 272 2366 ut
287 2292 359 2363 sint
375 2291 558 2364 doctrinae
584 2292 823 2364 invocationis
846 2308 884 2367 et
904 2294 1152 2367 celebrationis
1204 2293 1342 2362 discant
1370 2294 1532 2362 doctores
1562 2291 1720 2378 assidue,
1752 2293 2000 2365 ministerium
2027 2296 2186 2389 putten

155 2397 224 2470 Dei
240 2395 434 2469 domicilia.
1205 2395 1440 2484 extinguitur,
1475 2394 1575 2465 cuius
1602 2394 1785 2465 interitum
1815 2409 2031 2490 sequuntur
2050 2410 2183 2469 mat

261 2494 316 2568 Ac
337 2520 484 2589 prorsus
505 2521 585 2568 cnm
601 2495 705 2570 Pauli
722 2495 894 2569 concione
916 2499 1081 2590 congruit
1095 2498 1153 2568 di·
1204 2520 1355 2588 poenae,
1380 2511 1415 2569 et
1437 2497 1571 2567 excidia
1589 2496 1837 2568 universarum
1861 2499 2053 2589 gentium,
2075 2497 2184 2573 otilo-

158 2613 254 2672 ctum
272 2594 426 2682 Christi,
453 2602 548 2695 quod
571 2613 665 2671 extat
681 2603 776 2694 apud
792 2597 962 2672 loannem
984 2602 1024 2671 in
1040 2601 1152 2694 capite
1204 2622 1282 2669 scae
1291 2597 1328 2673 4.
1345 2600 1492 2671 dicitur:
1516 2597 1610 2686 Quia
1625 2613 1665 2670 tu
1681 2599 1864 2671 scientiam
1876 2601 2074 2691 repulisti,
2093 2602 2180 2696 repel-

158 2715 285 2797 quarto
317 2701 472 2773 decimo:
511 2700 552 2774 Si
585 2702 667 2795 quis
698 2702 817 2794 diligit
837 2726 912 2790 me,
951 2727 1152 2776 sermonem
1204 2702 1274 2770 lam
1299 2715 1354 2788 te,
1386 2726 1432 2771 ne
1454 2701 1651 2772 sacerdotio
1668 2702 1825 2791 iungaris
1847 2698 1956 2778 mihi.
2013 2702 2070 2776 lta
2083 2705 2177 2777 reiectt

157 2828 278 2874 meum
299 2805 471 2889 servabit,
496 2816 532 2873 et
545 2802 651 2874 Pater
666 2827 767 2874 meus
783 2802 908 2895 diliget
924 2830 1023 2892 eum,
1050 2820 1085 2878 et
1107 2807 1152 2877 ad
1205 2818 1257 2875 est
1280 2805 1393 2874 tribus
1414 2803 1566 2874 levitica.
1632 2800 1693 2873 Sic
1714 2802 1835 2874 reiecti
1857 2818 1945 2876 sunt
1963 2804 2009 2876 in
2024 2803 2171 2878 atitstci

159 2929 241 2976 eum
253 2905 441 2976 veniemus
458 2919 493 2974 et
505 2905 727 2975 mansionem
741 2909 837 2998 apud
853 2930 934 2977 eum
949 2909 1129 2983 iaciemus.
1204 2920 1324 2997 postea
1353 2906 1473 2997 ignavi
1499 2901 1682 2996 Episcopi.
1746 2904 1877 2977 Punici
1909 2906 2030 2999 igitur
2050 2906 2168 2983 Dent

263 3005 307 3076 ln
324 3001 390 3077 hac
405 3006 608 3077 dulcissima
622 3007 795 3079 concione
808 3009 904 3079 filius
919 3006 987 3079 Dei
1003 3036 1078 3082 non
1094 3034 1153 3081 so-
1205 3023 1343 3080 nostras
1364 3008 1545 3099 regiones,
1578 3005 1608 3076 si
1630 3029 1694 3097 per
1714 3006 1911 3098 ignaviam,
1941 3008 1980 3082 si
2003 3018 2176 3101 contenet!

158 3109 235 3180 lum
257 3108 445 3202 praecipit,
475 3121 517 3179 ut
541 3108 726 3181 doctrinae
749 3112 911 3182 custodes
935 3112 1065 3198 simus,
1088 3113 1151 3183 sed
1204 3112 1387 3181 doctrinae
1422 3124 1458 3181 et
1495 3108 1620 3179 iudicii
1654 3109 1771 3180 divini
1796 3109 1996 3183 lectionem
2026 3130 2177 3187 sactum

160 3211 266 3282 etiam
288 3212 388 3282 addit
411 3210 682 3302 promissionem
704 3212 977 3306 amplissimam,
1007 3215 1152 3305 diligis
1204 3215 1380 3285 librorum
1399 3212 1619 3284 abiiciemus.
1679 3211 1786 3301 Quod
1809 3237 1855 3282 ne
1874 3212 1960 3300 fiat,
1993 3214 2180 3309 singuline

159 3310 236 3386 Deo
260 3307 370 3384 buius
395 3312 578 3384 doctrinae
601 3315 781 3401 custodes,
805 3338 936 3408 eosque
952 3314 1019 3387 Dei
1036 3318 1151 3388 domi·
1204 3316 1298 3407 ipsos
1318 3314 1531 3405 cogitatione
1555 3315 1805 3385 mandatorum
1825 3314 1913 3401 Dei,
1946 3326 2184 3408 poema

160 3416 283 3487 cilium
302 3437 385 3488 esse
436 3413 561 3509 Neque
574 3415 739 3506 cogitari,
761 3440 878 3512 neque
893 3419 1006 3510 expeti
1024 3421 1152 3491 melius
1204 3418 1443 3510 praemiorum
1457 3419 1502 3487 ad
1517 3416 1738 3507 diligentiam
1755 3416 2010 3494 exuscitemus.
2066 3416 2184 3493 htnb

161 3516 351 3612 quicquam
367 3530 501 3609 potest,
525 3540 639 3611 neque
651 3517 839 3612 quicquam
855 3542 929 3591 esse
942 3523 1069 3593 melius
1083 3523 1151 3593 ulli
1204 3522 1248 3590 de
1270 3514 1337 3590 bac
1357 3545 1395 3591 re
1419 3522 1534 3591 oratio
1563 3543 1637 3590 csse
1663 3533 1796 3612 posset:
1825 3519 1887 3590 sed
1942 3521 2007 3593 uia
2027 3516 2186 3617 haesit!

161 3632 342 3689 creaturae
358 3631 494 3710 potest,
515 3642 623 3712 quam
646 3618 722 3689 fieri
737 3643 813 3690 eam
830 3617 899 3692 Dei
917 3625 1152 3699 domicilium.
1203 3622 1495 3693 commonefactio
1519 3645 1621 3713 saepe
1651 3623 1824 3713 repetitur
1851 3621 1897 3691 ab
1923 3647 1946 3692 a
1965 3624 2039 3713 iis,
2077 3638 2115 3699 et
2139 3642 2185 3713 tt·

160 3716 265 3789 Hanc
280 3720 551 3811 promissionem
574 3741 706 3815 quaeso
726 3743 829 3814 saepe
851 3723 1037 3797 vobiscum
1053 3725 1152 3817 cogi·
1202 3735 1348 3816 propter
1388 3724 1667 3795 imbecillitatem
1696 3723 1834 3816 prolixe
1862 3721 2019 3799 dicendi
2048 3729 2187 3803 labosts!

160 3832 253 3907 tate,
275 3834 317 3893 ut
332 3845 396 3891 vos
410 3823 454 3891 ad
479 3822 747 3907 custodiendos,
775 3824 946 3916 legendos
964 3841 999 3899 et
1021 3852 1152 3922 propa-
1202 3827 1295 3897 ferre
1310 3850 1384 3897 uon
1400 3849 1563 3918 possum,
1588 3850 1649 3896 ero
1665 3826 1822 3898 brevior.

161 3923 296 4011 gendos
314 3923 424 3995 libros
441 3918 622 3994 Ecclesiae
634 3927 844 4002 accendatis.
1303 3925 1513 3999 Dixiautem
1526 3929 1571 3998 de
1584 3928 1726 4019 publica
1741 3928 1893 4001 utilitate
1901 3926 2093 4017 lectionis,
2107 3922 2189 4025 qut!

261 4023 334 4094 Nec
344 4049 427 4095 vero
443 4024 587 4111 dubito,
611 4028 701 4121 quin
715 4031 909 4103 multorum
923 4029 1054 4102 animis
1068 4030 1152 4123 plu·
1201 4030 1336 4102 scilicet
1357 4031 1504 4102 lectioni
1519 4044 1553 4101 et
1572 4030 1690 4102 studio
1709 4045 1869 4102 servetur
1883 4030 2085 4123 publicum
2096 4024 2189 4107 misi,

160 4124 291 4194 rimum
313 4127 497 4216 profutura
516 4127 561 4198 sit
573 4122 681 4200 buius
701 4132 894 4203 sententiae
909 4135 1032 4204 crebra
1053 4133 1150 4223 cogi·
1201 4132 1365 4214 sterium,
1397 4158 1469 4226 quo
1492 4130 1590 4203 Deus
1611 4145 1663 4203 est
1683 4133 1823 4218 efficax,
1858 4145 1895 4203 et
1917 4133 1993 4204 sibi
2021 4148 2190 4208 aeterna!

159 4226 265 4308 tatio,
292 4226 320 4294 si
339 4242 430 4298 recte
446 4242 481 4298 et
496 4229 617 4301 dextre
632 4254 711 4302 eam
726 4232 939 4326 intelligent.
989 4234 1150 4306 Pertinet
1201 4232 1394 4307 Ecclesiam
1418 4235 1563 4326 colligit.
1623 4231 1699 4305 lam
1724 4249 1760 4306 et
1779 4231 1947 4325 privatim
1969 4255 2039 4307 sua
2054 4235 2197 4332 quisqu

158 4343 276 4400 autem
301 4322 370 4396 boc
391 4354 532 4423 quoqne
554 4334 599 4402 ad
614 4357 733 4405 meum
749 4337 924 4426 officium,
956 4340 1150 4409 admouere
1200 4336 1330 4408 mentis
1353 4338 1471 4409 fructu
1491 4349 1685 4410 moveatur.
1743 4335 1913 4408 Lectione
1935 4338 2191 4410 accenditurtt

158 4453 221 4500 vos
236 4431 281 4499 de
297 4453 378 4499 vera
393 4432 627 4506 enarratione.
1200 4440 1309 4510 alitur
1322 4438 1384 4510 lux
1393 4441 1532 4523 divina,
1558 4440 1598 4508 in
1612 4440 1718 4510 corde
1731 4436 2019 4535 uniuscuiusque
2040 4444 2192 4513 cretati

260 4530 389 4617 Multi,
417 4538 512 4627 quod
538 4536 734 4608 dolendum
753 4551 788 4610 et
804 4541 1066 4632 deplorandum
1086 4553 1149 4625 est,
1200 4565 1323 4612 omnes
1356 4543 1524 4623 virtutes,
1558 4540 1691 4630 agnitio
1714 4539 1802 4626 Dei,
1837 4539 1969 4625 timor,
2003 4542 2115 4628 fides,
2142 4536 2191 4615 tile

159 4649 239 4704 ante
255 4632 343 4704 haec
359 4648 516 4727 tempora
532 4638 580 4708 ita
597 4635 664 4710 boc
677 4640 812 4712 dictum
822 4639 955 4714 Cbristi
972 4645 1147 4734 interpre-
1200 4645 1321 4729 lectio,
1356 4645 1510 4729 iustitia,
1540 4643 1747 4728 tolerantia,
1779 4641 1940 4727 castitas,
1962 4643 2127 4741 denique
2142 4662 2191 4713 st·

159 4736 221 4805 tati
244 4750 344 4820 sunt,
376 4762 450 4808 non
472 4754 511 4812 ut
534 4745 716 4831 prodesset
738 4745 934 4832 mentibus,
969 4749 1030 4816 scd
1052 4746 1146 4816 utin
1199 4747 1332 4840 pientia
1349 4749 1387 4817 in
1402 4746 1671 4837 gubernatione.
1723 4739 2095 4836 Acsiquiscogitat,
2116 4740 2192 4819 stiffi

159 4837 437 4926 desperationem
456 4866 513 4911 eas
533 4844 743 4929 adduceret,
766 4847 931 4920 dixerunt
944 4849 1039 4918 enim
1059 4849 1146 4937 legis
1199 4875 1273 4920 esse
1297 4851 1405 4920 semel
1428 4865 1534 4944 atque
1556 4848 1685 4919 iterum
1710 4845 1835 4937 legisse
1856 4869 1968 4915 unam
1983 4862 2100 4943 atquc
2113 4846 2193 4919 atte-

157 4961 279 5007 vocem
310 4963 402 5025 esse,
437 4944 652 5034 flagitantem
683 4949 855 5039 integram
889 4950 1145 5021 obedientiam:
1198 4977 1273 5022 ram
1307 4952 1498 5042 pagellam,
1539 4945 1597 5019 hic
1633 4973 1777 5040 prorsus
1809 4945 1998 5020 doctrinae
2038 4946 2192 5023 coelestis

156 5062 262 5129 qnam
287 5064 365 5109 cum
389 5068 494 5115 nemo
516 5063 685 5137 praestet,
719 5044 785 5122 bac
806 5078 891 5123 voce
912 5078 1036 5122 omnes
1057 5076 1144 5122 con·
1197 5055 1499 5142 magnitudinem,
1534 5076 1599 5122 nec
1621 5067 1776 5124 nostram
1798 5049 2110 5137 imbecillitatem,
2133 5068 2193 5121 nst

155 5141 325 5229 demnari.
364 5142 459 5215 Haec
475 5149 717 5240 interpretatio
730 5178 804 5225 non
821 5155 971 5248 quadrat
984 5157 1028 5224 ad
1047 5147 1143 5226 hunc
1196 5157 1293 5225 illam
1327 5154 1486 5227 discendi
1514 5155 1688 5231 rationem
1717 5153 1931 5224 considerat.
1992 5152 2203 5235 mathana}

154 5242 282 5316 locum.
325 5239 406 5314 Alia
421 5264 471 5319 est
488 5255 661 5326 sententia
678 5251 785 5327 huius
797 5256 991 5330 concionis.
1034 5255 1142 5326 Prae·
1193 5258 1400 5346 imaginatio
1415 5272 1483 5342 est,
1510 5257 1539 5326 si
1557 5257 1638 5350 quis
1653 5279 1728 5327 non
1740 5254 1879 5325 assidua
1895 5253 2059 5335 lectione
2073 5276 2193 5329 accett-

152 5359 289 5434 ceptum
304 5352 516 5438 proponitur
531 5357 753 5428 custodiendi
770 5356 901 5444 libros,
925 5373 961 5431 et
979 5357 1143 5430 discendi
1192 5360 1345 5430 dendam
1370 5375 1525 5432 mentem
1555 5373 1590 5429 et
1614 5353 1819 5448 augendam'
1835 5356 2045 5429 doctrinam
2076 5354 2189 5431 existi·

147 5446 347 5518 doctrinam
367 5456 548 5527 coclestem
564 5459 907 5544 bonaconscientia,
935 5455 1137 5533 etbuicof-
1189 5476 1273 5533 mat.
1332 5461 1439 5534 Scitis
1464 5463 1512 5532 ita
1533 5460 1704 5553 scriptum
1726 5482 1818 5541 esse,
1849 5453 2100 5551 Evangelium
2122 5478 2186 5541 esst
