4664 6022
157 300 233 377 417
884 295 1045 375 DECL.
1077 297 1154 375 DE
1188 293 1480 375 PLATONE.
2121 323 2196 399 413

148 498 221 567 ego
243 488 363 547 tamen
388 467 452 543 bos
474 470 665 545 sententias
680 467 876 563 Evangelio
897 475 1037 544 misceri
1053 475 1149 556 volo,
1200 474 1359 565 exemplo
1383 488 1457 545 erat
1485 478 1689 551 admonitus
1714 479 1834 570 Plato,
1869 511 1941 558 non
1972 514 2073 580 posse
2095 498 2191 571 coire

146 580 214 651 aad
244 591 388 649 teneant
419 600 522 647 snum
562 576 680 645 locum
707 577 869 647 doctrina
903 579 1051 648 rationis
1087 593 1149 664 est,
1198 577 1388 647 amicitiam
1414 578 1507 649 inter
1530 576 1767 676 Philosophus
1794 601 1828 658 et
1855 602 2044 685 tyrannos,
2073 599 2186 671 rictus

147 705 242 777 quae
259 704 340 751 cum
363 693 457 749 reete
478 672 769 771 philosophatur,
795 704 874 749 eum
889 681 1034 769 vestigia
1053 681 1148 750 divi·
1198 693 1317 748 tamen
1352 673 1602 753 adhortatione
1633 684 1776 774 Dionis,
1823 692 1861 760 in
1891 693 2048 766 Siciliam
2085 705 2188 780 redit.

146 783 276 855 „figaris
291 783 329 850 in
349 783 454 853 rebus
470 781 627 876 quaerit,
654 804 733 850 eum
750 783 949 853 considerat
970 777 1147 853 humanae
1196 777 1311 851 Erant
1333 783 1487 874 auspicia
1511 787 1645 856 aulicae
1667 795 1935 865 consuetudinis
1960 800 2068 885 laeta,
2095 805 2187 877 eires

146 885 283 957 mentis
307 897 492 967 naturam,
519 883 681 976 pervenit
704 885 749 953 ad
773 879 835 952 bas
855 897 984 971 metas,
1013 886 1147 955 divini·
1196 907 1318 954 omnes
1341 908 1487 955 aureum
1510 891 1688 981 quoddam
1723 896 1879 964 seculum
1903 900 1971 968 sibi
2002 907 2189 993 promitte-

148 1003 210 1061 ως
235 987 443 1080 propositas.
492 985 583 1055 Nam
607 980 756 1077 Epicuri
772 986 1003 1057 deliramenta
1022 989 1145 1080 procul
1196 987 1300 1070 bant,
1333 1000 1518 1080 postquam
1546 993 1737 1080 gubernari
1768 999 1971 1071 adolescens
1993 1027 2013 1073 a
2038 1002 2188 1081 Platone

147 1091 251 1163 avia
282 1091 464 1172 deerrant,
496 1102 530 1158 et
559 1086 691 1158 tollunt
719 1088 894 1180 principia
917 1085 1080 1184 physica,
1112 1104 1147 1161 et
1195 1089 1321 1179 coepit.
1373 1086 1553 1161 Audiebat
1576 1095 1670 1163 enim
1686 1092 1944 1190 Philosophum
1968 1129 2097 1195 magno
2113 1127 2187 1181 stu·

146 1195 312 1265 obruunt
343 1190 513 1261 noticiam
547 1191 591 1259 de
624 1190 706 1259 Deo
738 1191 943 1283 impressam
979 1189 1146 1262 humanis
1194 1190 1313 1260 diode
1336 1187 1430 1271 Deo,
1455 1195 1569 1288 deque
1592 1197 2119 1295 immortalitatedisserentem,
2147 1229 2187 1287 ut

147 1294 345 1367 mentibus.
393 1292 462 1363 Sed
478 1294 583 1361 redeo
600 1293 644 1360 ad
663 1286 861 1364 historiam.
911 1291 967 1364 Ex
983 1292 1145 1388 Aegypto
1195 1293 1362 1382 epistolae
1378 1307 1551 1366 testantur
1565 1322 1655 1390 quae
1670 1295 1786 1371 adhnc
1802 1318 1932 1376 extant.
1967 1305 2079 1381 Porro
2098 1309 2184 1385 haec

147 1418 316 1469 mersus
330 1394 450 1478 Plato,
476 1396 591 1465 adfuit
608 1393 747 1464 Socrati
764 1396 801 1463 in
817 1396 969 1466 iudicio:
994 1421 1145 1490 cumque
1193 1395 1425 1466 sarrrdamenta
1447 1412 1529 1468 sunt
1551 1424 1652 1469 verae
1674 1404 1834 1486 virtutis,
1860 1420 1979 1479 tenere
1996 1426 2125 1484 rectam
2141 1419 2186 1487 de

145 1500 293 1594 publice
315 1520 379 1589 pro
403 1522 445 1567 eo
463 1497 580 1565 dicere
603 1498 791 1588 coepisset,
817 1499 1145 1571 clamorelaetionis
1193 1493 1271 1565 Deo
1299 1511 1334 1567 et
1364 1499 1408 1566 de
1441 1498 1703 1573 immortalitate
1728 1507 1929 1581 animorum
1958 1519 2186 1588 sententiam:

145 1601 436 1675 ,dvemriorum
456 1598 646 1690 impeditus
663 1615 730 1671 est:
758 1624 867 1693 quare
888 1627 968 1672 cum
984 1627 1058 1671 non
1080 1626 1144 1670 au·
1193 1596 1290 1668 Haec
1304 1593 1530 1691 philosophia
1547 1605 1688 1694 regibus
1704 1608 1810 1698 digna
1826 1625 1889 1687 est.
1943 1613 2101 1687 Tantum
2120 1621 2186 1711 igi-

146 1705 307 1785 ditetur,
337 1701 498 1771 desinere
532 1712 694 1787 coactus,
724 1704 899 1792 praestitit
931 1705 968 1771 in
1000 1704 1144 1775 caeteris
1193 1714 1252 1769 tur
1267 1703 1443 1793 promovit
1461 1701 1572 1791 Plato,
1590 1721 1629 1775 ut
1644 1708 1705 1777 illa
1723 1725 1822 1781 atrox
1840 1718 2039 1807 tyrannidis
2054 1725 2186 1811 species

145 1805 277 1880 officii,
295 1803 434 1877 socrati
458 1804 563 1873 fidem
588 1818 623 1874 et
647 1806 879 1874 constantiam
901 1807 1045 1894 dignam
1065 1807 1143 1875 viro
1194 1827 1337 1894 prorsus
1353 1804 1547 1892 tolleretur,
1572 1811 1739 1900 prodibat
1757 1814 1796 1881 in
1813 1818 2006 1906 publicum,
2020 1826 2185 1895 versaba-

144 1912 261 1982 ωηο.
311 1902 361 1977 Et
383 1919 515 1999 quanta
537 1930 617 1975 cum
638 1907 809 1995 gravitate
823 1906 1003 1980 Socratem
1021 1909 1144 1978 delen·
1193 1919 1253 1975 tur
1267 1931 1346 1976 eum
1363 1907 1500 1977 civibus
1515 1908 1611 1990 l'sex,
1637 1938 1710 1982 non
1734 1919 1919 2009 tyrannico
1935 1924 2101 1995 satellitio
2122 1930 2186 1997 sti-

145 2033 254 2085 mme
275 2008 402 2092 luerit,
428 2009 457 2076 si
482 2009 656 2091 licuisset,
683 2009 816 2078 indicat
831 2008 1028 2100 Apologia,
1055 2036 1144 2104 quae
1193 2023 1306 2100 patus,
1333 2012 1393 2078 sed
1410 2012 1622 2081 doctissimis
1638 2029 1673 2084 et
1689 2019 1921 2092 nobilissimis
1936 2024 2083 2099 civibus.
2110 2026 2186 2099 Do-

146 2110 267 2187 adhuc
281 2123 396 2196 extat,
422 2109 460 2178 in
480 2134 548 2202 qua
562 2111 673 2182 multa
687 2111 943 2201 sapientissime
961 2114 1142 2197 dicuntur,
1193 2112 1335 2180 mestiea
1356 2112 1427 2181 vita
1450 2115 1683 2185 adolescentis
1707 2143 1781 2187 non
1807 2125 1915 2193 modo
1936 2126 2012 2197 sine
2029 2131 2183 2220 turpitu·
2271 2156 2280 2167 ·

150 2230 274 2289 mum
300 2213 541 2308 arrogantiam
571 2206 779 2293 hominum,
818 2215 879 2307 qui
912 2214 1027 2286 Deum
1058 2239 1144 2284 con·
1192 2211 1277 2281 dine
1302 2226 1395 2297 erat,
1422 2215 1482 2283 sed
1505 2217 1608 2287 etiam
1632 2218 1670 2287 in
1691 2223 1836 2312 optimis
1858 2228 1986 2297 studiis
2003 2233 2185 2320 agebatur.

151 2329 333 2401 temnunt,
358 2316 420 2409 qui
443 2327 573 2404 negant
593 2316 851 2406 providentiam
867 2340 952 2391 esse.
1004 2314 1143 2386 Deinde
1195 2313 1235 2384 ln
1259 2315 1408 2405 imperio
1431 2311 1524 2385 nihil
1549 2321 1755 2407 crudeliter,
1789 2320 1881 2394 nihil
1910 2329 2058 2415 iniuste,
2092 2330 2184 2405 nihil

148 2420 252 2494 addit
283 2418 395 2488 multa
422 2419 466 2487 de
492 2418 771 2486 immortalitate:
804 2420 954 2509 sapienti
987 2420 1145 2509 gratissi·
1192 2417 1268 2485 sine
1285 2418 1433 2488 consilio
1455 2419 1633 2490 bonorum
1648 2424 1808 2496 virorum
1825 2424 1953 2499 Dionis
1970 2446 2004 2501 et
2023 2434 2185 2505 Heracli-

145 2546 246 2593 mum
269 2542 366 2606 esse,
398 2520 575 2589 discedere
598 2542 639 2587 ex
661 2514 727 2588 hac
747 2520 836 2605 vita,
868 2524 913 2591 ad
936 2522 1018 2592 illos
1039 2524 1143 2605 viros,
1192 2520 1257 2587 dae
1272 2519 1385 2590 hehat.
1425 2517 1521 2590 Haec
1537 2535 1633 2593 tanta
1650 2526 1744 2596 bona
1761 2552 1833 2597 non
1852 2544 1922 2599 tam
1938 2530 2102 2629 Dionysii
2122 2562 2185 2607 na-

144 2626 211 2697 ubi
230 2626 276 2694 de
289 2623 436 2694 summis
451 2622 557 2695 rebus
571 2622 701 2691 certius
717 2624 836 2692 doceri
852 2625 972 2716 possit·
1027 2622 1143 2694 Inter·
1192 2635 1289 2705 tura,
1315 2647 1420 2714 quam
1439 2624 1593 2713 vulgaris
1609 2627 1771 2699 aularum
1788 2635 1894 2722 pestis
1909 2635 2044 2707 invidia
2061 2664 2186 2711 corru-

144 2728 238 2799 feeto
265 2725 426 2809 Socrate,
453 2749 533 2795 cum
556 2737 774 2795 accusatores
794 2726 905 2818 ipsios
928 2727 1142 2796 insirliaren.
1192 2724 1262 2815 pit,
1295 2724 1449 2816 improbi
1472 2727 1638 2817 quidam,
1670 2732 1732 2823 qui
1754 2748 1795 2804 ut
1811 2734 1989 2807 licentiam
2011 2735 2184 2814 baberent

142 2844 205 2903 tur
225 2828 350 2899 amicis
380 2828 495 2911 illius,
528 2826 630 2897 Plato
656 2852 777 2898 rursus
810 2832 1044 2901 secedendum
1074 2829 1140 2898 sibi
1191 2826 1380 2912 scelerum,
1407 2828 1655 2902 desiderabant
1676 2847 1805 2905 statum
1825 2841 2062 2931 tyrannicum,
2088 2848 2183 2915 etad

142 2956 219 3004 ως
241 2930 389 3001 censuit.
446 2929 631 3000 Profectus
650 2931 757 3021 igitur
778 2932 815 3000 in
839 2932 1016 3018 Siciliam,
1045 2933 1141 3000 venit
1191 2953 1227 2999 se
1256 2954 1374 2999 rerum
1408 2924 1564 3000 habenas
1596 2928 1733 3005 trahere
1761 2941 1997 3024 conabantur,
2040 2970 2184 3017 excusso

141 3036 187 3107 ,d
207 3034 421 3128 Dionysium
446 3047 657 3125 tyrannum,
682 3048 818 3125 patrem
834 3035 986 3105 iunioris
1003 3033 1142 3128 Diony·
1191 3029 1321 3101 Dione.
1375 3027 1559 3118 Qtrrsntum
1574 3049 1690 3105 antem
1707 3040 1847 3111 valeant
1869 3044 2084 3133 calumniae,
2110 3073 2184 3118 non

142 3139 210 3229 ᾗ,
245 3134 340 3228 pulsi
366 3136 550 3229 aliquanto
575 3148 653 3225 post
683 3160 723 3203 ex
746 3161 872 3225 regno;
905 3162 986 3207 nam
1011 3136 1159 3208 Siculis
1190 3136 1297 3203 modo
1323 3134 1360 3200 in
1381 3134 1489 3218 aulis,
1515 3137 1697 3206 sedetiam
1721 3145 1814 3231 apud
1837 3146 2011 3233 privatos,
2038 3174 2110 3219 non
2133 3165 2185 3221 est

144 3251 250 3311 erant
269 3238 391 3308 crebra
416 3262 497 3307 cum
515 3232 796 3308 Atheniensibus
818 3240 1047 3324 commercia,
1074 3234 1141 3306 ho-
1191 3237 1391 3305 obscurum.
1441 3232 1486 3304 Et
1505 3237 1587 3328 quia
1603 3261 1760 3310 sororem
1776 3241 1940 3338 Dionysii
1956 3245 2052 3318 Dion
2076 3247 2185 3321 habe-

144 3366 228 3413 mm
241 3340 352 3431 leges,
378 3340 513 3424 studia,
532 3338 644 3410 Siculi
661 3340 903 3411 imitabantur.
954 3337 1002 3412 Et
1019 3354 1140 3434 tyran·
1191 3340 1261 3420 bat,
1287 3335 1531 3406 instillabatnr
1547 3341 1639 3428 regi,
1666 3365 1738 3410 non
1759 3365 1830 3412 esse
1847 3351 2107 3421 concedendam
2125 3354 2183 3422 ni·

150 3464 222 3513 m
240 3442 312 3533 39oe
335 3442 480 3531 ingenio
504 3441 677 3533 ponebat,
701 3457 734 3511 21
759 3439 906 3512 Graecis
928 3443 1055 3513 studiis
1077 3444 1139 3511 de·
1191 3440 1298 3508 miam
1316 3438 1508 3529 potentiam
1523 3442 1634 3525 alfini,
1660 3468 1705 3511 ne
1722 3467 1869 3533 regnum
1887 3452 2079 3543 aliquando
2096 3479 2183 3524 con-

144 3544 354 3617 lactabitur.
413 3542 482 3616 Sed
510 3558 585 3613 erat
608 3545 695 3612 civis
719 3544 960 3638 Syracusanus
981 3568 1140 3614 summae
1191 3541 1396 3632 cupisceret.
1447 3538 1538 3610 Cum
1567 3543 1676 3632 igitur
1708 3550 1849 3616 tandem
1874 3552 2056 3626 vincerent
2084 3581 2185 3650 syco-

144 3648 348 3718 autoritatis
364 3644 479 3716 Dion:
506 3647 536 3714 is
550 3645 735 3715 Platonem
751 3643 904 3737 hospitio
923 3648 1074 3738 excepit,
1100 3660 1139 3717 ut
1191 3639 1375 3736 phantiae,
1401 3644 1545 3733 pellitur
1562 3670 1602 3715 ex
1624 3670 1731 3736 regno
1747 3646 1862 3735 Dion,
1887 3654 2016 3726 frustra
2031 3656 2182 3728 Platone

142 3774 228 3821 eum
247 3750 475 3819 disserentem
504 3750 700 3818 denatura
736 3762 770 3817 et
803 3752 847 3818 cle
875 3748 965 3840 Rep.
991 3750 1139 3832 audiret,
1191 3746 1358 3817 omnibus
1373 3746 1704 3830 modisannitente,
1730 3775 1775 3820 ne
1791 3755 1877 3845 quid
1895 3757 1932 3825 in
1948 3760 2052 3828 talem
2069 3761 2181 3831 civem

140 3854 205 3924 sad
228 3852 319 3922 sicut
343 3851 503 3921 naturale
520 3851 709 3919 dissidium
729 3865 778 3920 est
792 3854 986 3922 multarum
1009 3876 1139 3932 rerum,
1191 3873 1327 3919 summa
1356 3848 1485 3919 virtute
1516 3864 1551 3920 et
1586 3852 1775 3922 autoritate
1802 3860 2018 3945 praeditum,
2051 3863 2182 3933 iniuste

139 3968 253 4050 atque
269 3955 504 4023 animantium
522 3953 617 4022 inter
629 3976 684 4037 se,
710 3952 786 4024 vini
801 3968 835 4023 et
855 3953 1009 4034 cicutae,
1034 3953 1137 4047 cygni
1191 3952 1473 4022 constitueretur.
1523 3947 1647 4022 Eiecto
1667 3952 1784 4025 Dione
1805 3960 1975 4048 paulatim
1999 3963 2183 4056 improbo-

141 4072 179 4130 „
200 4057 364 4152 aquilae,
388 4056 436 4125 ita
458 4055 619 4125 nativum
643 4069 678 4126 et
700 4055 924 4147 implacabile
948 4055 1140 4125 odiumest
1191 4079 1271 4124 rum
1297 4054 1457 4144 potentia
1484 4056 1613 4135 crevit,
1647 4071 1680 4125 et
1706 4060 1890 4149 depravari
1925 4066 2016 4152 regis
2041 4068 2181 4137 animus

138 4162 241 4232 inter
253 4182 292 4230 se
314 4158 579 4253 tyrannicarum
595 4170 803 4228 naturarum
821 4172 856 4228 et
875 4152 1133 4248 philosophica·
1191 4154 1315 4246 coepit.
1367 4154 1474 4225 forte
1488 4180 1529 4223 eo
1549 4170 1706 4248 tempore
1723 4159 1822 4230 Plato
1845 4167 2019 4254 praedixit
2034 4169 2180 4259 eclipsin

139 4286 238 4335 mm.
292 4260 375 4331 ldeo
399 4285 479 4330 cum
504 4258 607 4329 Plato
632 4260 780 4329 liberius
798 4253 1082 4352 reprehendisset
1100 4259 1138 4326 in
1191 4260 1358 4328 suturam.
1414 4256 1466 4327 lbi
1483 4254 1704 4350 Aristippus,
1731 4264 1794 4354 qui
1817 4287 1888 4334 una
1911 4269 2049 4351 aderat,
2074 4272 2123 4338 ait
2144 4294 2182 4337 se

139 4366 360 4460 quibusdflm
390 4365 497 4432 rebus
518 4358 683 4455 Dionysii
706 4362 932 4440 violentiam,
966 4376 1139 4456 tyrannus
1191 4362 1234 4429 de
1258 4359 1513 4448 significatione
1534 4362 1798 4445 divinaturnm,
1825 4390 1864 4436 ac
1886 4368 2026 4452 iocans,
2061 4371 2181 4462 ineptit

139 4474 229 4539 'aum
262 4465 512 4537 interfecturus
538 4477 623 4534 erat·
674 4462 745 4533 Sed
771 4478 935 4534 exoratus
963 4488 983 4532 a
1011 4460 1147 4545 Dione,
1190 4461 1354 4554 portendi
1392 4460 1614 4531 inimicitiam
1651 4464 1744 4534 inter
1776 4491 1891 4557 regem
1919 4484 1953 4539 et
1979 4468 2179 4541 Platonem.

138 4571 258 4641 vitam
274 4570 308 4639 ei
325 4568 514 4651 concessit,
545 4568 608 4635 sed
631 4566 696 4651 ita,
725 4579 766 4639 nt
787 4567 825 4635 in
848 4566 1055 4637 servitutem
1074 4566 1139 4635 ad.
1190 4560 1269 4633 Hoc
1292 4562 1371 4632 ioco
1394 4561 1503 4631 facete
1521 4564 1623 4633 aulae
1644 4569 1874 4638 mutationem
1896 4568 2099 4662 Aristippus
2123 4595 2180 4641 re-

138 4673 280 4745 diceret
311 4671 454 4742 cuidam
484 4667 786 4751 Lacedaemonio,
819 4669 1028 4760 iuberetque
1057 4688 1139 4736 eunt
1190 4659 1397 4758 prehendit,
1423 4665 1485 4733 sed
1509 4664 1601 4733 illud
1627 4668 1694 4737 luit
1716 4671 1937 4755 addendum,
1965 4669 2179 4767 Dionysium

137 4774 267 4848 mai,
300 4772 454 4845 Aveetus
468 4771 577 4861 igitur
591 4768 693 4842 Plato
708 4771 747 4839 in
762 4769 910 4861 Aegina,
935 4772 1140 4861 redemptus
1190 4780 1336 4860 propter
1348 4778 1500 4835 mutatos
1514 4791 1649 4853 mures,
1674 4793 1822 4860 regnum
1837 4773 2048 4844 amissurum
2062 4776 2181 4853 luisse.

140 4890 202 4951 est
214 4900 236 4948 a
247 4871 367 4948 Dione
378 4874 486 4944 minis
504 4872 660 4964 triginta,
686 4867 755 4944 hoc
770 4887 832 4958 est,
857 4873 1023 4944 trecentis
1037 4895 1139 4942 coro·
1189 4867 1268 4940 Etsi
1284 4880 1402 4938 autem
1419 4880 1591 4962 tyrannus
1606 4872 1758 4941 retinere
1773 4870 1956 4943 Platonem
1978 4889 2053 4946 arte
2073 4902 2181 4949 cona-

139 4980 260 5066 natie,
282 4992 323 5052 ut
336 5001 435 5049 nunc
447 4976 642 5070 loquimur.
685 4973 834 5046 Mortuo
846 4990 945 5068 patre
961 5000 1041 5046 eum
1059 4996 1140 5042 suc·
1190 4987 1268 5056 sur,
1299 4983 1417 5039 tamen
1449 4970 1629 5062 suspicans
1656 4969 1778 5057 Plato,
1810 4975 1846 5044 id
1869 4979 1964 5069 quod
1987 4993 2078 5064 erat,
2112 4980 2180 5050 sibi

140 5084 284 5157 „deret
300 5081 502 5152 adolescens
517 5077 725 5172 Dionysius,
742 5094 776 5149 et
791 5080 978 5170 praecipue
991 5074 1139 5147 consilio
1191 5086 1336 5167 propter
1347 5070 1501 5142 Dionem
1526 5069 1693 5143 nonnihil
1718 5098 1791 5144 esse
1814 5079 1982 5167 periculi,
2008 5083 2129 5153 avellit
2146 5104 2182 5151 se

140 5184 276 5259 moni,
291 5195 488 5275 regeretur,
513 5203 553 5249 ae
567 5179 664 5253 Dion
680 5180 836 5249 iuvenile
853 5180 1036 5272 ingenium
1052 5175 1142 5247 Dio·
1190 5202 1211 5247 a
1236 5172 1411 5269 Dionysio
1434 5174 1566 5267 quibus
1591 5189 1705 5266 potest
1726 5178 1858 5248 modis:
1884 5181 2078 5253 dimittitur
2101 5204 2182 5271 ergo

141 5286 244 5383 nysii
273 5288 319 5355 ad
344 5286 532 5365 virtutem,
579 5282 753 5353 iusticiam
794 5296 829 5351 et
859 5281 1140 5352 moderationem
1192 5302 1266 5347 non
1283 5278 1359 5346 sine
1374 5299 1539 5361 munere3
1566 5278 1727 5350 scribunt
1743 5280 1838 5348 enim
1855 5284 2031 5372 octoginta
2052 5285 2184 5354 talenta

143 5390 289 5459 flectere
308 5386 470 5457 doctrina
487 5398 522 5454 et
539 5385 729 5455 autoritate
751 5384 921 5475 sapientis
937 5384 1007 5452 viri
1024 5382 1143 5464 vellet,
1193 5381 1223 5450 ei
1240 5380 1371 5449 donata
1389 5401 1480 5462 esse,
1504 5372 1659 5463 horest,
1684 5396 1762 5451 octo
1780 5396 1814 5451 et
1830 5384 2087 5481 quinquaginta
2103 5386 2187 5456 mil-

145 5489 285 5563 censnit
317 5489 518 5559 vocandum
549 5510 624 5556 esse
656 5484 855 5562 Platonem.
913 5482 993 5557 Etsi
1024 5484 1143 5577 priore
1192 5483 1243 5553 lia
1264 5494 1527 5555 coronatorum.
1578 5480 1690 5556 Redit
1712 5483 1822 5575 igitur
1838 5482 1997 5558 Athenas
2014 5501 2119 5582 atque
2137 5488 2187 5557 ibi

197 5593 509 5665 blainmont.
536 5582 619 5662 Ver..
648 5592 714 5661 xt.
1524 5580 1575 5653 27
