4664 6022
156 272 208 351 aa
897 236 1063 342 nucu
1093 260 1173 339 nn
1202 258 1472 341 auersus.
2149 250 2198 337 es

155 443 328 516 sessiones
350 437 569 529 adsignavit,
598 437 630 506 si
654 438 752 508 aliud
777 437 979 522 videbitur,
1002 437 1149 510 inserit
1201 458 1237 506 sc
1253 435 1461 527 Principum
1476 458 1514 504 ac
1528 433 1771 507 multitudinis
1785 449 1849 522 est,
1873 437 1928 508 ins
1945 437 2127 529 scripturn,
2151 437 2195 507 sd

155 548 312 636 eripere,
337 544 433 636 quod
455 540 676 621 dictumest,
700 540 875 612 indictum
897 541 1024 622 luerit,
1051 540 1150 635 quod
1201 563 1323 631 pacem
1339 539 1510 608 tuendam
1529 553 1783 630 comparatum.
1834 538 1909 609 lam
1924 552 1958 609 et
1976 540 2131 631 improbi
2145 541 2196 609 cia

155 650 264 718 modo
289 661 367 715 erat
386 658 522 727 ratum,
551 641 691 712 irritum
714 642 833 715 fuerit.
884 641 1072 735 Quidquid
1087 643 1151 711 de·
1201 664 1262 710 ves
1282 640 1422 711 facilius
1445 638 1483 707 in
1506 639 1668 710 fortunas
1691 642 1844 711 aliorum
1863 644 2034 733 impetum
2051 643 2196 729 facient,

155 749 325 833 creverit,
349 747 389 814 in
407 758 512 814 vento
528 758 562 814 et
576 743 700 834 rapida
722 744 874 814 scribere
891 758 1029 836 oportet
1045 768 1150 837 aqua,
1201 768 1281 814 rum
1307 742 1365 816 rel
1394 741 1514 810 nullae
1541 766 1676 833 poenae
1700 758 1814 813 certae
1838 746 2106 829 absterrebant,
2138 745 2198 815 vel

156 850 387 945 usqueadeo
415 870 491 915 non
519 845 696 915 constabit
721 847 811 930 sibi,
836 860 871 916 et
893 849 971 916 inre
996 846 1151 918 subinde
1201 846 1257 915 ius
1274 846 1343 915 erit
1364 845 1552 917 incertum.
1603 841 1756 926 Contra,
1781 860 1821 916 ut
1832 846 1863 914 ii
1879 847 1941 939 qui
1962 845 2030 917 iter
2046 845 2197 932 faciunt,

155 965 292 1023 mutato
314 951 354 1018 in
376 948 482 1017 aliam
501 969 537 1014 se
561 946 713 1017 formam
733 942 896 1042 πρότεως
911 973 1009 1017 more
1026 960 1150 1020 vertet.
1200 972 1281 1018 cum
1299 947 1393 1016 viam
1413 944 1571 1016 indicant
1585 945 1816 1017 Mercuriales
1831 962 1985 1038 statuae,
2012 944 2107 1017 nihil
2121 970 2196 1017 mc-

157 1053 242 1125 Non
259 1055 402 1133 domus,
427 1072 501 1118 uon
520 1047 643 1132 liberi,
668 1074 742 1118 non
760 1051 933 1134 coniunx,
958 1050 1088 1142 quibus
1105 1073 1151 1118 ne
1201 1063 1327 1133 tuant,
1350 1047 1480 1117 necubi
1496 1063 1632 1129 errent,
1659 1049 1707 1118 ita
1730 1050 1819 1119 boni
1841 1050 1935 1119 cives
1955 1074 2035 1120 cum
2059 1063 2199 1120 certum·

158 1169 279 1225 nostra
292 1153 434 1245 quidem
452 1150 525 1219 vita
539 1151 647 1220 uobis
663 1152 778 1222 carior
792 1165 862 1235 est,
887 1153 925 1221 in
943 1166 1018 1223 tuto
1034 1166 1152 1221 eruut.
1202 1152 1258 1221 ius
1285 1149 1507 1241 propositum
1537 1164 1607 1234 est,
1639 1151 1754 1220 securi
1774 1154 1926 1241 degunt,
1959 1176 2038 1220 cum
2066 1153 2196 1222 docent

156 1255 232 1329 Res
257 1256 373 1323 bonae
395 1275 539 1337 omnes,
565 1253 695 1342 pietas,
729 1248 950 1339 humanitas,
974 1253 1150 1337 doctrina,
1202 1254 1313 1342 leges,
1338 1266 1372 1321 et
1388 1252 1475 1344 quid
1492 1275 1556 1342 pro
1578 1240 1779 1346 sequisque
1800 1265 1976 1345 praestare
1991 1255 2137 1338 debeat,
2163 1264 2197 1324 et

156 1372 317 1448 artesque
332 1354 536 1436 universae,
557 1378 647 1447 quae
668 1355 785 1425 ocium
812 1379 1003 1448 pacemque
1020 1369 1150 1440 amant,
1201 1356 1290 1449 quid
1312 1354 1483 1446 cuiusque
1504 1351 1552 1423 sit
1574 1354 1782 1446 proprium,
1805 1369 1840 1426 et
1861 1355 2033 1444 improbis
2057 1368 2194 1425 certum

155 1460 359 1529 exulabant.
397 1461 446 1524 At
460 1479 539 1526 cum
557 1450 613 1524 lais
627 1456 723 1526 vitiis
739 1457 830 1546 leges
842 1459 1062 1542 medeantur,
1086 1482 1151 1526 nec
1202 1457 1347 1526 exitium
1363 1455 1557 1526 minantur.
1609 1453 1702 1525 Cum
1721 1469 1837 1526 autem
1855 1457 2000 1527 libertas
2015 1451 2110 1525 nibil
2128 1454 2199 1525 nisi

155 1559 331 1630 libertatis
356 1557 451 1627 ullus
475 1569 654 1648 praeterea
679 1559 817 1630 fidelior
836 1561 881 1630 sit
902 1575 1037 1644 custos,
1062 1559 1151 1652 quid
1202 1559 1309 1628 inane
1323 1558 1537 1628 vocabulum
1553 1558 1617 1642 sit,
1643 1559 1673 1627 si
1696 1559 1800 1629 bonis
1822 1558 2046 1629 securitatem
2067 1559 2195 1643 demas,

155 1676 252 1735 vetat
280 1661 398 1750 legum
428 1659 599 1729 beneficio
628 1660 706 1730 uti?
748 1659 850 1750 Quae
880 1659 1152 1750 Magistratibus
1202 1659 1480 1731 crudelefuerit
1508 1658 1564 1727 ius
1592 1660 1810 1750 scriptume
1839 1661 1958 1730 medio
1988 1660 2137 1744 tollere,
2167 1660 2194 1729 si

156 1763 376 1833 fiduciariam
400 1773 539 1832 tantum
561 1762 676 1831 nostri
697 1777 902 1853 potestatem
926 1763 1079 1845 faciunt,
1110 1776 1152 1834 ut
1202 1763 1287 1857 quid
1309 1764 1352 1831 ad
1376 1761 1599 1831 securitatem
1625 1762 1664 1829 in
1683 1761 1861 1832 bonorum
1883 1762 2011 1831 animis
2029 1762 2197 1831 alendam

155 1867 215 1937 ius
235 1877 416 1946 nostrum,
442 1862 579 1956 quoties
601 1864 842 1954 periclitamur
859 1879 1016 1955 repetere
1037 1865 1151 1936 liceat.
1203 1864 1350 1934 confert.

155 1965 367 2038 Aristoteles
382 1962 420 2032 in
441 1989 481 2034 ea
496 1966 638 2035 demum
657 1963 799 2056 Repub.
816 1990 905 2060 quae
920 1966 1051 2057 scripto
1073 1967 1151 2036 iure
1304 1964 1452 2036 Accedit
1472 1958 1562 2046 huc,
1588 1965 1685 2058 qnod
1706 1976 1748 2033 ut
1768 1964 2017 2034 modestissimi
2033 1961 2194 2036 homines

155 2068 310 2158 regitur,
333 2063 427 2136 Deos
442 2068 616 2157 imperare
630 2070 810 2152 adfirmat,
836 2070 931 2160 quod
950 2069 1149 2138 libertatem
1202 2069 1393 2158 imperent,
1424 2081 1545 2137 tamen
1572 2067 1734 2137 futurum
1760 2067 1824 2150 sit,
1855 2080 1896 2136 nt
1918 2068 1962 2136 de
1991 2067 2071 2138 iure
2095 2088 2196 2158 saepe

155 2172 250 2260 leges
272 2182 459 2254 tueantur,
487 2192 557 2262 qua
581 2161 675 2239 baud
690 2171 763 2239 scio
789 2194 835 2239 an
861 2164 947 2240 baec
963 2171 1035 2240 vita
1056 2166 1151 2259 nihil
1202 2168 1431 2253 dissentiant,
1465 2167 1592 2237 nisiex
1617 2168 1721 2236 certis
1742 2167 1878 2258 legibus
1898 2192 1954 2238 res
1980 2169 2195 2240 iudicentur·

139 2272 299 2379 ,dulcius
314 2264 450 2342 habeat.
503 2267 602 2357 Quid
617 2270 711 2338 euim
728 2272 908 2355 foelicius,
934 2296 1040 2364 quam
1055 2272 1152 2342 iniu·
1203 2271 1307 2360 Quae
1330 2283 1382 2340 est
1404 2281 1521 2339 autem
1544 2269 1652 2359 pestis
1670 2269 1872 2340 civitatibus
1888 2271 2126 2360 perniciosior
2143 2271 2194 2343 iu-

155 2375 230 2444 riae
246 2383 342 2440 metu
355 2394 489 2456 vacare,
510 2374 745 2465 societateque
760 2369 948 2445 bominum
963 2388 1040 2444 tuto
1057 2374 1152 2443 frui?
1202 2373 1329 2444 testiua
1354 2370 1555 2441 discordia?
1586 2368 1686 2457 Quas
1707 2364 1794 2441 baec
1812 2373 1917 2440 urbes
1939 2396 2013 2441 non
2033 2373 2194 2444 funditus

155 2474 314 2547 Proinde
340 2473 402 2540 ille
434 2497 481 2541 ne
515 2475 609 2541 bono
637 2475 781 2566 quidem
811 2476 889 2545 viro
911 2476 989 2545 sine
1015 2476 1153 2566 legibus
1203 2474 1355 2544 evertit?
1385 2471 1506 2561 Quare
1521 2471 1622 2542 nulla
1635 2486 1708 2542 tam
1724 2496 1832 2563 parva
1847 2498 1903 2542 res
1919 2487 1997 2558 est,
2013 2499 2106 2567 quae
2120 2464 2196 2545 moi

154 2574 334 2666 Rempub.
352 2573 513 2642 mandari
529 2575 677 2664 patitur:
712 2575 781 2646 Sed
799 2577 906 2647 recita
928 2581 1050 2650 verba.
1202 2579 1249 2646 do
1267 2578 1311 2645 ad
1328 2574 1554 2644 concordiam
1570 2576 1847 2643 conservandam
1864 2578 2062 2646 conducere
2076 2576 2196 2646 videa-

263 2675 396 2746 Verum
410 2677 505 2745 dicet
519 2677 648 2768 aliquis
665 2678 818 2767 maligue
832 2703 889 2748 me
905 2680 948 2748 de
962 2675 1151 2748 hominum
1203 2692 1281 2761 tur,
1307 2701 1396 2769 quae
1412 2675 1619 2765 negligenda
1636 2678 1693 2749 sit.
1740 2675 1853 2767 Saepe
1868 2689 1984 2746 autem
2000 2701 2040 2747 ex
2060 2677 2197 2747 levissi-

155 2778 309 2870 ingeniis
341 2778 492 2859 sentire,
529 2801 610 2847 cum
642 2781 778 2850 nullius
812 2782 900 2851 adeo
935 2781 1152 2872 exploratam
1204 2781 1270 2848 mis
1287 2778 1443 2863 iniuriis,
1469 2801 1544 2847 nou
1559 2801 1658 2848 secus
1673 2779 2086 2869 atqneexmiuutissima
2102 2781 2196 2849 scin·

156 2882 282 2963 fidem,
314 2905 355 2949 ac
382 2880 550 2950 virtutem
577 2902 651 2949 esse
682 2884 792 2965 duco,
826 2882 886 2954 cui
916 2896 992 2953 tuto
1028 2882 1152 2952 civitas
1204 2882 1300 2966 tilla,
1333 2877 1582 2970 gravissimum
1607 2879 1812 2949 incendium
1837 2880 1963 2951 oritur.
2015 2879 2099 2952 Non
2117 2905 2194 2951 raro

157 2983 331 3053 committi
354 2982 475 3072 possit.
527 2978 604 3070 Ego
623 3006 706 3051 vero
724 2985 876 3074 optarim
893 2985 1022 3074 passim
1037 2985 1153 3074 impe-
1204 2998 1238 3054 et
1253 3006 1309 3052 res
1324 2981 1561 3068 gravissimae,
1585 2980 1624 3047 in
1643 2982 1932 3071 disceptationem
1950 2984 2113 3066 veniunt,
2136 2981 2195 3052 ubi

156 3108 237 3155 rare
254 3068 438 3167 Nestoras,
464 3108 586 3153 verum
605 3085 765 3155 videmus
780 3100 910 3177 quanta
935 3086 980 3154 sit
998 3085 1153 3177 optimo·
1205 3085 1235 3153 si
1251 3082 1521 3173 Magistratibus
1542 3084 1588 3152 de
1610 3083 1687 3152 iure
1711 3083 1803 3152 male
1820 3086 2045 3168 convenerit,
2069 3085 2193 3155 studiis

157 3211 238 3257 rum
254 3183 462 3275 Principum
477 3185 646 3276 paucitas.
694 3185 767 3256 Nec
780 3189 971 3257 obscurum
987 3202 1037 3257 est
1053 3201 1153 3256 vetus
1203 3186 1489 3277 factionibusque
1524 3184 1665 3274 publica
1699 3186 1940 3278 tranquillitas
1975 3187 2193 3266 turbabitur,

158 3288 249 3357 illud
267 3286 415 3356 dictum:
440 3283 618 3357 Omnium
637 3289 816 3359 bonorum
831 3287 1040 3378 Principum
1064 3287 1155 3356 ima-
1204 3290 1290 3358 dum
1320 3311 1403 3357 suae
1427 3309 1588 3380 quaeque
1612 3309 1692 3377 pars
1714 3288 1909 3357 sententiae
1937 3290 2213 3378 suffragatoreu.

155 3391 258 3480 gines
276 3389 319 3456 iu
340 3412 413 3459 uno
435 3390 569 3458 annulo
591 3389 706 3480 sculpi
735 3413 848 3481 posse.
908 3389 1029 3479 Quare
1052 3390 1154 3459 facile
1204 3392 1297 3460 addo
1315 3390 1421 3459 etiam
1437 3389 1547 3472 vires,
1574 3389 1735 3478 publicae
1758 3391 1882 3459 salutis
1899 3391 2195 3489 oblita5compa-

158 3491 294 3584 patior,
319 3491 358 3558 in
380 3491 637 3575 mediocribus,
664 3507 704 3564 ut
725 3505 809 3563 sunt
833 3493 923 3576 fere,
954 3507 1051 3562 certo
1071 3492 1154 3570 ,iure
1204 3505 1271 3561 rat.
1322 3489 1441 3578 Quam
1460 3503 1667 3559 autemnon
1690 3491 1920 3560 solitudinem
1942 3493 2064 3571 malis,
2090 3512 2204 3584 quam·

158 3690 410 3778 Magistratus,
434 3693 630 3765 admoneri.
677 3691 777 3776 ,Haec
795 3718 871 3764 mea
886 3709 938 3765 est
954 3696 1063 3765 ratio:
1089 3717 1154 3762 nec
1204 3719 1284 3764 cum
1298 3692 1479 3774 Hebraeos
1495 3689 1591 3760 Deus
1606 3693 1698 3761 inter
1714 3717 1750 3762 se
1765 3718 1870 3787 quam
1887 3697 2207 3765 coniunctissimot²

158 3792 379 3862 foeliciorem
400 3788 493 3861 mibi
507 3791 685 3885 liempub.
706 3796 865 3880 somnio,
891 3822 995 3889 quam
1011 3795 1153 3890 qualem
1205 3819 1296 3879 esse,
1321 3794 1581 3885 rectissimeque
1598 3797 1797 3864 consentire
1816 3797 1942 3886 vellet,
1970 3810 2082 3866 certas
2103 3797 2197 3889 leget

160 3895 308 3964 existere
323 3917 379 3962 res
393 3888 571 3965 humanae
587 3895 722 3970 sinunt.
768 3897 881 3989 Finge
898 3914 1014 3970 autem
1033 3920 1154 3968 rerum
1204 3898 1303 3982 tulit,
1326 3911 1366 3966 ut
1380 3921 1421 3964 ex
1437 3896 1649 3986 praescripto
1671 3919 1726 3964 res
1750 3898 1966 3984 iudicarent,
1990 3899 2195 3991 nequando

161 4018 337 4066 summam
359 3996 405 4064 ad
420 3994 558 4066 Stoicos
579 3998 840 4079 delatamesse',
866 4001 929 4093 qui
948 4001 1169 4090 uecgratia,¹
1205 4001 1262 4069 ius
1287 4014 1553 4070 controversum
1581 3999 1769 4066 dissidium
1803 4014 1950 4090 pareret.
2012 3999 2196 4094 Plerisque

163 4120 230 4165 nec
245 4097 328 4164 odio
345 4096 575 4184 adlicientur,
597 4101 663 4193 qui
685 4101 762 4171 falli
786 4117 980 4194 nequeant,
1007 4103 1093 4195 quid
1110 4101 1155 4170 iis
1204 4103 1289 4172 item
1315 4101 1393 4170 aliis
1414 4099 1617 4169 civitatibus
1632 4099 1688 4167 vel
1712 4101 1914 4191 principum
1933 4103 2113 4198 tyrannis,
2139 4101 2195 4170 vel

161 4197 288 4281 facies,
311 4199 393 4290 qui,
419 4213 458 4268 ut
474 4203 638 4291 cstvulgi
660 4200 887 4294 improbitas,
911 4204 1050 4275 malunt
1067 4203 1156 4293 legi·
1205 4205 1326 4274 civiles
1349 4201 1545 4272 discordiae
1568 4202 1767 4291 imposuere
1789 4204 1905 4293 legum
1927 4206 2195 4273 condendarum

162 4299 251 4382 bus,
271 4323 377 4389 quam
394 4300 449 4368 vel
465 4301 693 4372 sanctissimis
707 4304 975 4394 Magistratibus
990 4306 1156 4375 credere?
1205 4306 1455 4376 necessitatem.
1499 4302 1590 4371 Nam
1607 4326 1687 4373 cum
1704 4304 1800 4375 inter
1813 4329 1849 4374 se
1866 4302 2032 4389 Athenis,
2057 4308 2103 4374 de
2118 4306 2196 4376 iure

161 4395 227 4470 Est
242 4401 337 4468 enim
348 4405 576 4493 quorundam
591 4418 691 4475 tanta
703 4407 834 4492 rabies,
859 4421 1028 4501 tantaque
1044 4409 1154 4497 perti·
1205 4410 1370 4500 publico,
1411 4418 1580 4497 perpetuo
1614 4406 1921 4489 conflictarenlssh
1957 4421 2027 4477 ¹²0⁸
2062 4430 2127 4496 Ρθῑ
2157 4404 2194 4475 5⁴¹

161 4501 283 4585 nacia,
309 4514 351 4573 ut
370 4503 543 4594 aequitate
567 4506 704 4599 fideque
723 4508 881 4579 iudicum
904 4510 1065 4579 satisfieri
1085 4509 1154 4577 sibi
1205 4525 1343 4601 tempus
1359 4508 1547 4590 factiones,
1574 4501 1752 4588 homines,
1777 4510 1923 4600 opinor,
1949 4533 2022 4577 non
2042 4507 2211 4600 pessimi,-

114 4604 119 4610 ’
162 4627 237 4670 non
262 4604 460 4694 patiantur,
494 4610 552 4674 sed
577 4612 905 4680 eumsummoiure
927 4613 1154 4694 contendant,
1205 4614 1265 4679 sed
1287 4611 1377 4678 male
1403 4611 1567 4692 interae,
1592 4610 1701 4692 utlit,
1728 4610 1765 4677 in
1787 4606 2212 4702 imperiocohaerentm,¹²

164 4717 387 4799 extremaque
421 4709 540 4776 omnia
573 4711 815 4799 experiantur,
849 4735 950 4802 saepe
983 4713 1154 4782 infensius
1205 4738 1313 4806 eaque
1329 4710 1519 4789 dissensio,
1547 4712 1671 4779 morbo
1687 4712 1839 4781 civitatis
1854 4713 2138 4802 ingravescente,
2159 4722 2195 4783 'el

164 4826 245 4871 cum
265 4806 464 4892 iudicibus,
488 4834 593 4901 quam
612 4835 696 4880 cum
718 4812 919 4883 adversario
942 4829 1155 4883 concertent.
1206 4814 1433 4901 gliscentibus
1471 4812 1563 4880 odiis
1598 4813 1774 4881 universis
1807 4815 1953 4884 exitium
1986 4813 2194 4897 minaretur,

164 4900 234 4972 Hie
262 4930 345 4975 vero
369 4906 644 4997 Magistratuum
671 4914 861 4984 auctoritas
885 4916 1154 5004 periclitabitur,
1203 4915 1361 5005 Respub.
1383 4914 1509 4986 Soloni
1532 4916 1699 4982 mandata
1721 4928 1788 4984 est:
1824 4917 1853 4984 is
1871 4917 1961 5004 leges
1984 4918 2084 5000 tulit,
2111 4916 2193 5010 qni-

163 5004 235 5072 nisi
250 5007 391 5097 publice
414 5026 571 5102 receptae
593 5013 685 5101 leges
700 5009 903 5089 defendant.
956 5011 1057 5086 Adeo
1079 5041 1153 5086 non
1203 5020 1269 5086 bus
1294 5017 1514 5098 libertatem,
1545 5029 1578 5084 et
1600 5016 1711 5084 otium
1729 5018 1809 5086 urbi
1832 5019 1995 5091 restituit.
2048 5016 2191 5088 Etcum

165 5106 272 5175 modo
295 5111 461 5179 aduersus
484 5115 728 5204 tyrannidem,
760 5117 799 5184 in
822 5119 958 5207 legibus
979 5120 1152 5188 innocen·
1202 5134 1359 5188 cerneret
1375 5114 1438 5186 lias
1458 5117 1603 5186 unicum
1617 5140 1689 5186 esse
1704 5121 1913 5190 concordiae
1927 5121 2080 5200 vallum,
2107 5142 2193 5190 con·

164 5206 234 5276 tiae
250 5210 464 5299 praesidium
482 5228 551 5297 est,
576 5217 634 5285 sed
652 5230 688 5286 et
704 5215 968 5306 Magistratibus
985 5222 1153 5290 adversus
1201 5221 1335 5303 stituit,
1363 5235 1401 5289 ut
1423 5221 1482 5312 qui
1507 5219 1564 5288 ius
1587 5220 1762 5302 dicerent,
1788 5222 1965 5312 conceptis
1983 5223 2101 5293 verbis
2118 5224 2191 5291 ins-

163 5307 260 5398 vulgi
279 5310 594 5402 importunitatem.
633 5316 703 5387 Hic
719 5331 888 5413 tanquam
904 5317 1057 5392 aheneus
1071 5323 1152 5415 qui·
1202 5323 1391 5391 iurandum
1416 5325 1562 5403 darent,
1596 5343 1632 5389 se
1657 5345 1695 5389 ex
1724 5322 1861 5411 legibus
1889 5347 1944 5391 res
1974 5326 2191 5395 iudicaturos

161 5409 242 5477 dam
256 5436 381 5485 murus
400 5426 461 5497 est,
484 5418 638 5510 denique
653 5445 842 5492 commune
858 5422 1040 5494 vinculum
1057 5425 1152 5493 inter
1201 5447 1285 5494 esse.
1314 5422 1385 5513 Qui
1396 5422 1668 5515 Magistratuum
1685 5424 1833 5494 arbitrio
1847 5426 2055 5516 simpliciter
2071 5426 2190 5495 omnia
