4664 6022
239 290 314 368 aaa
395 236 398 241 ’
707 279 1723 403 ,na-cn.nn1urnnnr0nuor‘rouu
1757 289 1786 367 ι.
2208 290 2279 369 aaa

245 465 346 537 diurn
371 463 550 534 bonorum
570 461 630 532 vel
652 461 793 555 imperii
816 485 880 552 pro
903 461 1101 552 baptismo,
1134 485 1239 556 quern
1288 456 1401 531 literis
1423 472 1668 546 versarentur,
1691 475 1726 534 et
1742 462 1932 555 diligenter
1949 478 2205 559 cognoscerent
2219 467 2283 538 do·

245 564 417 639 historiae
433 579 516 637 ante
531 563 750 659 sylvestrum
768 587 788 634 a
805 561 1007 635 Melchiade
1025 564 1241 654 baptizatum
1289 561 1441 632 ctrinam
1456 562 1501 631 de
1517 558 1681 648 Christo,
1704 578 1743 635 ut
1755 580 1961 659 suppeteret
1972 571 2074 662 copia
2088 566 2284 662 Episcopo-

246 692 320 741 esse
336 668 570 738 confirmant?
620 665 696 739 Aut
711 690 783 759 quo
806 666 883 736 iure
896 663 1154 737 Constantinus
1172 667 1242 734 im·
1289 687 1390 747 cnm,
1415 657 1483 735 hoc
1506 678 1558 736 est
1579 677 1781 757 pastorum,
1806 669 1869 763 qui
1885 674 2019 743 evocati
2042 675 2089 743 sd
2108 675 2284 743 docendas

248 771 386 864 perium
402 768 636 860 deposuisset,
660 782 700 837 ut
715 770 865 839 donaret
883 769 1137 853 sacerdotibus,
1159 792 1241 838 curn
1289 761 1464 837 Ecclesiae
1479 768 1651 858 populum
1668 783 1761 840 recte
1776 771 1944 845 docerent
1957 775 2002 843 de
2025 776 2122 866 lege,
2146 776 2193 845 de
2205 797 2284 866 pce-

248 871 378 944 horum
395 871 624 963 imperiorum
640 893 829 961 possessor,
843 871 996 940 vicarius
1012 865 1160 954 Christi,
1180 883 1242 940 aut
1291 880 1379 952 cato,
1396 867 1441 938 de
1455 869 1625 939 beneficio
1639 865 1773 942 Christi
1788 874 1957 945 omnibus
1968 877 2077 966 gratis
2089 877 2281 968 proposito.

248 975 345 1045 Petri
362 972 514 1058 nonsit,
539 972 635 1043 iuxta
653 973 763 1042 illud:
786 969 950 1061 Regnum
966 995 1174 1041 meumnon
1191 984 1244 1041 est
1290 968 1410 1060 Quam
1431 969 1577 1062 quidem
1603 994 1778 1044 summam
1803 976 1998 1047 conditoris
2021 978 2077 1048 sui
2106 978 2281 1049 autorita-

250 1081 294 1146 de
312 1072 380 1145 hoc
398 1075 550 1148 mundo.
600 1071 738 1163 Quare,
764 1098 843 1144 cnm
861 1070 1038 1144 Ecclesiae
1060 1073 1242 1143 ministros
1292 1084 1384 1155 tem,
1416 1071 1455 1138 in
1481 1072 1546 1153 iis,
1572 1095 1662 1167 quae
1683 1077 1727 1144 ad
1753 1071 1935 1148 habendas
1965 1074 2105 1151 scholas
2132 1093 2170 1152 et
2193 1095 2281 1151 recte

249 1176 436 1269 aRepuh.
463 1176 636 1266 scriptura
670 1177 756 1246 velit
788 1177 925 1259 abesse,
965 1176 1166 1246 laudandus
1191 1188 1243 1244 est
1291 1174 1487 1241 docendam
1515 1175 1708 1264 puericiam
1737 1182 1913 1270 spectant,
1952 1182 2140 1254 detrectari
2169 1183 2217 1252 ab
2244 1188 2280 1254 ci

250 1277 361 1364 Otto,
386 1280 502 1372 qnod,
525 1279 566 1345 in
587 1291 683 1348 tanta
705 1276 919 1347 Pontificum
942 1275 1243 1347 insania'memor
1291 1274 1431 1343 civitate
1458 1274 1606 1345 minime
1636 1279 1786 1350 decebit.
1845 1280 2023 1376 Reliqua,
2059 1308 2153 1377 quae
2180 1307 2279 1376 opere

250 1382 357 1454 officii
379 1382 455 1464 sui,
479 1379 702 1449 nullamsibi
726 1379 914 1448 amicitiam
932 1401 1100 1448 esserum
1116 1375 1244 1448 Ponti·
1292 1370 1440 1446 Ottonis
1468 1396 1686 1452 accesserunt
1715 1378 1910 1467 Ecclesiae,
1943 1385 2027 1477 quia
2059 1386 2210 1478 longum
2235 1399 2279 1459 eu

248 1486 312 1555 hcc
328 1482 500 1565 voluerit,
527 1480 591 1575 qui
612 1483 656 1550 de
679 1480 961 1572 possessionibus
976 1482 1242 1570 magistratuum
1294 1500 1518 1561 renumerare,
1545 1479 1710 1573 relinquo
1726 1508 1769 1555 ex
1783 1479 1849 1555 hac
1865 1486 1964 1555 brevi
1981 1481 2133 1559 historie
2147 1488 2278 1560 audito·

249 1589 417 1656 decedere
435 1584 555 1653 nollet.
599 1580 776 1675 Quodque
791 1577 985 1651 monachos
1000 1583 1105 1653 etiam
1125 1579 1185 1676 (ut
1205 1583 1244 1650 in
1294 1580 1393 1649 ribus
1413 1579 1656 1653 existimanda.
2096 1652 2100 1658 ¹
2256 1634 2261 1643 .

249 1685 409 1761 historiis
428 1682 500 1780 est)
521 1686 616 1755 bello
635 1685 788 1755 voluerit
813 1686 996 1778 persequi,
1023 1686 1106 1777 quia
1124 1683 1243 1754 existi·
1395 1674 1485 1750 Otto
1501 1682 1538 1750 in
1555 1683 1650 1753 bello
1666 1681 1818 1770 Gallico,
1844 1688 1943 1761 cuius
1959 1689 2031 1759 iarn
2046 1691 2141 1762 lacta
2155 1689 2279 1761 mentio

249 1790 400 1858 macerit
416 1783 510 1856 nihil
523 1810 602 1872 eos,
635 1786 875 1877 voluptatibus
892 1786 931 1854 in
945 1786 1126 1856 coenobiis
1143 1787 1244 1855 dedi·
1292 1794 1354 1866 est,
1370 1781 1499 1871 partim
1516 1808 1536 1852 a
1551 1784 1726 1855 militibus
1740 1787 1886 1859 aliunde
1899 1791 1939 1861 in
1953 1793 2127 1863 auriliuni
2145 1791 2281 1877 vocetis,

253 1907 326 1975 tos,
351 1915 416 1982 pro
434 1912 519 1958 sano
543 1889 675 1971 lacere,
700 1889 885 1979 multoque
907 1909 980 1956 csse
1004 1889 1131 1971 satius,
1156 1910 1245 1978 pau·
1293 1888 1401 1976 qnod,
1417 1884 1587 1976 quianon
1604 1909 1770 1976 magnum
1785 1914 1888 1961 usum
1905 1893 1942 1962 in
1957 1917 1996 1962 re
2013 1894 2164 1965 militari
2180 1887 2281 1965 habe.

252 2017 331 2078 cos,
358 2015 486 2085 eosque
503 1990 581 2080 pios
596 2004 630 2061 et
646 1991 781 2074 doctos,
805 1989 852 2058 ali
869 1990 973 2059 bonis
989 1991 1032 2058 ad
1048 1985 1243 2058 Ecclesiam
1294 1998 1392 2069 rent,
1419 1982 1544 2057 Gallos
1562 2003 1780 2080 metuerent,
1807 1994 1936 2084 partim
1960 1996 2106 2065 airatre
2119 1994 2281 2082 ilenrico
2320 2068 2323 2083 ,

252 2094 532 2188 pertinentibus,
567 2115 673 2185 quam
705 2114 761 2176 ea,
795 2115 885 2185 quae
910 2086 1086 2161 Ecclesiae
1114 2092 1246 2161 donata
1294 2088 1388 2187 quod
1407 2110 1487 2157 curn
1505 2083 1670 2160 hostibus
1687 2096 1937 2180 consensisset,
1963 2096 2165 2187 plurimum
2182 2098 2280 2170 desti·
2321 2100 2323 2117 '

252 2211 354 2281 sunt,
375 2195 541 2264 scelerate
555 2193 764 2284 proluudia
788 2208 884 2265 tanta
902 2192 1132 2264 multitudine
1148 2194 1247 2263 ocio·
1295 2191 1471 2258 tuebatur.
1508 2187 1588 2260 Hoc
1604 2216 1685 2261 cum
1701 2195 1994 2269 animadverteret
2009 2223 2130 2271 comes
2144 2200 2281 2294 quidam
2318 2128 2323 2281 i

252 2322 373 2367 sorum
389 2292 803 2388 hominum,·quinnllo
831 2294 948 2363 officio
974 2307 1037 2363 aut
1057 2294 1245 2385 disciplina
1295 2285 1403 2358 horno
1420 2291 1517 2362 veser
1540 2308 1574 2362 et
1597 2308 1743 2384 potens,
1769 2299 1850 2390 qui,
1876 2302 1970 2392 quod
1995 2315 2066 2371 tam
2092 2302 2280 2373 necesaria
2321 2300 2323 2327 ²

252 2399 455 2483 assuefacti,
479 2420 594 2489 neque
613 2393 810 2482 Ecclesiae,
835 2419 951 2489 neque
970 2392 1126 2486 Reipub.
1141 2395 1246 2465 utiles
1295 2404 1470 2481 tempore,
1492 2407 1614 2465 ettam
1634 2396 1846 2492 propinquis
1865 2395 2049 2488 hostibus,
2073 2426 2143 2474 suo
2161 2402 2278 2475 sardio
2321 2476 2323 2485 ,

252 2514 388 2580 essent,
408 2502 467 2569 sed
490 2501 608 2587 lrnges
622 2511 760 2569 tantum
774 2521 981 2568 consumere
996 2497 1088 2577 nati,
1113 2510 1154 2567 ut
1168 2495 1247 2567 Ho-
1294 2492 1490 2582 plurimum
1511 2511 1651 2587 putaret
1672 2500 1850 2572 sublevari
1866 2500 2142 2594 imperatorem,
2169 2526 2283 2599 spua-
2319 2516 2323 2563 l

252 2601 508 2696 ratiusinquit.
560 2601 686 2684 Addo,
711 2603 825 2693 quod,
849 2600 957 2670 tantis
982 2599 1153 2669 restitutis
1176 2600 1246 2668 im·
1295 2598 1355 2663 bat
1371 2618 1408 2663 se
1428 2591 1521 2666 nihil
1541 2600 1586 2668 ab
1602 2600 1822 2691 Imperatore
1836 2605 1906 2673 iam
1923 2629 1996 2675 non
2015 2606 2283 2698 impetraturum

253 2707 360 2799 periis
385 2717 419 2775 et
440 2702 577 2773 infinita
593 2700 805 2773 Pontificum
821 2701 968 2771 avaritia
983 2724 1153 2791 repressa,
1180 2726 1245 2769 vo-
1295 2719 1386 2779 esse,
1419 2712 1536 2787 rogat,
1568 2714 1610 2771 ut
1629 2705 1882 2775 monasterium
1905 2709 2086 2799 quoddam
2111 2710 2284 2781 nobilest

252 2807 363 2880 luerit
373 2831 439 2899 pro
453 2804 709 2875 consuetudine
727 2804 901 2872 maiorum
913 2824 1059 2872 snorum
1071 2799 1246 2872 Ecclesias
1296 2799 1478 2888 copiosum
1513 2825 1594 2870 curn
1623 2803 1797 2875 fructibus
1829 2811 2052 2902 sequentinm
2089 2823 2285 2904 temporum

252 2912 292 2980 in
317 2906 510 2979 Germania
540 2929 615 2975 non
635 2906 744 2974 modo
771 2905 826 2974 sui
850 2898 942 2973 nihil
974 2903 1153 2984 amittere,
1185 2907 1245 2973 sed
1296 2899 1363 2969 sibi
1382 2900 1552 2972 attribuat
1568 2902 1775 2996 lmperator,
1802 2933 1876 2979 non
1893 2911 2192 2984 satisostendens
2210 2936 2285 3005 sup·
2316 2880 2323 3017 i

254 3000 400 3103 opibus,
438 3006 610 3096 dignitate
636 3018 670 3076 et
698 3001 834 3076 honore
864 3004 1037 3075 auctiores
1062 3029 1147 3080 esse.
1198 3004 1248 3077 Ut
1295 3015 1413 3093 petere
1427 3003 1563 3098 alioqui
1577 3008 1695 3098 copias
1713 3011 1794 3096 sibi,
1820 3036 1861 3081 ex
1876 3013 2005 3105 quibus
2020 3013 2102 3083 dari
2117 3015 2281 3091 mittatur
2321 3022 2323 3061 ⁵

254 3115 350 3185 enim
382 3111 576 3203 plurimum
602 3108 763 3177 beneficii
787 3107 975 3178 collocaret
997 3108 1036 3176 in
1059 3103 1248 3193 Ecclesiae,
1296 3117 1486 3194 oporteret.
1546 3104 1759 3199 Imperator,
1794 3115 1888 3206 quod
1916 3116 2131 3205 intelligeret
2158 3140 2225 3212 qua
2241 3116 2281 3187 sle

235 3221 238 3224 ’
255 3215 449 3289 celebrium
464 3211 598 3303 aliquot
611 3210 879 3300 pontificatuurn
895 3222 999 3279 autor
1011 3208 1091 3290 fuit,
1109 3234 1149 3280 er
1165 3211 1248 3304 qui·
1297 3229 1398 3274 causa
1422 3230 1461 3275 ea
1474 3207 1692 3281 dicerentur:
1726 3211 1819 3299 Non,
1846 3216 1976 3309 inquit,
2004 3218 2042 3286 iu
2064 3212 2124 3288 his
2139 3216 2284 3291 difficul-

254 3321 322 3389 hus
347 3314 466 3385 vocari
496 3324 639 3405 possent
661 3312 911 3406 adducendas
936 3306 1130 3392 Ecclesiae,
1166 3336 1247 3382 cnm
1296 3307 1429 3378 tatibus
1462 3309 1510 3379 ita
1543 3312 1848 3386 circumventurus
1883 3343 1919 3389 es
1947 3315 2124 3391 Ottonern
2158 3322 2286 3413 vulpes

256 3444 347 3511 opus
381 3429 490 3500 esset,
524 3414 619 3484 docti
644 3412 716 3482 viri
748 3426 783 3484 et
808 3408 1031 3483 Christianae
1063 3414 1247 3484 doctrinae
1269 3472 1273 3519 ὃ
1298 3404 1394 3480 Mihi
1412 3412 1618 3482 mandatum
1635 3431 1686 3488 est
1702 3414 1778 3487 Deo
1795 3421 1939 3489 obedire
1955 3422 2078 3506 magis,
2100 3418 2288 3517 quamho-
2321 3410 2323 3421 ¹

254 3506 372 3614 periti.
425 3516 583 3587 Multum
602 3515 696 3584 enim
713 3539 776 3585 sua
800 3515 966 3584 interesse
988 3516 1136 3600 sciebat,
1162 3518 1247 3586 dare
1270 3583 1272 3605 ἐ
1297 3511 1465 3580 minibus.
1493 3511 1615 3608 ltaque
1630 3541 1708 3586 cum
1722 3514 1911 3610 prohibeat
1924 3524 2114 3615 scriptura,
2131 3540 2288 3599 sanum

254 3645 418 3714 operam,
442 3633 483 3689 ut
501 3619 741 3688 retinerentur
763 3611 922 3696 scholae,
948 3630 1041 3686 recte
1062 3618 1248 3688 doceretur
1288 3613 1375 3681 dari
1397 3615 1563 3700 canibus,
1595 3640 1817 3713 nequaquam
1840 3624 2006 3714 permitto
2030 3648 2070 3696 ee
2094 3651 2114 3697 a
2135 3641 2174 3699 te
2192 3650 2289 3701 ocsu-

255 3726 440 3806 inventus,
472 3743 671 3810 magnoque
693 3720 732 3788 in
755 3742 905 3787 nurnero
926 3731 961 3787 et
992 3713 1130 3788 honore
1152 3721 1246 3810 apud
1298 3715 1374 3805 pari
1383 3768 1393 3796 ,
1420 3741 1509 3810 quae
1524 3719 1615 3787 nosti
1633 3723 1677 3788 ad
1692 3718 1887 3795 Ecclesiam
1904 3740 2071 3819 spectare.
2122 3727 2168 3802 Si
2189 3731 2289 3822 igilur

248 3838 378 3897 'omnes
390 3820 626 3905 haberentur,
648 3820 687 3888 in
705 3820 835 3914 quibus
852 3818 1009 3888 liberalis
1030 3834 1118 3891 esset
1133 3820 1247 3889 bona·
1297 3811 1389 3884 nihil
1407 3819 1500 3910 apud
1518 3831 1551 3887 te
1569 3822 1684 3910 pudor
1699 3836 1733 3894 et
1755 3825 1909 3897 officium
1924 3830 2063 3916 valent,
2090 3832 2290 3905 descrituet
2321 3822 2323 3845 '

181 3959 184 3965 ·
254 3953 336 3999 rum
360 3926 490 3995 artium
514 3922 693 4012 cognitio,
717 3935 824 4016 atque
847 3946 889 3990 ex
913 3920 958 3989 iis
974 3944 1081 4014 wem
1098 3921 1246 4013 plurimi
1298 3919 1441 4008 prodito
1481 3915 1643 3991 hostibus
1683 3925 1869 3997 dominum
1909 3946 2021 4002 tuum.
2079 3929 2164 4023 Ego
2204 3946 2290 4007 certe
2321 3986 2323 3997 .

254 4030 304 4121 pii
328 4027 629 4099 constituerentur
649 4026 812 4094 doctores
827 4021 946 4103 verbi,
972 4047 1126 4116 quorum
1145 4024 1245 4114 copia
1298 4044 1415 4090 meum
1431 4017 1587 4113 Reipnb.
1603 4025 1757 4095 officium
1772 4031 1990 4120 praestitero.
2025 4029 2075 4105 Et
2087 4058 2289 4130 quanqum

254 4155 301 4199 ne
316 4130 500 4217 deficeret,
524 4126 750 4218 pontificatus
772 4124 973 4210 constituit,
999 4149 1088 4219 quos
1111 4149 1247 4219 nequa·
1298 4134 1337 4209 tu
1356 4146 1430 4191 uon
1445 4125 1623 4218 sequaris,
1649 4127 1724 4217 ipse
1746 4144 1960 4203 tamencum
1978 4135 2187 4209 Saxonibus
2201 4138 2293 4222 md,
2321 4212 2323 4231 ,

253 4256 360 4326 quam
384 4228 497 4298 voluit
515 4227 628 4298 teneri
649 4229 694 4297 ab
716 4223 923 4297 hominibus
945 4227 1099 4297 indoctis
1120 4241 1154 4297 et
1178 4228 1247 4297 irn-
1298 4225 1342 4292 de
1368 4249 1521 4317 qnorum
1549 4229 1680 4300 virtute
1706 4256 1780 4302 non
1807 4236 1955 4321 dubito,
1999 4239 2043 4307 ad
2069 4232 2197 4313 hostes
2218 4260 2290 4313 sunt

247 4333 393 4428 probis,
418 4325 824 4424 q11ibusnnllahonesta
842 4328 1047 4421 disciplina,
1073 4329 1172 4399 ncilla
1191 4354 1246 4400 re·
1298 4326 1423 4399 iturus.
2198 4353 2201 4357 ·

252 4437 359 4526 ligio,
391 4431 488 4502 nulla
512 4446 733 4524 peccatorum
759 4430 936 4512 remissio,
969 4431 1069 4500 nulla
1092 4431 1247 4525 denique
1399 4427 1533 4503 Probat
1553 4427 1639 4502 haec
1665 4427 1813 4506 historia
1841 4436 2037 4529 plurimum
2057 4443 2289 4536 religionibus
2321 4464 2323 4521 f

252 4541 372 4611 sartura
398 4535 489 4619 vita,
523 4556 606 4624 prae
625 4556 763 4602 summo
786 4533 869 4601 odio
895 4533 963 4602 Dei
990 4546 1023 4602 et
1047 4529 1246 4622 Evangelii,
1298 4529 1458 4601 deditum
1483 4534 1592 4605 fuisse
1615 4531 1808 4626 Ottonem,
1833 4555 1939 4633 atquc
1962 4566 2087 4613 omnes
2106 4562 2289 4641 propterea

254 4663 359 4711 curae
380 4660 473 4720 esse,
502 4635 558 4702 vel
583 4635 621 4702 in
645 4647 797 4704 mentem
814 4634 935 4703 venire
950 4649 1074 4724 potest.
1127 4632 1245 4705 Taceo
1298 4646 1443 4703 conatus
1466 4659 1548 4705 suos
1571 4662 1612 4708 eo
1631 4639 1783 4711 voluisse
1806 4657 1981 4734 spectare,
2006 4658 2048 4717 ut
2073 4649 2287 4738 privatarum

253 4742 409 4834 reliquos
441 4738 676 4827 episcopatus,
709 4737 771 4829 qni
799 4730 946 4806 Ottonis
977 4760 1102 4827 opera,
1142 4762 1244 4808 causa
1298 4757 1416 4804 serram
1441 4739 1601 4813 omnium
1626 4742 1812 4831 dispendio
1843 4746 1967 4830 etiarn,
2006 4747 2038 4815 si
2061 4772 2119 4820 res
2147 4753 2287 4834 tulisset,

254 4843 501 4913 discendarum
532 4837 682 4921 artium,
732 4849 767 4906 et
799 4837 1029 4908 illustrandae
1063 4840 1246 4909 doctrinae
1298 4859 1437 4906 summa
1459 4864 1477 4908 a
1501 4863 1538 4909 se
1559 4863 1696 4932 semper
1717 4840 1906 4917 haberetur
1927 4843 2172 4925 Ecclesiamrn
2196 4853 2286 4933 ratio,

149 4995 156 5011 .
252 4940 401 5025 Christi,
427 4940 508 5011 lacti
525 4940 652 5031 partim
669 4939 708 5006 iu
723 4935 889 5032 Cymbris
904 4954 999 5024 sunt,
1019 4941 1145 5031 partim
1161 4965 1245 5011 vero
1299 4939 1414 5032 quod,
1439 4942 1523 5034 quia
1544 4956 1681 5033 tempus
1703 4949 1876 5037 postulat,
1902 4950 2026 5020 desino
2051 4954 2285 5044 pluribusdc·

254 5047 292 5116 in
332 5041 514 5111 Vandalis.
578 5039 966 5129 Magdaeburgensibns
1008 5066 1082 5110 non
1120 5044 1246 5127 solum,
1300 5053 1516 5128 monstrare,
1542 5059 1576 5114 et
1595 5069 1719 5134 precor
1734 5046 1927 5132 Christum,
1958 5067 1999 5123 ut
2011 5055 2145 5145 spiritu
2160 5054 2284 5133 Christi

254 5168 359 5242 qnam
379 5144 576 5236 possident,
603 5144 728 5213 urbem
749 5143 1062 5234 praeclarissimam
1084 5146 1248 5230 extruxit,
1299 5143 1412 5213 adiuti
1447 5140 1576 5215 horum
1611 5160 1809 5241 temporum
1843 5151 2073 5243 Magistratus
2104 5158 2285 5237 imitentur

254 5248 370 5331 errarit,
396 5246 543 5314 liberam
560 5245 696 5329 effecit,
723 5268 846 5313 verum
874 5244 1118 5335 pontificatum
1145 5246 1183 5315 in
1206 5270 1245 5316 ea
1299 5241 1446 5314 Ottonis
1471 5250 1622 5332 lactum,
1649 5250 1685 5318 in
1710 5257 1942 5341 procurandis
1961 5258 2126 5330 rebusad
2151 5263 2283 5355 religio-

255 5347 522 5420 celeberrimum
541 5342 665 5415 haberi
688 5344 843 5428 curavit,
866 5346 904 5413 in
922 5370 992 5439 quo
1010 5344 1055 5415 ali
1079 5371 1245 5438 magnum
1299 5350 1670 5440 nempertinentibus.
1721 5352 1811 5423 Nam
1830 5351 2282 5458 hocouonisexemptum,

255 5474 442 5523 numerum
476 5472 599 5519 eorum
630 5449 735 5518 bonis
757 5445 935 5518 Ecclesiae
959 5448 1091 5535 voluit,
1122 5450 1245 5545 quiin
1301 5451 1329 5517 si
1360 5467 1564 5523 nostrorum
1593 5466 1791 5545 temporum
1823 5456 2050 5551 Principibus
2073 5468 2280 5557 probaretur
