4664 6022
141 312 213 389 tat
319 230 324 241 Ι
817 286 981 369 DECL.
1032 283 1117 369 ΒΕ
1146 280 1513 369 unulnra‘rr.
2119 291 2191 369 tte

136 483 324 581 coquendo
339 474 676 575 praeparandoque,
707 492 772 538 nec
791 466 1043 538 distribuendo
1057 488 1137 535 cor·
1190 463 1289 537 velut
1310 463 1411 533 sedes
1431 461 1498 548 sit,
1530 486 1573 532 ex
1595 461 1765 534 omnibus
1794 461 2001 553 gravissime
2021 462 2188 541 laeditur.

95 608 98 613 ·
135 589 216 685 pori
238 580 336 657 hunc
361 605 434 676 quo
459 577 614 647 vivimus
636 573 886 664 vigemusque,
917 569 1138 659 sanguinem,
1189 565 1281 638 Nam
1312 588 1394 636 cum
1419 559 1642 655 stomachus,
1674 565 1776 636 cuius
1796 565 1911 635 virtus
1932 579 1968 636 et
1993 565 2113 649 calor,
2147 580 2188 640 ot

135 688 290 782 amplius
311 685 395 758 usui
417 704 492 751 esse
515 677 663 770 possint.
723 670 833 747 Calor
853 670 1049 757 naturalis,
1075 669 1138 765 qui
1189 668 1363 749 diximus,
1394 666 1535 739 assidua
1549 667 1760 759 poculorum
1778 668 1941 759 proluvie
1956 668 2189 760 extinguitur,

136 789 309 868 coctionis
342 786 487 858 effector
524 793 595 865 est,
627 801 719 871 quo,
758 790 800 847 ut
820 773 947 847 Cicero
975 785 1139 857 testatur,
1189 772 1346 844 incoctos
1367 769 1450 841 illos
1464 792 1668 866 crassosque
1693 793 1841 864 vapores
1858 772 1904 840 ad
1920 785 2026 864 caput
2041 786 2078 843 et
2093 794 2188 843 ccre-

137 893 419 969 omniaalnntur
441 896 684 966 accrescunt,
719 891 754 948 et
773 879 851 949 sine
867 902 939 972 quo
956 900 1073 969 neque
1089 874 1138 945 ali
1190 877 1295 945 hrum
1309 866 1470 959 exhalat,
1489 896 1670 966 venaeque
1686 896 1727 942 ac
1741 884 1879 944 meatus
1894 874 2029 945 ibidem
2044 874 2188 968 replen-

137 999 330 1096 quicquam
352 1000 484 1086 potest,
516 1008 581 1054 nec
611 1004 786 1065 crescere,
815 982 863 1051 ita
889 981 927 1048 in
952 979 1028 1048 istis
1051 991 1138 1068 potu
1191 992 1268 1060 tur,
1300 990 1406 1070 atque
1433 975 1733 1068 praecluduntur,
1773 999 1913 1047 necesse
1940 990 1992 1048 est
2021 1000 2189 1069 magnam

137 1117 243 1197 atque
263 1122 304 1167 ex
326 1120 367 1165 eo
391 1090 485 1162 natis
507 1085 647 1157 vitiosis
677 1080 890 1155 humoribus
912 1082 1080 1151 obruitur
1098 1105 1137 1149 ac
1190 1079 1380 1170 spirituum
1400 1078 1725 1170 perturbationem,
1749 1100 1991 1173 sensuumque
2014 1102 2055 1149 ac
2071 1093 2189 1152 motus

138 1199 375 1292 demergitur,
408 1207 448 1266 ut
474 1190 532 1260 vel
557 1189 699 1258 nullum
727 1187 804 1256 cios
828 1185 981 1275 amplius
1012 1183 1058 1253 sit
1082 1183 1139 1252 vel
1190 1181 1298 1252 totius
1311 1181 1470 1273 corporis
1483 1180 1789 1251 labefactationem
1801 1181 1919 1276 sequi:
1951 1183 2188 1255 instrumenta

136 1307 333 1380 admodum
360 1319 465 1387 segne
495 1294 536 1362 in
561 1314 710 1382 corpore
733 1287 984 1358 ministerium.
1043 1283 1139 1353 Hinc
1190 1284 1285 1353 enim
1303 1305 1471 1353 sensnum
1487 1305 1551 1352 sua
1565 1282 1722 1374 potentia
1737 1308 1776 1352 ac
1791 1284 1914 1374 vigore
1930 1284 2189 1372 destituuntur,

137 1430 246 1504 qnam
266 1399 526 1492 multiplicibus
547 1393 783 1485 gravibusque
807 1390 942 1459 morbis
964 1388 1139 1457 afflicten-
1190 1385 1337 1477 spiritus
1356 1410 1430 1479 quo
1455 1384 1577 1454 omnia
1600 1385 1639 1453 in
1662 1410 1810 1477 corpore
1838 1400 2048 1478 vegetantur
2069 1410 2114 1458 ac
2136 1388 2185 1458 vi·

31 1522 35 1531 '
138 1499 199 1586 tur
213 1507 272 1580 isti
287 1515 497 1595 nepotores,
519 1497 695 1566 videmus:
723 1493 838 1587 neque
854 1493 949 1561 enim
964 1490 1002 1560 id
1018 1514 1137 1561 rarum
1191 1502 1300 1585 vuqt,
1326 1489 1508 1558 obstructo
1523 1511 1588 1580 per
1598 1511 1704 1557 venas
1720 1487 1889 1576 transitu,
1910 1513 1986 1560 non
2002 1501 2121 1581 potest
2136 1490 2189 1562 ol·

117 1627 192 1701 ¹est
208 1624 271 1703 aut
285 1610 495 1688 obscurum,
516 1599 635 1671 statim
650 1597 749 1666 color
763 1596 856 1686 ipse,
874 1617 980 1688 quem
995 1592 1139 1682 sangnis
1191 1592 1271 1661 licio
1302 1614 1367 1660 suo
1397 1590 1519 1680 fungi,
1559 1585 1644 1660 hinc
1670 1591 1839 1684 pleraque
1860 1615 1993 1683 organa
2021 1616 2187 1663 sensuum

138 1727 249 1813 prout
270 1723 343 1796 est,
369 1707 514 1798 gignere
538 1702 644 1785 solet,
676 1699 835 1792 quaesit
860 1697 1026 1765 valetudo
1043 1695 1139 1764 indi·
1193 1692 1491 1784 praemoriuntur.
1550 1690 1688 1762 Nervos
1702 1717 1787 1763 vero
1807 1707 1841 1764 et
1865 1719 1904 1765 ea
1921 1696 2085 1765 membra
2102 1718 2189 1791 quae

140 1833 214 1905 cat,
239 1817 270 1886 is
293 1837 377 1883 vero
391 1809 473 1880 talis
489 1819 559 1889 est,
589 1815 630 1872 ut
645 1817 697 1887 te,
723 1825 846 1869 eorum
864 1797 1066 1891 quempiam
1082 1798 1139 1865 in·
1191 1821 1232 1866 ex
1257 1790 1314 1864 his
1338 1808 1502 1866 constant
1527 1817 1569 1865 ac
1592 1795 1707 1865 motui
1722 1796 1880 1887 delegata
1907 1812 2009 1883 sunt,
2042 1821 2104 1879 ea,
2134 1798 2190 1867 in·

139 1936 264 2002 tuens,
290 1927 491 1986 emortuum
507 1909 676 1989 cadaver,
701 1927 776 1972 non
791 1902 913 1972 vivum
930 1923 1058 1992 corpus
1073 1925 1140 1990 pu·
1191 1922 1318 1993 quam,
1351 1897 1471 1967 omnia
1495 1899 1594 1967 fonte
1623 1897 1700 1988 ipso
1729 1922 1770 1967 ac
1792 1899 1972 1991 principio
1996 1923 2190 1971 nervorum

138 2040 192 2096 tes
212 2018 357 2092 intueri.
417 2011 535 2104 Caput
557 2007 631 2078 illis
663 2006 855 2076 tremulum
890 2017 961 2086 est,
1003 2004 1139 2073 incerto
1192 2002 1336 2071 cerebro
1361 1999 1457 2070 laeso
1478 2012 1513 2070 et
1536 1999 1611 2093 ipsa
1633 2023 1695 2069 sua
1719 2001 1754 2068 vi
1780 2002 1925 2072 destitui
1946 2027 1986 2073 ac
2008 2002 2189 2074 debilitari

139 2139 242 2197 motu
274 2134 427 2202 nutans,
467 2112 641 2202 vertigine
671 2109 837 2178 laborant
870 2118 1058 2197 perpetua,
1100 2129 1138 2174 ea
1192 2125 1331 2172 necesse
1348 2115 1410 2175 est.
1461 2099 1557 2172 Hinc
1574 2102 1635 2171 illa
1652 2101 1776 2194 capitis
1791 2104 1914 2174 crebra
1929 2105 2189 2199 nutatioatque

141 2223 358 2324 praenuncia
376 2233 427 2290 est
442 2213 662 2308 apoplexiae:
690 2211 785 2280 oculi
809 2210 978 2280 rubentes
997 2222 1031 2278 et
1054 2231 1141 2278 con·
1192 2205 1364 2296 gravedo,
1390 2228 1460 2297 qua
1478 2200 1546 2274 hoc
1566 2227 1678 2294 genus
1696 2199 1885 2276 hominum
1899 2221 2074 2299 perpetuo
2092 2209 2188 2278 labo-

139 2329 253 2405 tinuis
275 2319 468 2418 lachrymis
497 2317 688 2398 stillantes,
721 2312 908 2383 oculorum
932 2310 1053 2399 auguli
1078 2324 1141 2381 tu·
1192 2322 1258 2381 rat.
1314 2303 1411 2375 Hinc
1432 2330 1606 2377 manuum
1626 2320 1777 2390 tremor,
1808 2302 1894 2379 hinc
1917 2311 2083 2380 omnium
2108 2311 2188 2381 arti-

140 2444 296 2514 mentes,
320 2423 495 2495 indicium
513 2420 549 2487 id
568 2432 620 2487 est
643 2410 826 2485 cachexiae
843 2412 952 2483 totius
971 2413 1142 2503 corporis,
1193 2411 1355 2481 culorum
1372 2409 1579 2490 dissolutio,
1607 2432 1712 2501 quam
1730 2411 1908 2505 paralysin
1932 2411 2070 2486 dicunt.
2124 2410 2185 2483 vix

141 2537 204 2631 qui
221 2533 351 2623 gradus
368 2527 412 2597 ad
428 2519 640 2617 hydropisin
660 2516 844 2608 proximus
868 2528 938 2595 est,
963 2536 1071 2603 genae
1086 2515 1141 2584 la·
1193 2535 1321 2582 manns
1343 2511 1497 2602 amplius
1520 2511 1697 2596 levandis,
1730 2525 1766 2582 et
1787 2515 1832 2582 ad
1854 2536 1894 2583 os
1910 2527 2016 2607 atque
2030 2519 2078 2585 ad
2095 2514 2185 2585 illam

139 2640 265 2709 bentes
291 2645 325 2703 et
347 2627 470 2724 quales
492 2622 622 2696 tabidis
646 2631 708 2689 aut
740 2618 839 2688 senio
864 2617 1032 2687 conlectis
1061 2617 1142 2685 ani·
1193 2615 1404 2709 poculorum
1426 2609 1636 2708 charybdim
1655 2615 1890 2686 admovendis
1905 2616 2080 2689 calicibus
2096 2616 2186 2689 suffi-

142 2740 251 2829 culis,
277 2755 384 2805 nasus
398 2722 647 2820 morphaicus,
669 2721 742 2792 oris
757 2715 889 2789 halitus
903 2720 1018 2789 multo
1033 2742 1141 2813 quarn
1194 2716 1253 2790 cit.
1314 2715 1498 2785 Videtisne
1520 2739 1627 2810 quam
1649 2718 1803 2786 tremulo
1825 2732 1859 2789 et
1883 2719 2070 2793 vacillanti
2092 2734 2185 2793 motu

145 2842 285 2915 cloacae
307 2833 468 2929 gravior,
512 2830 635 2898 dentes
665 2823 803 2917 putridi
829 2821 1033 2913 scabrique,
1069 2821 1142 2914 spi·
1193 2818 1467 2890 combibonibus
1482 2819 1625 2888 calicem
1636 2819 1837 2909 porrigant,
1862 2834 2086 2914 etquantum
2103 2824 2186 2893 inter

143 2942 251 3016 randi
274 2936 480 3018 difficultas,
516 2930 643 3011 tussis,
681 2938 803 2997 ructus
829 2938 863 2993 et
885 2924 1054 2993 vomendi
1083 2947 1144 2992 ex·
1193 2921 1448 3014 porrigendum
1478 2920 1554 2989 vini
1578 2920 1788 2992 effundant?
1840 2918 2049 2997 Omiseros
2075 2922 2186 2997 borni·

143 3043 368 3141 puendique,
390 3033 598 3130 praesertim
613 3024 711 3099 horis
729 3025 935 3109 matutinis,
958 3027 1063 3096 loeda
1077 3049 1143 3094 ne·
1194 3047 1273 3108 nes,
1304 3022 1435 3117 quibus
1457 3021 1528 3091 iam
1552 3024 1659 3093 etiam
1686 3047 1814 3095 manus
1837 3027 1881 3095 ad
1907 3050 1985 3096 eam
1999 3051 2114 3123 quarn
2126 3026 2185 3121 ipsi

145 3147 305 3230 cessitas,
345 3142 468 3230 lingua
506 3129 640 3205 adhaec
675 3131 833 3202 titubans
865 3129 971 3200 etiam
1002 3128 1143 3208 sobriis,
1195 3127 1306 3197 solam
1329 3149 1369 3193 ac
1393 3147 1566 3194 summam
1582 3126 1800 3217 voluptatem
1817 3141 1942 3199 rentur
1962 3154 2057 3212 esse,
2086 3130 2181 3201 mini-

144 3274 214 3324 vox
234 3269 342 3321 rauca
364 3255 399 3313 et
425 3241 599 3311 obscurus
623 3259 689 3326 pro
711 3255 874 3302 sermone
889 3225 1040 3311 stridor,
1066 3255 1137 3299 ma·
1195 3228 1343 3299 sterium
1368 3228 1522 3318 amplius
1539 3230 1727 3317 denegant.
1777 3227 1930 3300 Memini
1953 3255 2038 3322 ego,
2074 3230 2183 3304 Medi·

144 3377 215 3425 nus
230 3348 424 3427 tremulae,
449 3342 623 3422 nodosae,
648 3337 777 3406 morbo
799 3334 980 3404 articulari
997 3335 1143 3403 foedum
1196 3356 1276 3401 cum
1307 3331 1486 3424 quendam
1515 3332 1560 3399 ad
1587 3331 1704 3401 virum
1737 3333 1910 3425 equestris
1932 3336 2075 3406 ordinis
2096 3333 2182 3427 gravi

143 3460 186 3528 in
214 3456 362 3526 modum
389 3447 559 3519 distortae
594 3463 635 3510 ac
664 3440 812 3522 fractae3
854 3450 996 3515 verner,
1036 3458 1141 3529 quem
1195 3433 1322 3502 morbo
1355 3433 1624 3503 decumbentem
1650 3433 1845 3526 aliquando
1867 3451 2054 3524 vocatum,
2088 3454 2124 3510 et
2145 3439 2183 3507 ab

146 3560 227 3655 quis
251 3555 371 3625 verius
392 3548 605 3642 poculorum
627 3542 795 3611 latrinam
813 3539 960 3621 dixerit,
985 3562 1143 3628 propen-
1195 3548 1339 3624 aegroto
1361 3548 1466 3627 atque
1487 3534 1609 3606 amicis
1632 3537 1676 3604 de
1699 3536 1837 3627 origine
1858 3561 1899 3607 ac
1924 3542 2041 3610 causis
2063 3539 2183 3623 morbi,

146 3665 256 3739 dens,
284 3654 487 3734 morbosus3
521 3669 624 3717 crura
648 3643 766 3736 qualia
779 3637 997 3730 elephantis.
1032 3639 1139 3708 tumi-
1195 3651 1236 3707 ut
1258 3636 1333 3704 lieri
1352 3636 1458 3713 solet,
1485 3636 1764 3726 interrogatum,
1796 3643 2031 3731 respondere,
2063 3642 2184 3715 fluuio·

147 3766 212 3847 da,
245 3755 421 3838 labantia,
444 3751 551 3843 plena
575 3745 689 3816 foedis
717 3767 757 3812 ac
779 3741 935 3830 graviter
954 3741 1145 3820 olentibus,
1195 3761 1278 3805 uem
1303 3739 1481 3829 quandam
1503 3763 1522 3808 e
1544 3763 1653 3809 manu
1678 3742 1821 3812 dextera
1841 3742 1881 3810 in
1904 3758 2011 3836 caput
2033 3747 2183 3819 defluen-

146 3861 374 3942 hulceribus,
400 3855 507 3947 pedes
530 3846 734 3942 podagrosi:
768 3844 923 3936 podagra
941 3842 1037 3911 enim
1057 3842 1140 3911 isto·
1197 3854 1288 3924 tem,
1312 3840 1448 3909 fontem
1465 3840 1520 3909 illi
1536 3854 1572 3911 et
1585 3865 1725 3911 calisam
1742 3845 1949 3915 morborum
1963 3870 2049 3919 esse.
2103 3846 2183 3921 Corn
2227 3874 2229 3923 ι

147 3990 230 4040 rum
255 3959 451 4033 beluonum
472 3952 613 4024 assidua
637 3967 753 4018 comes
783 3957 895 4015 estet
927 3944 1145 4036 pedissequa.
1197 3942 1258 4010 ille
1283 3943 1536 4024 mirabundus,
1572 3943 1635 4037 qni
1661 3945 1699 4013 id
1725 3945 1801 4015 fieri
1826 3962 1959 4037 posset,
1996 3960 2184 4045 quemad,

147 4070 241 4141 Nam
266 4065 358 4136 belle
382 4056 570 4133 convenit,
597 4050 693 4144 quod
708 4043 1145 4138 Epigrammaticusgrae-
1197 4041 1361 4115 Medicus
1378 4039 1591 4117 cantharum
1615 4047 1678 4140 qui
1699 4071 1810 4140 prope
1824 4050 1864 4118 in
1885 4074 2007 4123 mensa
2032 4055 2184 4127 adstabat

148 4194 211 4243 cns
236 4169 307 4253 ait,
338 4155 518 4234 Bacchum
543 4178 623 4225 cum
639 4150 780 4220 l'cnere
804 4147 996 4240 aliquando
1014 4172 1126 4217 concn
1197 4149 1439 4239 potuplenus,
1461 4147 1625 4240 protinus
1639 4163 1841 4242 correptum
1857 4153 1900 4220 ad
1915 4177 1956 4223 os
1969 4156 2185 4237 admovebat,

147 4274 289 4354 buisse,
322 4280 357 4338 et
379 4288 420 4335 ex
442 4287 483 4330 eo
504 4253 697 4329 concubitu
715 4263 925 4343 prognatam
947 4273 1021 4319 esse
1035 4251 1143 4319 liliam
1197 4252 1386 4320 ostendens
1405 4246 1497 4320 hanc
1511 4273 1585 4320 esse
1602 4250 1797 4321 fluxionem
1815 4267 1867 4324 tot
1883 4257 2095 4330 morborum
2106 4282 2185 4329 cau·

148 4376 355 4471 podagram.
411 4363 510 4434 llaec
531 4361 605 4429 duo
628 4355 724 4425 enim
747 4376 836 4446 qnae
856 4376 920 4444 per
943 4376 980 4421 se
1005 4377 1045 4422 ac
1071 4353 1145 4423 sola
1197 4375 1282 4427 sam.
1334 4351 1460 4424 Facete
1475 4353 1537 4423 ille
1557 4352 1700 4446 quidem
1719 4379 1784 4424 nec
1799 4358 1920 4427 minus
1936 4382 2036 4429 vere:
2060 4360 2184 4434 sentie-
2225 4336 2230 4375 ³

146 4477 346 4572 plurimum
367 4476 516 4545 nocent,
548 4459 693 4554 quando
715 4456 755 4524 in
779 4478 891 4524 unnm
916 4455 1146 4536 conveniunt,
1196 4456 1258 4525 bat
1279 4454 1376 4523 enim
1399 4454 1596 4525 valetudini
1618 4457 1756 4527 nullam
1781 4460 2023 4531 nocentiorem
2041 4487 2185 4557 esseps·
2228 4456 2230 4463 ’

149 4595 228 4653 tum
249 4599 333 4647 vero
357 4566 450 4641 nihil
472 4577 525 4635 est
546 4561 658 4650 magis
679 4558 895 4649 pestiferum.
948 4556 1006 4626 Fit
1028 4572 1145 4628 autern
1197 4570 1305 4640 stem,
1331 4580 1436 4649 quam
1448 4556 1532 4627 istas
1542 4559 1816 4649 perpotationes.
1865 4560 1934 4633 Sed
1951 4569 2186 4639 nonaudiunt

150 4682 381 4776 plerumque,
412 4685 453 4741 ut
474 4663 640 4737 homines
659 4660 846 4733 temulenti
869 4682 908 4727 ac
923 4660 1033 4739 ebrii,
1061 4674 1146 4730 tunc
1197 4657 1381 4728 Medicum
1395 4658 1456 4728 isti
1471 4673 1680 4750 nepotores,
1703 4676 1838 4732 netum
1853 4665 2017 4757 quidem,
2043 4693 2127 4741 cum
2140 4668 2187 4737 al-

150 4808 232 4854 cum
255 4781 335 4851 cibo
358 4788 517 4867 potuque
534 4768 580 4836 ad
599 4786 778 4834 summum
798 4760 945 4831 distenti
968 4776 1068 4841 sunt,
1100 4763 1144 4831 ad
1197 4775 1313 4831 terum
1332 4762 1458 4852 pedem
1476 4762 1514 4830 in
1532 4756 1724 4834 Charontis
1739 4767 1862 4859 cymba
1878 4761 2022 4843 habent.
2074 4770 2187 4845 Multo

151 4908 209 4956 res
237 4902 404 4951 venereas
419 4881 596 4969 proruant
611 4889 695 4938 sese.
752 4861 848 4931 Hinc
864 4862 1001 4932 subitae
1017 4879 1146 4934 mones
1198 4864 1294 4932 enim
1320 4864 1421 4955 peius
1443 4864 1564 4933 animo
1579 4866 1699 4936 valent
1715 4891 1821 4960 quam
1837 4892 2008 4960 corpore,
2038 4872 2078 4944 id
2095 4876 2188 4971 qnod

150 5002 258 5080 atque
282 4982 448 5051 intestata
472 4987 650 5053 senectus,
681 4979 722 5035 nt
735 4965 917 5059 Satyricus
933 4967 993 5036 ait.
1050 4963 1147 5035 Hinc
1198 4966 1293 5035 infra
1308 4967 1546 5039 ostendemus.
1602 4964 1694 5037 Nam
1710 4970 1912 5055 cerebrum,
1937 4996 2028 5065 quae
2042 4977 2190 5049 rationis

150 5091 258 5161 istum
273 5096 460 5175 potorum,
492 5097 583 5167 pene
600 5092 790 5162 porcorum
807 5067 982 5151 dixeram,
1006 5089 1145 5157 gregem
1197 5091 1238 5138 ac
1264 5067 1393 5138 mentis
1413 5069 1513 5138 sedes
1536 5082 1607 5148 est,
1642 5070 1689 5140 ita
1711 5071 1784 5141 illis
1807 5096 2018 5145 concussum
2040 5093 2077 5150 et
2095 5080 2188 5152 labs-

150 5182 379 5275 circumsistit
402 5179 501 5249 velut
523 5173 663 5265 agmine
691 5172 784 5240 facto
807 5169 1013 5238 morborum
1040 5194 1146 5239 omne
1197 5171 1365 5240 iactatum
1389 5183 1461 5252 est,
1485 5185 1616 5241 utnon
1641 5175 1749 5242 modo
1776 5189 1913 5256 mente,
1940 5180 2000 5249 sed
2020 5183 2192 5254 nesensi-

149 5315 281 5385 genus,
326 5281 556 5378 sequiturque
588 5274 698 5346 totius
729 5271 888 5362 corporis
919 5284 952 5339 et
986 5271 1145 5341 omnium
1199 5274 1266 5342 bns
1281 5271 1425 5365 quidem
1442 5272 1591 5363 integris
1604 5275 1656 5343 uti
1672 5276 1821 5366 possint.
1872 5278 2192 5379 Destituantnrque

149 5394 394 5465 membromm
412 5397 566 5453 extrema
580 5378 678 5448 labes
700 5397 740 5443 ac
754 5373 986 5458 delonnatlo,
1011 5375 1146 5445 cerebri
1199 5397 1274 5443 non
1290 5387 1427 5445 tantum
1442 5374 1515 5445 illis
1524 5375 1735 5462 virtutibus,
1761 5380 1892 5472 quibus
1906 5375 2071 5457 homines
2085 5410 2189 5459 aeae.

152 5512 273 5569 ,amm
292 5488 500 5585 praecipua,
530 5505 572 5553 ea
592 5479 688 5550 enirn
711 5497 795 5568 pars
811 5498 898 5629 ,mm
921 5476 1148 5548 temulentiae
1199 5476 1285 5549 teris
1298 5477 1540 5550 animantibus
1557 5493 1784 5569 separantur,
1806 5486 1867 5553 sed
1890 5484 1935 5555 iis
1950 5486 2076 5572 etiam,
2101 5511 2189 5585 quae
