4664 6022
136 301 219 378 aas
345 396 352 405 ⁶
850 304 1010 384 naen
1042 302 1118 380 na
1151 297 1479 378 anan-ouo.
2108 316 2184 396 ssa

136 478 187 549 ris
203 477 337 546 noticia
352 475 531 547 mentibus
549 477 655 552 insita
670 493 732 550 est.
775 477 866 548 Tota
880 494 1008 550 natura
1026 481 1138 563 docet,
1190 488 1266 544 tum
1281 476 1519 548 calamitatum
1538 478 1576 549 in
1599 474 1665 552 bac
1680 484 1783 556 vita?
1830 485 2006 562 Curcum
2028 505 2183 564 caeterae

136 604 212 652 esse
228 577 345 649 Deum
360 591 513 649 mentem
533 595 730 666 aeternam,
755 584 917 667 unicam,
944 582 1137 653 immensae
1189 599 1246 646 rea
1262 580 1419 661 coelum,
1445 593 1556 667 terra,
1577 585 1730 674 plantae,
1755 590 1961 678 animantia,
1983 595 2056 664 suis
2073 618 2181 690 qnae-

136 683 339 777 potentiae,
372 681 492 750 omnia
518 684 810 774 prospicientem,
844 683 992 771 iustam,
1027 686 1137 754 bene·
1188 704 1258 772 que
1282 679 1417 768 legibus
1446 679 1706 776 obtemperent:
1740 693 1837 763 solus
1864 691 1973 765 bomo
2003 719 2084 766 ase
2102 698 2182 789 ipso

136 788 261 864 ficem,
287 808 407 854 rernm
429 785 589 854 omnium
606 787 856 864 conditricem,
884 801 917 856 et
939 801 978 856 nt
1000 789 1136 877 gravis-
1187 782 1355 867 dissidet,
1382 784 1478 853 solus
1501 784 1689 878 oppressus
1710 807 1762 863 est
1783 798 1890 866 tantis
1913 799 2111 883 aerumnis,
2140 814 2180 872 ut

134 891 225 959 sime
241 887 332 956 dixit
348 884 465 955 Plato:
491 890 560 958 τοῦ
581 883 735 986 ἀγαθοῦ
749 884 898 983 φύσεως
914 885 1049 961 αἰτίαν.
1186 907 1243 952 eas
1275 885 1396 954 nullae
1429 885 1649 975 Tragoedias
1686 894 1770 964 satis
1806 900 1992 990 deplorare
2030 901 2179 992 possint.
2236 926 2239 931 ·

241 987 314 1057 Nec
336 984 532 1080 Cyclopum
558 1003 621 1059 aut
647 988 906 1083 Epicureorum
932 991 1134 1061 immanitas
1185 982 1308 1055 Cernit
1331 983 1561 1080 Philosophia
1585 987 1675 1063 hanc
1706 995 1822 1067 labem
1848 995 1996 1070 humani
2024 1003 2178 1090 generis:

132 1093 256 1162 delere
278 1085 370 1158 banc
396 1104 541 1160 naturae
567 1117 688 1161 vocem
715 1107 846 1184 potest,
872 1092 1010 1163 etiamsi
1031 1118 1134 1183 agge·
1184 1089 1244 1155 sed
1263 1113 1326 1156 nec
1343 1093 1438 1160 unde
1453 1092 1516 1176 sit,
1540 1118 1604 1165 nec
1621 1120 1711 1188 quae
1726 1098 1799 1170 sint
1814 1105 1969 1172 remedia
1986 1106 2151 1174 ostendit.

131 1196 199 1266 scis
222 1192 406 1261 montibus
429 1194 563 1263 bellum
587 1196 685 1264 coeto
707 1197 873 1269 inferant.
924 1195 995 1266 Sed
1013 1198 1132 1265 aevia·
1288 1189 1365 1261 Una
1395 1206 1445 1262 est
1478 1209 1596 1265 autem
1624 1194 1802 1270 Ecclesiae
1830 1205 2013 1286 doctrina,
2048 1207 2177 1279 tradita

127 1310 268 1368 cuntur
281 1317 364 1364 suae
378 1295 612 1365 conscientiae
625 1297 847 1385 testimoniis,
864 1310 899 1368 et
914 1298 1035 1368 multis
1050 1323 1133 1391 per·
1184 1290 1268 1359 inde
1285 1314 1397 1383 usque
1420 1295 1465 1363 ab
1483 1294 1605 1383 initio,
1631 1314 1666 1372 ct
1681 1322 1870 1394 propagata
1891 1309 1996 1378 certis
2014 1307 2176 1378 testimo-

128 1398 269 1492 spicuis
284 1396 511 1485 argumentis.
1183 1394 1273 1477 niis,
1303 1407 1338 1463 et
1369 1408 1462 1465 certa
1486 1400 1576 1467 serie
1597 1404 1758 1471 omnium
1787 1420 1987 1501 temporum
2008 1412 2176 1481 mandata

239 1497 324 1588 Quo
337 1499 447 1587 magis
464 1499 667 1570 mirandum
682 1513 735 1569 est
749 1495 920 1586 ethnicos,
943 1525 1022 1570 cum
1038 1495 1131 1571 hanc
1155 1528 1158 1549 ·
1182 1495 1294 1564 literis
1318 1520 1380 1586 per
1395 1493 1590 1590 Prophetas
1610 1518 1644 1572 et
1660 1501 1871 1596 Apostolos,
1896 1536 1986 1605 qnae
2003 1526 2037 1583 et
2055 1535 2176 1582 causas

127 1603 171 1673 in
193 1601 324 1671 animis
348 1601 516 1671 noticiam
538 1604 1045 1687 circumferrent,'deseruisse
1061 1606 1130 1674 du·
1182 1592 1310 1666 horum
1339 1599 1512 1670 malorum
1540 1605 1721 1693 patefacit,
1748 1623 1781 1681 ct
1810 1627 1983 1684 monstrat
2009 1615 2174 1699 remedia,

130 1729 209 1777 sem
234 1717 416 1788 nataaram,
451 1715 485 1774 et
508 1705 727 1796 prodigiosas
748 1705 886 1775 iabulas
908 1708 952 1774 de
974 1707 1063 1790 diis,
1097 1720 1131 1776 et
1181 1701 1282 1768 docel
1306 1714 1400 1769 cerlo
1424 1705 1467 1770 de
1491 1706 1672 1775 voluntale
1695 1707 1760 1778 Dei
1789 1714 1959 1804 placatam
1980 1717 2173 1800 esseiram,

129 1809 311 1879 obscoena
328 1829 368 1873 ac
385 1807 540 1876 crudelia
562 1807 729 1876 sacrificia
747 1810 975 1898 excogitasse,
1002 1809 1129 1878 deinde
1181 1802 1401 1891 perunlcum
1418 1803 1550 1889 filium,
1576 1833 1681 1900 quem
1697 1813 1792 1883 misit
1815 1816 1852 1883 in
1878 1830 2005 1902 terras,
2029 1833 2173 1909 propter

129 1925 167 1983 et
195 1910 236 1978 in
262 1908 512 1978 communibus
539 1909 718 1994 moribus,
759 1910 971 1981 reclamante
997 1910 1129 1981 iudicio
1182 1898 1276 1972 hunc
1308 1902 1514 1975 Pontificem
1545 1912 1704 1980 exaudiri
1733 1915 1956 2003 invocantes,
1988 1920 2103 1988 iuvari
2138 1933 2173 1990 et

130 2027 303 2095 naturae,
328 2032 432 2100 vagas
455 2025 491 2081 et
512 2011 702 2102 flagitiosas
720 2012 888 2083 libidines
907 2015 1128 2104 approbasse,
1180 2006 1307 2074 donari
1327 2006 1558 2077 inenarrabili
1575 2012 1710 2083 laeticia
1728 2016 1765 2084 in
1783 2020 1853 2087 vita
1869 2035 2047 2113 perpetua.
2074 2019 2171 2091 llaec

128 2116 203 2189 Sed
228 2107 516 2206 hancquerelam
537 2115 762 2200 omittamus,
789 2138 828 2185 ae
852 2116 897 2184 ad
919 2138 1045 2205 genera
1062 2118 1128 2185 do-
1179 2132 1306 2176 arcana
1334 2108 1504 2198 sapientia
1534 2113 1638 2202 longe
1673 2121 1785 2206 posita
1816 2135 1913 2194 extra
1944 2138 2171 2214 conspectum

130 2220 331 2290 ctrinarum
346 2219 541 2289 redeamus.
1179 2205 1354 2279 humanae
1377 2213 1526 2281 rationis
1547 2216 1777 2288 discernenda
1799 2236 1851 2292 cst
1873 2248 1891 2294 a
1920 2225 2056 2314 legibus
2079 2224 2170 2293 civi·

235 2317 361 2390 Laudo
376 2313 615 2414 Phocyliden,
640 2320 819 2391 adsentior
840 2320 1128 2413 leges'flomanas
1178 2313 1267 2381 lium
1283 2311 1479 2383 officiorum
1509 2327 1544 2384 et
1568 2340 1588 2386 a
1609 2314 1855 2412 Philosophia.
1899 2322 2055 2419 Ideoque
2070 2322 2170 2418 Apo-

128 2419 283 2495 boneste
305 2421 451 2512 scriptas
473 2445 557 2494 esse.
618 2422 738 2494 Probo
762 2426 932 2494 sinceram
959 2422 1125 2495 Philoso-
1178 2415 1259 2484 sloll
1287 2438 1385 2483 ⁵⁰³³*
1416 2419 1616 2487 d⁰clrl¹¹³¹1¹
1638 2416 1873 2509 Evangelium
1907 2442 2094 2512 vocarunt,
2129 2440 2170 2498 ¹¹¹

126 2523 276 2621 pisiam,
301 2523 463 2594 videlicet
477 2525 696 2611 doctrinam,
723 2530 1128 2621 quaeconstatdemon.
1179 2518 1335 2588 nominis
1364 2518 1502 2591 novitas
1531 2521 1576 2590 de
1604 2523 1809 2597 discrimine
1839 2530 2017 2600 auditores
2045 2531 2170 2599 admo-

125 2626 382 2707 strationibns,
410 2650 483 2697 non
506 2629 722 2719 corruptelas
737 2629 909 2699 admixtas
924 2631 968 2699 ab
984 2631 1127 2700 attilici-
1178 2636 1289 2697 neret.

124 2732 211 2805 bus.
265 2723 330 2799 Est
355 2730 451 2798 enim
483 2754 553 2799 una
579 2734 751 2825 quaedam
776 2755 860 2800 vera
885 2727 1127 2823 Philosophia,
1279 2724 1399 2813 Quare
1423 2751 1502 2797 cum
1527 2724 1757 2822 Philosophia
1782 2735 1933 2806 fateatur
1960 2757 2041 2804 suas
2069 2750 2170 2807 tene-

124 2858 224 2931 qnae
246 2853 327 2901 suas
346 2845 457 2901 metas
474 2827 599 2917 habet,
625 2830 710 2903 haee
733 2833 807 2925 ipsa
828 2835 1012 2905 constituit
1035 2833 1126 2905 hanc
1178 2830 1269 2908 bras,
1294 2841 1329 2897 el
1343 2840 1462 2898 lamen
1478 2846 1641 2920 agnoscat
1658 2833 1776 2928 aliqua
1795 2850 1887 2906 certa
1903 2838 2063 2907 doctrina
2080 2859 2170 2929 opus

123 2933 366 3011 sententiam,
395 2957 468 3002 esse
491 2931 626 3016 Deum,
660 2960 724 3006 nec
755 2937 913 3006 ociosum
938 2961 1027 3022 esse,
1064 2940 1122 3007 sed
1177 2954 1269 3015 esse,
1299 2931 1343 3000 de
1361 2930 1626 3005 immortalitate
1643 2929 1851 3021 hominum,
1875 2941 1919 3007 de
1934 2936 2010 3009 Deo
2027 2941 2170 3032 placan-

124 3062 257 3112 aurare
273 3030 439 3117 humana,
467 3038 563 3130 quod
580 3052 700 3107 monet
712 3061 817 3107 sanos
833 3039 906 3128 ipsa
923 3052 1035 3107 terrae
1048 3039 1124 3109 soe·
1176 3037 1241 3112 do,
1283 3033 1327 3100 de
1354 3033 1577 3105 invocatione
1608 3037 1699 3122 Dei,
1739 3041 1784 3108 de
1812 3042 2007 3132 praesentia
2034 3038 2099 3110 Dei
2130 3043 2169 3109 in
2268 3102 2273 3111 ,

123 3140 316 3223 ennditas,
350 3153 384 3209 et
406 3141 448 3205 ad
475 3133 565 3206 hanc
589 3141 1011 3210 utilitatemdistributae
1033 3140 1126 3210 vices
1175 3135 1343 3203 omnibus
1373 3136 1570 3222 aerumnis,
1608 3138 1651 3206 de
1687 3139 1759 3210 vita
1792 3154 1950 3227 aeterna,
1983 3168 2047 3213 cor
2078 3138 2170 3212 hanc

123 3256 346 3338 temporum.
397 3237 537 3309 Deinde
559 3265 638 3310 cum
661 3256 695 3310 et
717 3237 786 3312 hoc
812 3241 993 3311 constituit
1015 3239 1124 3311 aDeo
1176 3229 1387 3330 Symmacbe
1405 3259 1480 3303 non
1502 3238 1739 3328 amplecteris,
1766 3266 1857 3335 quae
1878 3243 1952 3313 sola
1974 3267 2029 3312 res
2053 3257 2168 3314 tantas

125 3361 250 3419 onom
264 3366 338 3414 esse
355 3342 393 3410 in
411 3343 588 3412 mentibus
604 3342 735 3414 nostris
746 3344 935 3413 discrimen
951 3346 1124 3415 virtutum
1176 3338 1283 3408 tradit
1300 3350 1332 3404 et
1349 3337 1523 3427 patefacit.
1573 3338 1657 3409 Sola
1679 3343 1834 3413 ostendit
1855 3367 1975 3414 causas
1991 3340 2168 3414 humanae

129 3447 370 3530 elvitiorum,
402 3447 559 3535 agnoscit
574 3442 650 3515 Deo
671 3447 808 3534 placere
826 3447 956 3534 iustos,
983 3461 1124 3516 econtra
1176 3437 1403 3509 infirmitatis·
1457 3437 1542 3510 Sola
1557 3439 1665 3530 igilur
1681 3444 1795 3533 prima
1814 3459 1876 3529 est,
1903 3460 1937 3515 et
1950 3448 2104 3537 prolecta
2121 3447 2168 3515 ab

125 3549 287 3642 pollutos
326 3545 512 3639 periuriis,
555 3549 761 3617 crudelitate
798 3563 860 3618 aut
900 3548 1123 3632 libidinibus,
1176 3540 1237 3622 iis,
1275 3541 1336 3632 qui
1361 3554 1493 3609 norunt
1516 3535 1664 3611 humani
1687 3546 1827 3633 generis
1853 3547 1955 3616 initia
1983 3560 2017 3617 et
2046 3571 2167 3617 causas
2267 3577 2273 3587 ¹

123 3652 327 3744 displicere.
369 3648 530 3742 Cumque
546 3650 663 3721 videat
679 3651 715 3719 in
730 3645 795 3720 hac
811 3650 880 3719 vita
896 3675 969 3719 non
983 3648 1126 3741 ¹semper
1176 3654 1439 3734 perspexerunt.
1492 3643 1576 3713 Sola
1592 3645 1754 3717 adfirmat
1771 3649 1877 3717 vitam
1894 3650 2065 3743 reliquam
2081 3673 2168 3734 esse,

123 3755 254 3827 virtaati
282 3752 456 3844 praemia,
487 3763 521 3820 et
543 3753 733 3823 sceleribus
759 3776 890 3845 poenas
912 3754 1032 3838 reddi,
1066 3748 1125 3820 hic
1175 3758 1361 3837 postquam
1384 3737 1468 3812 binc
1492 3745 1723 3817 discessimus.
1773 3748 1857 3820 Sola
1873 3751 1919 3819 de
1936 3753 2056 3822 futuro
2072 3752 2168 3821 iudi-

123 3858 313 3953 queritur,
342 3855 464 3923 oculos
487 3867 711 3948 mentemque
726 3856 944 3925 densissimis
957 3856 1124 3938 tenebris,
1175 3848 1230 3916 cio
1257 3846 1366 3916 totius
1394 3840 1541 3915 humani
1568 3849 1706 3936 generis
1733 3865 1827 3921 certo
1854 3853 2103 3938 concionatur,
2128 3877 2169 3922 ac

123 3976 161 4033 et
176 3960 299 4030 subita
314 3971 416 4026 nocte
431 3955 603 4046 opprimi,
629 3971 662 4026 ct
679 3958 810 4047 ilagitat
827 3959 924 4027 aliud
943 3959 1124 4027 doctrinae
1175 3963 1288 4020 certos
1305 3961 1407 4018 testes
1422 3948 1593 4035 nominat,
1616 3951 1678 4044 qui
1693 3965 1904 4043 spectatores
1915 3955 2062 4025 fuerunt
2076 3956 2169 4024 mul·

123 4084 260 4155 mnus,
284 4062 323 4129 in
339 4084 410 4153 quo
428 4057 773 4146 deimmortalitate,
798 4062 912 4154 deque
927 4061 1048 4131 futuro
1067 4059 1124 4128 iu-
1173 4065 1310 4132 torum.
1346 4048 1408 4144 qui
1443 4050 1576 4121 ¹¹¹01'21fi
1611 4052 1827 4127 revixerunt·
1888 4053 1973 4126 Sola
2005 4058 2169 4127 adfirmat

123 4166 224 4237 diei„
242 4175 335 4232 terra
352 4162 548 4230 tradantur.
1175 4154 1264 4223 iram
1288 4150 1353 4220 Dei
1375 4150 1546 4244 placatam
1572 4175 1663 4238 esse,
1697 4166 1729 4221 et
1750 4155 1852 4226 docet
1870 4160 2050 4251 quomodo
2074 4159 2169 4230 Deus

224 4264 406 4334 Praeterea
424 4286 503 4331 cum
519 4276 683 4349 agnoscat
698 4283 810 4351 genus
825 4256 1021 4331 humanum
1038 4284 1125 4328 con·
1174 4255 1395 4325 invocandus
1410 4254 1466 4326 sit.
1518 4252 1602 4324 Sola
1620 4257 1786 4346 proponit
1807 4258 2085 4328 consolationem
2110 4262 2170 4328 fir-

123 4371 245 4441 ditum
262 4390 334 4436 esse
351 4367 394 4433 ad
414 4366 654 4433 invocandum
672 4378 705 4433 et
727 4363 977 4434 celebrandam
997 4361 1124 4446 Deum,
1175 4382 1267 4426 mam
1284 4357 1322 4424 in
1337 4355 1535 4440 asturianis,
1555 4371 1590 4426 et
1605 4379 1726 4426 causas
1739 4358 1885 4443 indicat,
1911 4385 1974 4430 cur
1988 4362 2085 4443 boni,
2107 4383 2172 4430 cur

123 4487 296 4545 ettamen
312 4468 441 4537 iudicet
465 4489 538 4533 nem
562 4467 722 4534 exarsdiri
744 4461 853 4534 aDeo
878 4465 1063 4554 indiguos,
1090 4476 1124 4533 et
1173 4456 1331 4530 Ecclesia
1349 4456 1553 4548 ingentibus
1567 4459 1746 4528 aerumnis
1760 4461 1994 4532 conflictetur.
2032 4460 2169 4532 Harum

123 4572 387 4647 contaminatos
411 4568 525 4647 vitiis,
560 4571 670 4659 magis
695 4568 800 4636 etiam
824 4566 964 4637 dubitat
991 4569 1035 4634 de
1060 4590 1124 4634 vo·
1173 4558 1547 4649 rerumcognitionem
1566 4560 2168 4633 necessariamesseiatendumest·
2276 4634 2279 4641 .

123 4678 266 4748 luntale
308 4670 394 4752 Dei,
437 4695 517 4742 cum
558 4664 802 4761 deprehendat
837 4669 873 4737 in
916 4669 1122 4738 universum
1174 4662 1275 4753 Quae
1292 4675 1343 4732 est
1359 4661 1468 4751 igitur
1483 4662 1636 4732 amentia
1654 4659 1876 4756 Symmacbe,
1899 4663 2088 4754 explodere
2104 4667 2171 4733 ‹lo-

123 4799 253 4849 omncs
277 4777 422 4845 vitiosos
445 4795 527 4841 esse.
582 4771 682 4859 Quos
703 4773 812 4858 igitur
836 4771 978 4840 exaudit
1003 4767 1124 4838 Deus?
1174 4765 1325 4835 ctrinam
1348 4767 1392 4833 de
1415 4762 1521 4833 rebus
1546 4763 1653 4833 tantis
1682 4764 1933 4848 necessariam,
1968 4789 2049 4833 cuin
2071 4766 2171 4836 nulla

123 4879 310 4977 quomodo
328 4878 487 4965 placatur
503 4875 579 4942 eius
595 4876 672 4943 ira?
705 4872 763 4942 An
785 4887 898 4943 totum
922 4894 1032 4961 genus
1055 4866 1125 4939 bu-
1173 4888 1323 4958 usquam
1340 4864 1409 4934 alia
1431 4864 1580 4954 reperiri
1604 4864 1730 4955 possit,
1756 4887 1796 4935 ac
1811 4860 2043 4956 Philosophia
2067 4869 2172 4938 toties

123 5006 276 5055 ansanum
299 4984 342 5048 ad
364 4989 545 5047 aeternum
563 4979 706 5047 exitium
730 4975 909 5044 nascitur?
941 4972 1124 5043 Postremo
1173 4967 1335 5058 deploret
1352 4960 1544 5035 humanam
1568 4966 1773 5056 caliginem,
1798 4977 1832 5036 et
1856 4967 1955 5037 aliud
1977 4992 2089 5058 genus
2106 4973 2172 5041 do·

124 5090 226 5157 sande
250 5095 333 5151 susat
355 5079 441 5148 haec
464 5079 501 5146 in
523 5071 680 5148 humano
695 5101 823 5164 genere
840 5075 956 5144 mala?
1007 5072 1123 5161 Supra
1172 5066 1503 5142 ctrinaedesideret.

123 5189 264 5259 dictum
294 5197 346 5252 est
376 5182 490 5253 Denm
521 5203 594 5249 csse
629 5195 783 5250 mentem
813 5191 1013 5255 aeternam,
1053 5176 1123 5245 τοῦ
1273 5167 1435 5240 Fuenrnt
1448 5168 1617 5239 omnibns
1630 5166 1770 5249 seculis,
1793 5182 1827 5241 et
1841 5182 1923 5240 sam
1942 5167 2036 5242 inter
2050 5165 2169 5242 ethni-

124 5287 286 5390 ἀγαθοῦ
303 5280 451 5380 φύσεως
467 5278 603 5353 αἰτίαν.
656 5280 761 5353 Unde
782 5281 892 5371 igitur
904 5277 1021 5348 existit
1038 5270 1122 5346 haec
1170 5295 1308 5342 cosseu
1325 5273 1586 5362 ignarosverae
1606 5270 1807 5359 religionis,
1833 5271 1938 5341 multi
1956 5272 2169 5344 excellentes

125 5384 673 5464 noralevissarciuavitiorum?
708 5387 802 5453 unde
824 5397 895 5452 tam
917 5383 1121 5449 foedaecu-
1171 5374 1340 5463 iugeniis,
1373 5372 1554 5457 doctrina,
1578 5372 1734 5457 iustitia,
1766 5371 1993 5454 fortitudine,
2027 5387 2061 5443 et
2086 5375 2168 5445 aliis

124 5495 295 5591 piditates
308 5500 544 5582 repugnantes
562 5486 697 5557 iudicio
717 5484 870 5557 mentis?
921 5480 1026 5556 Unde
1041 5494 1121 5552 tan·
1172 5477 1380 5564 virtutibus,
1413 5476 1534 5570 quales
1565 5475 1674 5546 luisse
1699 5474 1897 5554 accepimus
1923 5473 2163 5561 Palamedem,
