<?xml version="1.0" encoding="UTF-8"?>
<!DOCTYPE html PUBLIC "-//W3C//DTD XHTML 1.0 Transitional//EN"
    "http://www.w3.org/TR/xhtml1/DTD/xhtml1-transitional.dtd">
<html xmlns="http://www.w3.org/1999/xhtml" xml:lang="en" lang="en">
 <head>
  <title>
</title>
<meta http-equiv="Content-Type" content="text/html;charset=utf-8" />
  <meta name='ocr-system' content='tesseract 3.04.00' />
  <meta name='ocr-capabilities' content='ocr_page ocr_carea ocr_par ocr_line ocrx_word'/>
</head>
<body>
  <div class='ocr_page' id='page_1' title='image "./philippimelanth00bretgoog_0086.png"; bbox 0 0 4664 6022; ppageno 0'>
   <div class='ocr_carea' id='block_1_1' title="bbox 73 111 2120 211">
    <p class='ocr_par' dir='ltr' id='par_1_1' title="bbox 73 111 2120 211">
     <span class='ocr_line' id='line_1_1' title="bbox 73 111 2120 211; baseline 0.009 -18"><span class='ocrx_word' id='word_1_1' title='bbox 73 111 147 193; x_wconf 78' lang='lat' dir='ltr'><strong>tte</strong></span> <span class='ocrx_word' id='word_1_2' title='bbox 569 112 742 195; x_wconf 76' lang='lat' dir='ltr'><strong>DECL.</strong></span> <span class='ocrx_word' id='word_1_3' title='bbox 772 113 851 211; x_wconf 74' lang='lat' dir='ltr'><strong>nu</strong></span> <span class='ocrx_word' id='word_1_4' title='bbox 878 112 1158 195; x_wconf 76' lang='lat' dir='ltr'>ENCOMIO</span> <span class='ocrx_word' id='word_1_5' title='bbox 1191 113 1617 203; x_wconf 74' lang='lat' dir='ltr'><strong>ronutcaatttt.</strong></span> <span class='ocrx_word' id='word_1_6' title='bbox 2044 133 2120 211; x_wconf 72' lang='grc'><strong>160</strong></span> 
     </span>
    </p>
   </div>
   <div class='ocr_carea' id='block_1_2' title="bbox 60 285 2114 1206">
    <p class='ocr_par' dir='ltr' id='par_1_2' title="bbox 63 285 2110 616">
     <span class='ocr_line' id='line_1_2' title="bbox 65 285 2106 386; baseline 0.004 -25"><span class='ocrx_word' id='word_1_7' title='bbox 65 285 130 361; x_wconf 79' lang='lat' dir='ltr'><strong>hae</strong></span> <span class='ocrx_word' id='word_1_8' title='bbox 147 299 291 363; x_wconf 75' lang='lat' dir='ltr'><strong>centnm</strong></span> <span class='ocrx_word' id='word_1_9' title='bbox 303 288 399 383; x_wconf 82' lang='lat' dir='ltr'><strong>leges</strong></span> <span class='ocrx_word' id='word_1_10' title='bbox 414 310 510 379; x_wconf 77' lang='lat' dir='ltr'><strong>eece,</strong></span> <span class='ocrx_word' id='word_1_11' title='bbox 533 313 625 386; x_wconf 82' lang='lat' dir='ltr'><strong>quae</strong></span> <span class='ocrx_word' id='word_1_12' title='bbox 642 303 726 363; x_wconf 81' lang='lat' dir='ltr'><strong>tunt</strong></span> <span class='ocrx_word' id='word_1_13' title='bbox 742 288 782 362; x_wconf 91' lang='lat' dir='ltr'><strong>in</strong></span> <span class='ocrx_word' id='word_1_14' title='bbox 797 291 952 383; x_wconf 85' lang='lat' dir='ltr'><strong>publicis</strong></span> <span class='ocrx_word' id='word_1_15' title='bbox 965 293 1070 365; x_wconf 79' lang='lat' dir='ltr'><strong>libris</strong></span> <span class='ocrx_word' id='word_1_16' title='bbox 1121 290 1191 369; x_wconf 86' lang='lat' dir='ltr'><strong>No.</strong></span> <span class='ocrx_word' id='word_1_17' title='bbox 1205 292 1270 375; x_wconf 75' lang='lat'><strong>18,</strong></span> <span class='ocrx_word' id='word_1_18' title='bbox 1941 332 1993 381; x_wconf 72' lang='grc' dir='ltr'><strong>ω.</strong></span> <span class='ocrx_word' id='word_1_19' title='bbox 2008 310 2106 383; x_wconf 75' lang='lat'><strong>1527,</strong></span> 
     </span>
     <span class='ocr_line' id='line_1_3' title="bbox 63 388 2110 485; baseline 0.005 -22"><span class='ocrx_word' id='word_1_20' title='bbox 63 390 234 485; x_wconf 65' lang='lat' dir='ltr'><strong>nuptu.</strong></span> <span class='ocrx_word' id='word_1_21' title='bbox 282 388 381 465; x_wconf 83' lang='lat' dir='ltr'><strong>Haec</strong></span> <span class='ocrx_word' id='word_1_22' title='bbox 398 392 456 465; x_wconf 80' lang='lat' dir='ltr'><strong>lex</strong></span> <span class='ocrx_word' id='word_1_23' title='bbox 475 416 552 466; x_wconf 89' lang='lat' dir='ltr'><strong>nou</strong></span> <span class='ocrx_word' id='word_1_24' title='bbox 574 393 615 465; x_wconf 89' lang='lat' dir='ltr'><strong>iu</strong></span> <span class='ocrx_word' id='word_1_25' title='bbox 634 415 695 464; x_wconf 84' lang='lat' dir='ltr'><strong>nes</strong></span> <span class='ocrx_word' id='word_1_26' title='bbox 715 392 846 477; x_wconf 87' lang='lat' dir='ltr'><strong>ineisa,</strong></span> <span class='ocrx_word' id='word_1_27' title='bbox 871 418 947 468; x_wconf 92' lang='lat' dir='ltr'><strong>non</strong></span> <span class='ocrx_word' id='word_1_28' title='bbox 962 397 1070 468; x_wconf 85' lang='lat' dir='ltr'><strong>tabu-</strong></span> <span class='ocrx_word' id='word_1_29' title='bbox 1122 390 1262 420; x_wconf 50' lang='grc' dir='ltr'><strong>Μ</strong></span> <span class='ocrx_word' id='word_1_30' title='bbox 1937 401 2110 435; x_wconf 60' lang='lat'><strong>“⁴‘&#39;</strong></span> 
     </span>
     <span class='ocr_line' id='line_1_4' title="bbox 63 492 1924 616; baseline 0.005 -52"><span class='ocrx_word' id='word_1_31' title='bbox 63 494 109 566; x_wconf 85' lang='lat' dir='ltr'><strong>lis</strong></span> <span class='ocrx_word' id='word_1_32' title='bbox 139 493 296 587; x_wconf 77' lang='lat' dir='ltr'><strong>¹⁸pideis</strong></span> <span class='ocrx_word' id='word_1_33' title='bbox 325 494 502 588; x_wconf 88' lang='lat' dir='ltr'><strong>insculpta</strong></span> <span class='ocrx_word' id='word_1_34' title='bbox 531 509 599 577; x_wconf 87' lang='grc' dir='ltr'><strong>εει,</strong></span> <span class='ocrx_word' id='word_1_35' title='bbox 632 497 694 566; x_wconf 81' lang='lat' dir='ltr'><strong>sed</strong></span> <span class='ocrx_word' id='word_1_36' title='bbox 722 495 761 567; x_wconf 92' lang='lat' dir='ltr'><strong>in</strong></span> <span class='ocrx_word' id='word_1_37' title='bbox 784 495 1069 570; x_wconf 83' lang='lat' dir='ltr'><strong>animisnostris</strong></span> <span class='ocrx_word' id='word_1_38' title='bbox 1308 493 1585 585; x_wconf 78' lang='lat' dir='ltr'><strong>Encomium</strong></span> <span class='ocrx_word' id='word_1_39' title='bbox 1603 492 1924 616; x_wconf 64' lang='lat' dir='ltr'><strong>formicarum,</strong></span> 
     </span>
    </p>

    <p class='ocr_par' dir='ltr' id='par_1_3' title="bbox 60 596 1714 899">
     <span class='ocr_line' id='line_1_5' title="bbox 63 596 1067 692; baseline 0.006 -25"><span class='ocrx_word' id='word_1_40' title='bbox 63 596 201 691; x_wconf 78' lang='lat' dir='ltr'><strong>scripte</strong></span> <span class='ocrx_word' id='word_1_41' title='bbox 223 596 419 686; x_wconf 89' lang='lat' dir='ltr'><strong>divinitus,</strong></span> <span class='ocrx_word' id='word_1_42' title='bbox 444 613 485 671; x_wconf 93' lang='lat' dir='ltr'><strong>ut</strong></span> <span class='ocrx_word' id='word_1_43' title='bbox 506 611 696 692; x_wconf 87' lang='lat' dir='ltr'><strong>parentum</strong></span> <span class='ocrx_word' id='word_1_44' title='bbox 713 599 807 672; x_wconf 89' lang='lat' dir='ltr'><strong>iussa</strong></span> <span class='ocrx_word' id='word_1_45' title='bbox 824 624 900 671; x_wconf 91' lang='lat' dir='ltr'><strong>non</strong></span> <span class='ocrx_word' id='word_1_46' title='bbox 915 602 1067 673; x_wconf 87' lang='lat' dir='ltr'><strong>minoris</strong></span> 
     </span>
     <span class='ocr_line' id='line_1_6' title="bbox 60 698 1067 794; baseline 0.005 -24"><span class='ocrx_word' id='word_1_47' title='bbox 60 698 251 786; x_wconf 77' lang='lat' dir='ltr'><strong>tacimus,</strong></span> <span class='ocrx_word' id='word_1_48' title='bbox 278 724 386 793; x_wconf 87' lang='lat' dir='ltr'><strong>quam</strong></span> <span class='ocrx_word' id='word_1_49' title='bbox 402 701 477 773; x_wconf 92' lang='lat' dir='ltr'><strong>nlla</strong></span> <span class='ocrx_word' id='word_1_50' title='bbox 492 715 695 794; x_wconf 88' lang='lat' dir='ltr'><strong>praetorum</strong></span> <span class='ocrx_word' id='word_1_51' title='bbox 710 703 836 775; x_wconf 85' lang='lat' dir='ltr'><strong>edicta.</strong></span> <span class='ocrx_word' id='word_1_52' title='bbox 886 700 934 776; x_wconf 85' lang='lat' dir='ltr'><strong>Et</strong></span> <span class='ocrx_word' id='word_1_53' title='bbox 948 712 1067 776; x_wconf 80' lang='lat' dir='ltr'><strong>tamen</strong></span> 
     </span>
     <span class='ocr_line' id='line_1_7' title="bbox 63 799 1714 899; baseline 0.004 -25"><span class='ocrx_word' id='word_1_54' title='bbox 63 816 190 877; x_wconf 71' lang='lat' dir='ltr'><strong>utant</strong></span> <span class='ocrx_word' id='word_1_55' title='bbox 221 803 330 874; x_wconf 88' lang='lat' dir='ltr'><strong>etiarn</strong></span> <span class='ocrx_word' id='word_1_56' title='bbox 351 800 626 895; x_wconf 85' lang='lat' dir='ltr'><strong>Magistratuum</strong></span> <span class='ocrx_word' id='word_1_57' title='bbox 647 805 741 894; x_wconf 86' lang='lat' dir='ltr'><strong>leges</strong></span> <span class='ocrx_word' id='word_1_58' title='bbox 764 799 830 876; x_wconf 88' lang='lat' dir='ltr'><strong>hac</strong></span> <span class='ocrx_word' id='word_1_59' title='bbox 852 807 896 877; x_wconf 92' lang='lat' dir='ltr'><strong>de</strong></span> <span class='ocrx_word' id='word_1_60' title='bbox 917 831 972 878; x_wconf 87' lang='lat' dir='ltr'><strong>re:</strong></span> <span class='ocrx_word' id='word_1_61' title='bbox 1005 830 1067 878; x_wconf 83' lang='lat' dir='ltr'><strong>er·</strong></span> <span class='ocrx_word' id='word_1_62' title='bbox 1530 883 1537 896; x_wconf 72' lang='grc'><em>,</em></span> <span class='ocrx_word' id='word_1_63' title='bbox 1708 886 1714 899; x_wconf 60' lang='grc'><strong>,</strong></span> 
     </span>
    </p>

    <p class='ocr_par' dir='ltr' id='par_1_4' title="bbox 63 881 2114 1206">
     <span class='ocr_line' id='line_1_8' title="bbox 63 881 2114 1018; baseline 0.017 -40"><span class='ocrx_word' id='word_1_64' title='bbox 63 918 141 978; x_wconf 79' lang='lat' dir='ltr'><strong>tant</strong></span> <span class='ocrx_word' id='word_1_65' title='bbox 166 917 206 978; x_wconf 83' lang='lat' dir='ltr'><strong>ct</strong></span> <span class='ocrx_word' id='word_1_66' title='bbox 226 919 368 999; x_wconf 81' lang='lat' dir='ltr'><strong>praeter</strong></span> <span class='ocrx_word' id='word_1_67' title='bbox 390 900 579 978; x_wconf 91' lang='lat' dir='ltr'><strong>hominum</strong></span> <span class='ocrx_word' id='word_1_68' title='bbox 594 909 780 978; x_wconf 90' lang='lat' dir='ltr'><strong>doctorum</strong></span> <span class='ocrx_word' id='word_1_69' title='bbox 799 923 1001 1001; x_wconf 87' lang='lat' dir='ltr'><strong>praecepta,</strong></span> <span class='ocrx_word' id='word_1_70' title='bbox 1026 909 1066 979; x_wconf 90' lang='lat' dir='ltr'><strong>in</strong></span> <span class='ocrx_word' id='word_1_71' title='bbox 1222 900 1298 1005; x_wconf 52' lang='lat' dir='ltr'><strong>&#39;effi&#39;</strong></span> <span class='ocrx_word' id='word_1_72' title='bbox 1306 881 1892 1010; x_wconf 47' lang='lat' dir='ltr'><strong>3¹ngmeqqqppqpioqnqqpqpnliepae</strong></span> <span class='ocrx_word' id='word_1_73' title='bbox 1904 892 2054 1018; x_wconf 41' lang='lat' dir='ltr'><strong>recitavit&amp;</strong></span> <span class='ocrx_word' id='word_1_74' title='bbox 2069 917 2114 1009; x_wconf 57' lang='grc' dir='ltr'><strong>’ἶ</strong></span> 
     </span>
     <span class='ocr_line' id='line_1_9' title="bbox 66 974 2113 1104; baseline 0.006 -25"><span class='ocrx_word' id='word_1_75' title='bbox 66 1007 172 1082; x_wconf 80' lang='lat' dir='ltr'><strong>sacris</strong></span> <span class='ocrx_word' id='word_1_76' title='bbox 195 1008 313 1081; x_wconf 79' lang='lat' dir='ltr'><strong>literis</strong></span> <span class='ocrx_word' id='word_1_77' title='bbox 334 1009 560 1099; x_wconf 87' lang='lat' dir='ltr'><strong>gravissimae</strong></span> <span class='ocrx_word' id='word_1_78' title='bbox 580 1010 860 1096; x_wconf 81' lang='lat' dir='ltr'><strong>admonitiones,</strong></span> <span class='ocrx_word' id='word_1_79' title='bbox 884 1027 926 1084; x_wconf 92' lang='lat' dir='ltr'><strong>ut</strong></span> <span class='ocrx_word' id='word_1_80' title='bbox 938 1014 1066 1085; x_wconf 91' lang='lat' dir='ltr'><strong>ambu·</strong></span> <span class='ocrx_word' id='word_1_81' title='bbox 1221 1019 1312 1102; x_wconf 71' lang='lat' dir='ltr'><strong>ptime</strong></span> <span class='ocrx_word' id='word_1_82' title='bbox 1330 993 1466 1104; x_wconf 51' lang='lat' dir='ltr'><strong>traditio,</strong></span> <span class='ocrx_word' id='word_1_83' title='bbox 1488 974 1779 1095; x_wconf 68' lang='lat' dir='ltr'><strong>„Formicurqteme</strong></span> <span class='ocrx_word' id='word_1_84' title='bbox 1799 978 2113 1100; x_wconf 58' lang='lat' dir='ltr'><strong>ecriliff⁸eil⁸e²lnt¹e⁸tll-</strong></span> 
     </span>
     <span class='ocr_line' id='line_1_10' title="bbox 69 1088 1814 1206; baseline 0.005 -25"><span class='ocrx_word' id='word_1_85' title='bbox 69 1112 181 1183; x_wconf 76' lang='lat' dir='ltr'><strong>lunns</strong></span> <span class='ocrx_word' id='word_1_86' title='bbox 202 1136 323 1183; x_wconf 87' lang='lat' dir='ltr'><strong>eoram</strong></span> <span class='ocrx_word' id='word_1_87' title='bbox 346 1106 555 1183; x_wconf 87' lang='lat' dir='ltr'><strong>hominibus</strong></span> <span class='ocrx_word' id='word_1_88' title='bbox 574 1105 808 1206; x_wconf 73' lang='grc' dir='ltr'><strong>εὐχημόνως,</strong></span> <span class='ocrx_word' id='word_1_89' title='bbox 835 1110 904 1185; x_wconf 88' lang='lat' dir='ltr'><strong>hor</strong></span> <span class='ocrx_word' id='word_1_90' title='bbox 924 1128 994 1201; x_wconf 90' lang='lat' dir='ltr'><strong>est,</strong></span> <span class='ocrx_word' id='word_1_91' title='bbox 1019 1138 1066 1185; x_wconf 88' lang='lat' dir='ltr'><strong>ne</strong></span> <span class='ocrx_word' id='word_1_92' title='bbox 1221 1100 1294 1161; x_wconf 54' lang='grc' dir='ltr'><strong>ΨΜ</strong></span> <span class='ocrx_word' id='word_1_93' title='bbox 1307 1109 1337 1144; x_wconf 76' lang='lat'><strong>‘¹</strong></span> <span class='ocrx_word' id='word_1_94' title='bbox 1352 1088 1481 1161; x_wconf 61' lang='lat' dir='ltr'><strong>⁸⁹¹⁸¹⁰l⁸</strong></span> <span class='ocrx_word' id='word_1_95' title='bbox 1501 1091 1560 1148; x_wconf 69' lang='lat' dir='ltr'><strong>V⁰¹·</strong></span> <span class='ocrx_word' id='word_1_96' title='bbox 1574 1091 1594 1146; x_wconf 81' lang='lat'><strong>¹·</strong></span> <span class='ocrx_word' id='word_1_97' title='bbox 1609 1111 1637 1162; x_wconf 73' lang='grc' dir='ltr'><strong>Ρ·</strong></span> <span class='ocrx_word' id='word_1_98' title='bbox 1652 1092 1714 1147; x_wconf 79' lang='lat'><strong>⁸⁹⁶·</strong></span> <span class='ocrx_word' id='word_1_99' title='bbox 1810 1186 1814 1190; x_wconf 76' lang='grc'><strong>,</strong></span> 
     </span>
    </p>
   </div>
   <div class='ocr_carea' id='block_1_3' title="bbox 1190 670 2115 753">
    <p class='ocr_par' dir='ltr' id='par_1_5' title="bbox 1190 670 2115 753">
     <span class='ocr_line' id='line_1_11' title="bbox 1190 670 2115 753; baseline 0.021 -27"><span class='ocrx_word' id='word_1_100' title='bbox 1190 670 1297 728; x_wconf 87' lang='lat' dir='ltr'><strong>Prodiit</strong></span> <span class='ocrx_word' id='word_1_101' title='bbox 1316 690 1379 728; x_wconf 83' lang='lat' dir='ltr'><strong>cum</strong></span> <span class='ocrx_word' id='word_1_102' title='bbox 1400 670 1475 742; x_wconf 78' lang='lat' dir='ltr'><strong>eliis,</strong></span> <span class='ocrx_word' id='word_1_103' title='bbox 1501 671 1556 730; x_wconf 84' lang='lat' dir='ltr'><strong>vid.</strong></span> <span class='ocrx_word' id='word_1_104' title='bbox 1577 673 1629 731; x_wconf 88' lang='lat' dir='ltr'><strong>No.</strong></span> <span class='ocrx_word' id='word_1_105' title='bbox 1644 675 1685 730; x_wconf 83' lang='lat'><strong>16.</strong></span> <span class='ocrx_word' id='word_1_106' title='bbox 1709 704 1745 721; x_wconf 91' lang='lat'><strong>·-</strong></span> <span class='ocrx_word' id='word_1_107' title='bbox 1785 677 1891 735; x_wconf 79' lang='lat' dir='ltr'><strong>Recusa</strong></span> <span class='ocrx_word' id='word_1_108' title='bbox 1908 680 1981 753; x_wconf 81' lang='lat' dir='ltr'><strong>apud</strong></span> <span class='ocrx_word' id='word_1_109' title='bbox 2001 684 2115 748; x_wconf 80' lang='lat' dir='ltr'><strong>Craton.</strong></span> 
     </span>
    </p>
   </div>
   <div class='ocr_carea' id='block_1_4' title="bbox 1221 741 2115 886">
    <p class='ocr_par' dir='ltr' id='par_1_6' title="bbox 1221 741 2115 886">
     <span class='ocr_line' id='line_1_12' title="bbox 1221 741 2115 818; baseline 0.021 -25"><span class='ocrx_word' id='word_1_110' title='bbox 1221 743 1256 796; x_wconf 89' lang='grc' dir='ltr'><strong>Μ</strong></span> <span class='ocrx_word' id='word_1_111' title='bbox 1276 741 1334 813; x_wconf 83' lang='lat' dir='ltr'><strong>tp.</strong></span> <span class='ocrx_word' id='word_1_112' title='bbox 1349 742 1401 796; x_wconf 75' lang='lat' dir='ltr'><strong>ste</strong></span> <span class='ocrx_word' id='word_1_113' title='bbox 1413 760 1444 811; x_wconf 81' lang='lat' dir='ltr'><strong>eq</strong></span> <span class='ocrx_word' id='word_1_114' title='bbox 1464 779 1487 810; x_wconf 88' lang='lat'><strong>.,</strong></span> <span class='ocrx_word' id='word_1_115' title='bbox 1510 742 1540 796; x_wconf 89' lang='lat' dir='ltr'><strong>in</strong></span> <span class='ocrx_word' id='word_1_116' title='bbox 1556 744 1681 801; x_wconf 87' lang='lat' dir='ltr'><strong>Declam.</strong></span> <span class='ocrx_word' id='word_1_117' title='bbox 1694 743 1729 805; x_wconf 88' lang='grc' dir='ltr'><strong>Τ.</strong></span> <span class='ocrx_word' id='word_1_118' title='bbox 1743 747 1763 801; x_wconf 86' lang='grc' dir='ltr'><strong>Ι.</strong></span> <span class='ocrx_word' id='word_1_119' title='bbox 1775 763 1801 818; x_wconf 82' lang='lat' dir='ltr'><strong>p.</strong></span> <span class='ocrx_word' id='word_1_120' title='bbox 1816 747 1893 814; x_wconf 82' lang='lat'><strong>768..</strong></span> <span class='ocrx_word' id='word_1_121' title='bbox 1914 752 1945 806; x_wconf 90' lang='lat' dir='ltr'><strong>ln</strong></span> <span class='ocrx_word' id='word_1_122' title='bbox 1958 754 2079 817; x_wconf 76' lang='lat' dir='ltr'><strong>semet.</strong></span> <span class='ocrx_word' id='word_1_123' title='bbox 2091 760 2115 817; x_wconf 83' lang='lat'><strong>1.</strong></span> 
     </span>
     <span class='ocr_line' id='line_1_13' title="bbox 1223 762 2114 886; baseline 0.024 -22"><span class='ocrx_word' id='word_1_124' title='bbox 1223 762 1315 886; x_wconf 68' lang='lat' dir='ltr'><strong>phi&amp;</strong></span> <span class='ocrx_word' id='word_1_125' title='bbox 1328 820 1354 866; x_wconf 90' lang='lat' dir='ltr'><strong>et</strong></span> <span class='ocrx_word' id='word_1_126' title='bbox 1367 762 1581 883; x_wconf 75' lang='lat' dir='ltr'><strong>epudllichard.</strong></span> <span class='ocrx_word' id='word_1_127' title='bbox 1595 813 1628 871; x_wconf 89' lang='grc' dir='ltr'><strong>Τ.</strong></span> <span class='ocrx_word' id='word_1_128' title='bbox 1641 815 1675 870; x_wconf 88' lang='grc' dir='ltr'><strong>ΙΙ.</strong></span> <span class='ocrx_word' id='word_1_129' title='bbox 1690 816 1768 884; x_wconf 70' lang='lat' dir='ltr'><strong>pil.</strong></span> <span class='ocrx_word' id='word_1_130' title='bbox 1787 847 1822 863; x_wconf 89' lang='lat'><em>-</em></span> <span class='ocrx_word' id='word_1_131' title='bbox 1857 820 2018 879; x_wconf 82' lang='lat' dir='ltr'><strong>Melanthea</strong></span> <span class='ocrx_word' id='word_1_132' title='bbox 2030 825 2114 885; x_wconf 75' lang='lat' dir='ltr'><strong>Erae-</strong></span> 
     </span>
    </p>
   </div>
   <div class='ocr_carea' id='block_1_5' title="bbox 61 1215 2112 1452">
    <p class='ocr_par' dir='ltr' id='par_1_7' title="bbox 61 1215 2112 1452">
     <span class='ocr_line' id='line_1_14' title="bbox 67 1215 2112 1357; baseline 0.028 -74"><span class='ocrx_word' id='word_1_133' title='bbox 67 1216 153 1309; x_wconf 90' lang='lat' dir='ltr'><strong>quid</strong></span> <span class='ocrx_word' id='word_1_134' title='bbox 177 1215 345 1300; x_wconf 81' lang='lat' dir='ltr'><strong>incessu,</strong></span> <span class='ocrx_word' id='word_1_135' title='bbox 368 1238 552 1336; x_wconf 78' lang='lat' dir='ltr'><strong>sermone,</strong></span> <span class='ocrx_word' id='word_1_136' title='bbox 584 1229 683 1305; x_wconf 89' lang='lat' dir='ltr'><strong>gestu</strong></span> <span class='ocrx_word' id='word_1_137' title='bbox 702 1217 912 1336; x_wconf 75' lang='lat' dir='ltr'><strong>indecorum</strong></span> <span class='ocrx_word' id='word_1_138' title='bbox 935 1219 1066 1338; x_wconf 77' lang='lat' dir='ltr'><strong>admit·</strong></span> <span class='ocrx_word' id='word_1_139' title='bbox 1118 1253 1339 1324; x_wconf 63' lang='lat' dir='ltr'><strong>Emmgum</strong></span> <span class='ocrx_word' id='word_1_140' title='bbox 1362 1255 1622 1325; x_wconf 66' lang='lat' dir='ltr'><strong>Formione-um</strong></span> <span class='ocrx_word' id='word_1_141' title='bbox 1651 1259 1839 1348; x_wconf 70' lang='lat' dir='ltr'><strong>scriptum</strong></span> <span class='ocrx_word' id='word_1_142' title='bbox 1869 1255 1959 1357; x_wconf 89' lang='lat' dir='ltr'><strong>[imo</strong></span> <span class='ocrx_word' id='word_1_143' title='bbox 1981 1263 2112 1341; x_wconf 77' lang='lat' dir='ltr'><strong>recila·</strong></span> 
     </span>
     <span class='ocr_line' id='line_1_15' title="bbox 61 1313 1918 1452; baseline 0.011 -62"><span class='ocrx_word' id='word_1_144' title='bbox 61 1332 194 1390; x_wconf 80' lang='lat' dir='ltr'><strong>tamus.</strong></span> <span class='ocrx_word' id='word_1_145' title='bbox 246 1313 294 1389; x_wconf 84' lang='lat' dir='ltr'><strong>Et</strong></span> <span class='ocrx_word' id='word_1_146' title='bbox 312 1314 446 1389; x_wconf 85' lang='lat' dir='ltr'><strong>Paulus</strong></span> <span class='ocrx_word' id='word_1_147' title='bbox 468 1320 567 1390; x_wconf 87' lang='lat' dir='ltr'><strong>rubet</strong></span> <span class='ocrx_word' id='word_1_148' title='bbox 587 1320 707 1406; x_wconf 85' lang='lat' dir='ltr'><strong>lugere</strong></span> <span class='ocrx_word' id='word_1_149' title='bbox 730 1320 903 1389; x_wconf 86' lang='lat' dir='ltr'><strong>ruvemles</strong></span> <span class='ocrx_word' id='word_1_150' title='bbox 924 1323 1066 1414; x_wconf 77' lang='lat' dir='ltr'><strong>cupidi·</strong></span> <span class='ocrx_word' id='word_1_151' title='bbox 1313 1349 1406 1452; x_wconf 67' lang='lat' dir='ltr'><strong>tum]</strong></span> <span class='ocrx_word' id='word_1_152' title='bbox 1433 1352 1481 1426; x_wconf 66' lang='lat' dir='ltr'><strong>ag</strong></span> <span class='ocrx_word' id='word_1_153' title='bbox 1505 1360 1698 1430; x_wconf 63' lang='lat' dir='ltr'><strong>Eram„</strong></span> <span class='ocrx_word' id='word_1_154' title='bbox 1725 1357 1918 1435; x_wconf 59' lang='lat' dir='ltr'><strong>mero,</strong></span> 
     </span>
    </p>
   </div>
   <div class='ocr_carea' id='block_1_6' title="bbox 60 1417 2110 1629">
    <p class='ocr_par' dir='ltr' id='par_1_8' title="bbox 60 1417 2110 1629">
     <span class='ocr_line' id='line_1_16' title="bbox 60 1417 1064 1514; baseline -0.001 -21"><span class='ocrx_word' id='word_1_155' title='bbox 60 1434 170 1507; x_wconf 76' lang='lat' dir='ltr'><strong>tetes,</strong></span> <span class='ocrx_word' id='word_1_156' title='bbox 205 1421 428 1511; x_wconf 84' lang='lat' dir='ltr'><strong>significans,</strong></span> <span class='ocrx_word' id='word_1_157' title='bbox 460 1435 501 1492; x_wconf 90' lang='lat' dir='ltr'><strong>ut</strong></span> <span class='ocrx_word' id='word_1_158' title='bbox 523 1422 620 1491; x_wconf 92' lang='lat' dir='ltr'><strong>docti</strong></span> <span class='ocrx_word' id='word_1_159' title='bbox 643 1417 805 1491; x_wconf 84' lang='lat' dir='ltr'><strong>homines</strong></span> <span class='ocrx_word' id='word_1_160' title='bbox 826 1422 1064 1514; x_wconf 89' lang='lat' dir='ltr'><strong>interpretan-</strong></span> 
     </span>
     <span class='ocr_line' id='line_1_17' title="bbox 61 1511 2110 1629; baseline 0 -32"><span class='ocrx_word' id='word_1_161' title='bbox 61 1538 145 1610; x_wconf 91' lang='lat' dir='ltr'><strong>tur,</strong></span> <span class='ocrx_word' id='word_1_162' title='bbox 169 1523 319 1595; x_wconf 84' lang='lat' dir='ltr'><strong>delicias</strong></span> <span class='ocrx_word' id='word_1_163' title='bbox 339 1523 418 1594; x_wconf 90' lang='lat' dir='ltr'><strong>illas</strong></span> <span class='ocrx_word' id='word_1_164' title='bbox 441 1523 480 1592; x_wconf 91' lang='lat' dir='ltr'><strong>in</strong></span> <span class='ocrx_word' id='word_1_165' title='bbox 503 1523 652 1608; x_wconf 91' lang='lat' dir='ltr'><strong>vestitu,</strong></span> <span class='ocrx_word' id='word_1_166' title='bbox 677 1537 740 1594; x_wconf 93' lang='lat' dir='ltr'><strong>aut</strong></span> <span class='ocrx_word' id='word_1_167' title='bbox 762 1524 801 1594; x_wconf 93' lang='lat' dir='ltr'><strong>in</strong></span> <span class='ocrx_word' id='word_1_168' title='bbox 825 1525 962 1618; x_wconf 88' lang='lat' dir='ltr'><strong>reliqua</strong></span> <span class='ocrx_word' id='word_1_169' title='bbox 986 1550 1064 1595; x_wconf 90' lang='lat' dir='ltr'><strong>cor·</strong></span> <span class='ocrx_word' id='word_1_170' title='bbox 1115 1511 1242 1597; x_wconf 89' lang='lat' dir='ltr'><strong>Nemo</strong></span> <span class='ocrx_word' id='word_1_171' title='bbox 1256 1524 1296 1593; x_wconf 94' lang='lat' dir='ltr'><strong>in</strong></span> <span class='ocrx_word' id='word_1_172' title='bbox 1314 1519 1383 1595; x_wconf 91' lang='lat' dir='ltr'><strong>hoc</strong></span> <span class='ocrx_word' id='word_1_173' title='bbox 1398 1537 1500 1595; x_wconf 87' lang='lat' dir='ltr'><strong>coetu</strong></span> <span class='ocrx_word' id='word_1_174' title='bbox 1514 1524 1604 1596; x_wconf 79' lang='lat' dir='ltr'><strong>dixit</strong></span> <span class='ocrx_word' id='word_1_175' title='bbox 1620 1548 1799 1620; x_wconf 89' lang='lat' dir='ltr'><strong>unquam,</strong></span> <span class='ocrx_word' id='word_1_176' title='bbox 1821 1545 1994 1624; x_wconf 91' lang='lat' dir='ltr'><strong>quantum</strong></span> <span class='ocrx_word' id='word_1_177' title='bbox 2010 1538 2110 1629; x_wconf 79' lang='lat' dir='ltr'><strong>equi.</strong></span> 
     </span>
    </p>
   </div>
   <div class='ocr_carea' id='block_1_7' title="bbox 60 1624 2113 3469">
    <p class='ocr_par' dir='ltr' id='par_1_9' title="bbox 60 1624 2113 3469">
     <span class='ocr_line' id='line_1_18' title="bbox 62 1624 2113 1721; baseline 0.008 -25"><span class='ocrx_word' id='word_1_178' title='bbox 62 1627 164 1720; x_wconf 87' lang='lat' dir='ltr'><strong>poris</strong></span> <span class='ocrx_word' id='word_1_179' title='bbox 182 1627 335 1698; x_wconf 83' lang='lat' dir='ltr'><strong>actione.</strong></span> <span class='ocrx_word' id='word_1_180' title='bbox 387 1624 487 1714; x_wconf 85' lang='lat' dir='ltr'>Quid</span> <span class='ocrx_word' id='word_1_181' title='bbox 509 1639 562 1697; x_wconf 90' lang='lat' dir='ltr'><strong>est</strong></span> <span class='ocrx_word' id='word_1_182' title='bbox 583 1639 721 1711; x_wconf 84' lang='lat' dir='ltr'><strong>eutem,</strong></span> <span class='ocrx_word' id='word_1_183' title='bbox 748 1626 778 1695; x_wconf 91' lang='lat' dir='ltr'><strong>si</strong></span> <span class='ocrx_word' id='word_1_184' title='bbox 800 1651 875 1697; x_wconf 92' lang='lat' dir='ltr'><strong>non</strong></span> <span class='ocrx_word' id='word_1_185' title='bbox 896 1642 948 1699; x_wconf 86' lang='lat' dir='ltr'><strong>est</strong></span> <span class='ocrx_word' id='word_1_186' title='bbox 968 1628 1066 1699; x_wconf 88' lang='lat' dir='ltr'><strong>insa·</strong></span> <span class='ocrx_word' id='word_1_187' title='bbox 1117 1629 1198 1699; x_wconf 91' lang='lat' dir='ltr'><strong>dem</strong></span> <span class='ocrx_word' id='word_1_188' title='bbox 1227 1626 1386 1697; x_wconf 91' lang='lat' dir='ltr'><strong>iudicare</strong></span> <span class='ocrx_word' id='word_1_189' title='bbox 1415 1640 1579 1718; x_wconf 82' lang='lat' dir='ltr'><strong>possum,</strong></span> <span class='ocrx_word' id='word_1_190' title='bbox 1605 1629 1666 1698; x_wconf 89' lang='lat' dir='ltr'><strong>cui</strong></span> <span class='ocrx_word' id='word_1_191' title='bbox 1691 1631 1841 1721; x_wconf 82' lang='lat' dir='ltr'>perinde</span> <span class='ocrx_word' id='word_1_192' title='bbox 1864 1635 2113 1713; x_wconf 81' lang='lat' dir='ltr'><strong>benevolentia</strong></span> 
     </span>
     <span class='ocr_line' id='line_1_19' title="bbox 61 1725 2113 1836; baseline 0.006 -36"><span class='ocrx_word' id='word_1_193' title='bbox 61 1730 142 1815; x_wconf 80' lang='lat' dir='ltr'><strong>nia,</strong></span> <span class='ocrx_word' id='word_1_194' title='bbox 167 1752 287 1824; x_wconf 89' lang='lat' dir='ltr'><strong>neque</strong></span> <span class='ocrx_word' id='word_1_195' title='bbox 306 1729 486 1799; x_wconf 88' lang='lat' dir='ltr'><strong>bonorum</strong></span> <span class='ocrx_word' id='word_1_196' title='bbox 505 1729 667 1798; x_wconf 91' lang='lat' dir='ltr'><strong>virorum</strong></span> <span class='ocrx_word' id='word_1_197' title='bbox 684 1728 845 1820; x_wconf 83' lang='lat' dir='ltr'><strong>iudiciis,</strong></span> <span class='ocrx_word' id='word_1_198' title='bbox 870 1753 986 1825; x_wconf 88' lang='lat' dir='ltr'><strong>neque</strong></span> <span class='ocrx_word' id='word_1_199' title='bbox 1002 1754 1066 1823; x_wconf 89' lang='lat' dir='ltr'><strong>pa·</strong></span> <span class='ocrx_word' id='word_1_200' title='bbox 1116 1746 1250 1816; x_wconf 88' lang='lat' dir='ltr'><strong>vestra,</strong></span> <span class='ocrx_word' id='word_1_201' title='bbox 1282 1742 1388 1823; x_wconf 88' lang='lat' dir='ltr'><strong>atque</strong></span> <span class='ocrx_word' id='word_1_202' title='bbox 1421 1725 1512 1799; x_wconf 91' lang='lat' dir='ltr'><strong>mihi</strong></span> <span class='ocrx_word' id='word_1_203' title='bbox 1541 1753 1632 1820; x_wconf 88' lang='lat' dir='ltr'><strong>opus</strong></span> <span class='ocrx_word' id='word_1_204' title='bbox 1659 1746 1766 1817; x_wconf 90' lang='lat' dir='ltr'><strong>esset,</strong></span> <span class='ocrx_word' id='word_1_205' title='bbox 1796 1759 1870 1805; x_wconf 92' lang='lat' dir='ltr'><strong>non</strong></span> <span class='ocrx_word' id='word_1_206' title='bbox 1898 1740 2005 1809; x_wconf 92' lang='lat' dir='ltr'><strong>modo</strong></span> <span class='ocrx_word' id='word_1_207' title='bbox 2027 1742 2113 1836; x_wconf 84' lang='lat' dir='ltr'><strong>quin</strong></span> 
     </span>
     <span class='ocr_line' id='line_1_20' title="bbox 60 1828 2113 1926; baseline 0.004 -21"><span class='ocrx_word' id='word_1_208' title='bbox 60 1845 230 1918; x_wconf 83' lang='lat' dir='ltr'><strong>rentum,</strong></span> <span class='ocrx_word' id='word_1_209' title='bbox 253 1854 370 1926; x_wconf 87' lang='lat' dir='ltr'><strong>neque</strong></span> <span class='ocrx_word' id='word_1_210' title='bbox 391 1830 528 1921; x_wconf 90' lang='lat' dir='ltr'><strong>legum,</strong></span> <span class='ocrx_word' id='word_1_211' title='bbox 552 1855 667 1925; x_wconf 88' lang='lat' dir='ltr'><strong>neque</strong></span> <span class='ocrx_word' id='word_1_212' title='bbox 689 1854 867 1902; x_wconf 81' lang='lat' dir='ltr'><strong>sacrarum</strong></span> <span class='ocrx_word' id='word_1_213' title='bbox 882 1833 1065 1905; x_wconf 86' lang='lat' dir='ltr'><strong>literarum</strong></span> <span class='ocrx_word' id='word_1_214' title='bbox 1117 1828 1205 1905; x_wconf 88' lang='lat' dir='ltr'><strong>haec</strong></span> <span class='ocrx_word' id='word_1_215' title='bbox 1236 1846 1331 1904; x_wconf 85' lang='lat' dir='ltr'><strong>aetas</strong></span> <span class='ocrx_word' id='word_1_216' title='bbox 1364 1856 1442 1902; x_wconf 90' lang='lat' dir='ltr'><strong>mea</strong></span> <span class='ocrx_word' id='word_1_217' title='bbox 1468 1832 1641 1922; x_wconf 82' lang='lat' dir='ltr'><strong>singulari</strong></span> <span class='ocrx_word' id='word_1_218' title='bbox 1669 1833 1792 1907; x_wconf 85' lang='lat' dir='ltr'><strong>favore</strong></span> <span class='ocrx_word' id='word_1_219' title='bbox 1813 1840 2055 1919; x_wconf 87' lang='lat' dir='ltr'><strong>confirmanda</strong></span> <span class='ocrx_word' id='word_1_220' title='bbox 2077 1860 2113 1918; x_wconf 88' lang='lat' dir='ltr'><strong>ct</strong></span> 
     </span>
     <span class='ocr_line' id='line_1_21' title="bbox 62 1932 2112 2031; baseline 0.005 -24"><span class='ocrx_word' id='word_1_221' title='bbox 62 1935 258 2007; x_wconf 75' lang='lat' dir='ltr'><strong>autoritate</strong></span> <span class='ocrx_word' id='word_1_222' title='bbox 284 1934 509 2026; x_wconf 79' lang='lat' dir='ltr'><strong>permoveri?</strong></span> <span class='ocrx_word' id='word_1_223' title='bbox 559 1932 683 2026; x_wconf 87' lang='lat' dir='ltr'><strong>Neque</strong></span> <span class='ocrx_word' id='word_1_224' title='bbox 710 1935 788 2005; x_wconf 92' lang='lat' dir='ltr'><strong>leve</strong></span> <span class='ocrx_word' id='word_1_225' title='bbox 815 1948 996 2025; x_wconf 85' lang='lat' dir='ltr'><strong>peccatum</strong></span> <span class='ocrx_word' id='word_1_226' title='bbox 1019 1936 1066 2008; x_wconf 88' lang='lat' dir='ltr'><strong>sit</strong></span> <span class='ocrx_word' id='word_1_227' title='bbox 1116 1937 1317 2007; x_wconf 83' lang='lat' dir='ltr'><strong>adiuvanda</strong></span> <span class='ocrx_word' id='word_1_228' title='bbox 1348 1947 1417 2018; x_wconf 91' lang='lat' dir='ltr'><strong>est,</strong></span> <span class='ocrx_word' id='word_1_229' title='bbox 1450 1938 1512 2005; x_wconf 91' lang='lat' dir='ltr'><strong>sed</strong></span> <span class='ocrx_word' id='word_1_230' title='bbox 1541 1935 1648 2005; x_wconf 89' lang='lat' dir='ltr'><strong>etiam</strong></span> <span class='ocrx_word' id='word_1_231' title='bbox 1671 1938 1755 2031; x_wconf 91' lang='lat' dir='ltr'><strong>quia</strong></span> <span class='ocrx_word' id='word_1_232' title='bbox 1777 1957 2024 2030; x_wconf 84' lang='lat' dir='ltr'><strong>argumentum</strong></span> <span class='ocrx_word' id='word_1_233' title='bbox 2047 1950 2112 2017; x_wconf 84' lang='lat' dir='ltr'><strong>ad·</strong></span> 
     </span>
     <span class='ocr_line' id='line_1_22' title="bbox 63 2033 2112 2135; baseline 0.004 -24"><span class='ocrx_word' id='word_1_234' title='bbox 63 2050 227 2132; x_wconf 89' lang='lat' dir='ltr'><strong>oportet,</strong></span> <span class='ocrx_word' id='word_1_235' title='bbox 266 2039 364 2130; x_wconf 91' lang='lat' dir='ltr'><strong>quod</strong></span> <span class='ocrx_word' id='word_1_236' title='bbox 393 2050 492 2108; x_wconf 87' lang='lat' dir='ltr'><strong>tanto</strong></span> <span class='ocrx_word' id='word_1_237' title='bbox 526 2059 702 2108; x_wconf 87' lang='lat' dir='ltr'><strong>consensu</strong></span> <span class='ocrx_word' id='word_1_238' title='bbox 731 2033 871 2109; x_wconf 78' lang='lat' dir='ltr'><strong>honesti</strong></span> <span class='ocrx_word' id='word_1_239' title='bbox 902 2033 1065 2109; x_wconf 79' lang='lat' dir='ltr'><strong>homines</strong></span> <span class='ocrx_word' id='word_1_240' title='bbox 1116 2039 1209 2123; x_wconf 84' lang='lat' dir='ltr'><strong>fero,</strong></span> <span class='ocrx_word' id='word_1_241' title='bbox 1233 2039 1329 2130; x_wconf 93' lang='lat' dir='ltr'><strong>quod</strong></span> <span class='ocrx_word' id='word_1_242' title='bbox 1346 2037 1452 2109; x_wconf 89' lang='lat' dir='ltr'><strong>etiam</strong></span> <span class='ocrx_word' id='word_1_243' title='bbox 1468 2038 1499 2107; x_wconf 89' lang='lat' dir='ltr'><strong>si</strong></span> <span class='ocrx_word' id='word_1_244' title='bbox 1516 2038 1673 2109; x_wconf 90' lang='lat' dir='ltr'><strong>novitate</strong></span> <span class='ocrx_word' id='word_1_245' title='bbox 1688 2040 1825 2133; x_wconf 88' lang='lat' dir='ltr'><strong>placere</strong></span> <span class='ocrx_word' id='word_1_246' title='bbox 1839 2045 1968 2135; x_wconf 87' lang='lat' dir='ltr'><strong>possit,</strong></span> <span class='ocrx_word' id='word_1_247' title='bbox 1992 2060 2112 2120; x_wconf 90' lang='lat' dir='ltr'><strong>tamen</strong></span> 
     </span>
     <span class='ocr_line' id='line_1_23' title="bbox 64 2139 2112 2237; baseline 0.004 -24"><span class='ocrx_word' id='word_1_248' title='bbox 64 2140 226 2213; x_wconf 85' lang='lat' dir='ltr'><strong>universi</strong></span> <span class='ocrx_word' id='word_1_249' title='bbox 259 2142 450 2222; x_wconf 86' lang='lat' dir='ltr'><strong>damnant,</strong></span> <span class='ocrx_word' id='word_1_250' title='bbox 482 2141 543 2209; x_wconf 86' lang='lat' dir='ltr'><strong>sed</strong></span> <span class='ocrx_word' id='word_1_251' title='bbox 574 2139 699 2210; x_wconf 88' lang='lat' dir='ltr'><strong>vident</strong></span> <span class='ocrx_word' id='word_1_252' title='bbox 720 2139 775 2210; x_wconf 90' lang='lat' dir='ltr'><strong>illi</strong></span> <span class='ocrx_word' id='word_1_253' title='bbox 795 2154 965 2237; x_wconf 89' lang='lat' dir='ltr'><strong>quantam</strong></span> <span class='ocrx_word' id='word_1_254' title='bbox 988 2140 1066 2211; x_wconf 90' lang='lat' dir='ltr'><strong>rui·</strong></span> <span class='ocrx_word' id='word_1_255' title='bbox 1115 2141 1166 2213; x_wconf 87' lang='lat' dir='ltr'><strong>ita</strong></span> <span class='ocrx_word' id='word_1_256' title='bbox 1187 2153 1240 2211; x_wconf 83' lang='lat' dir='ltr'><strong>est</strong></span> <span class='ocrx_word' id='word_1_257' title='bbox 1264 2141 1373 2225; x_wconf 87' lang='lat' dir='ltr'><strong>exile,</strong></span> <span class='ocrx_word' id='word_1_258' title='bbox 1398 2153 1439 2209; x_wconf 91' lang='lat' dir='ltr'><strong>ut</strong></span> <span class='ocrx_word' id='word_1_259' title='bbox 1455 2140 1592 2210; x_wconf 90' lang='lat' dir='ltr'><strong>nullam</strong></span> <span class='ocrx_word' id='word_1_260' title='bbox 1611 2165 1824 2234; x_wconf 74' lang='lat' dir='ltr'><strong>magnopere</strong></span> <span class='ocrx_word' id='word_1_261' title='bbox 1839 2147 2112 2221; x_wconf 84' lang='lat' dir='ltr'><strong>admirationem</strong></span> 
     </span>
     <span class='ocr_line' id='line_1_24' title="bbox 63 2236 2111 2343; baseline 0.003 -26"><span class='ocrx_word' id='word_1_262' title='bbox 63 2268 149 2317; x_wconf 76' lang='lat' dir='ltr'><strong>uam</strong></span> <span class='ocrx_word' id='word_1_263' title='bbox 169 2238 317 2315; x_wconf 82' lang='lat' dir='ltr'><strong>trahent</strong></span> <span class='ocrx_word' id='word_1_264' title='bbox 334 2236 421 2314; x_wconf 88' lang='lat' dir='ltr'><strong>haec</strong></span> <span class='ocrx_word' id='word_1_265' title='bbox 437 2242 560 2326; x_wconf 90' lang='lat' dir='ltr'><strong>initia,</strong></span> <span class='ocrx_word' id='word_1_266' title='bbox 585 2242 720 2312; x_wconf 92' lang='lat' dir='ltr'><strong>cumin</strong></span> <span class='ocrx_word' id='word_1_267' title='bbox 735 2243 855 2334; x_wconf 78' lang='lat' dir='ltr'><strong>parvis</strong></span> <span class='ocrx_word' id='word_1_268' title='bbox 869 2245 976 2313; x_wconf 90' lang='lat' dir='ltr'><strong>rebus</strong></span> <span class='ocrx_word' id='word_1_269' title='bbox 991 2244 1065 2313; x_wconf 86' lang='lat' dir='ltr'><strong>dis-</strong></span> <span class='ocrx_word' id='word_1_270' title='bbox 1115 2255 1305 2315; x_wconf 84' lang='lat' dir='ltr'><strong>mereatur.</strong></span> <span class='ocrx_word' id='word_1_271' title='bbox 1356 2242 1433 2312; x_wconf 85' lang='lat' dir='ltr'><strong>Alii</strong></span> <span class='ocrx_word' id='word_1_272' title='bbox 1455 2266 1511 2313; x_wconf 90' lang='lat' dir='ltr'><strong>res</strong></span> <span class='ocrx_word' id='word_1_273' title='bbox 1531 2259 1643 2333; x_wconf 85' lang='lat' dir='ltr'><strong>gestas</strong></span> <span class='ocrx_word' id='word_1_274' title='bbox 1658 2245 1935 2319; x_wconf 87' lang='lat' dir='ltr'><strong>clarissimorum</strong></span> <span class='ocrx_word' id='word_1_275' title='bbox 1953 2247 2111 2343; x_wconf 87' lang='lat' dir='ltr'><strong>Impera·</strong></span> 
     </span>
     <span class='ocr_line' id='line_1_25' title="bbox 63 2342 2111 2440; baseline 0.003 -21"><span class='ocrx_word' id='word_1_276' title='bbox 63 2370 203 2419; x_wconf 69' lang='lat' dir='ltr'><strong>curum</strong></span> <span class='ocrx_word' id='word_1_277' title='bbox 227 2360 281 2416; x_wconf 84' lang='lat' dir='ltr'><strong>est</strong></span> <span class='ocrx_word' id='word_1_278' title='bbox 303 2368 325 2415; x_wconf 91' lang='lat' dir='ltr'><strong>a</strong></span> <span class='ocrx_word' id='word_1_279' title='bbox 347 2345 523 2415; x_wconf 89' lang='lat' dir='ltr'><strong>maiorum</strong></span> <span class='ocrx_word' id='word_1_280' title='bbox 548 2344 742 2430; x_wconf 91' lang='lat' dir='ltr'><strong>institutis,</strong></span> <span class='ocrx_word' id='word_1_281' title='bbox 775 2346 1065 2440; x_wconf 87' lang='lat' dir='ltr'><strong>perspiciuntque</strong></span> <span class='ocrx_word' id='word_1_282' title='bbox 1115 2360 1234 2417; x_wconf 91' lang='lat' dir='ltr'><strong>torum</strong></span> <span class='ocrx_word' id='word_1_283' title='bbox 1262 2345 1475 2429; x_wconf 84' lang='lat' dir='ltr'><strong>recitarunt,</strong></span> <span class='ocrx_word' id='word_1_284' title='bbox 1509 2360 1544 2416; x_wconf 91' lang='lat' dir='ltr'><strong>et</strong></span> <span class='ocrx_word' id='word_1_285' title='bbox 1568 2358 1644 2415; x_wconf 91' lang='lat' dir='ltr'><strong>tum</strong></span> <span class='ocrx_word' id='word_1_286' title='bbox 1667 2342 1814 2420; x_wconf 81' lang='lat' dir='ltr'><strong>honeste</strong></span> <span class='ocrx_word' id='word_1_287' title='bbox 1838 2350 1929 2421; x_wconf 84' lang='lat' dir='ltr'><strong>facta</strong></span> <span class='ocrx_word' id='word_1_288' title='bbox 1952 2374 2111 2427; x_wconf 88' lang='lat' dir='ltr'><strong>summo-</strong></span> 
     </span>
     <span class='ocr_line' id='line_1_26' title="bbox 65 2441 2112 2552; baseline 0.005 -33"><span class='ocrx_word' id='word_1_289' title='bbox 65 2472 154 2546; x_wconf 86' lang='lat' dir='ltr'><strong>quae</strong></span> <span class='ocrx_word' id='word_1_290' title='bbox 176 2447 390 2540; x_wconf 84' lang='lat' dir='ltr'><strong>disciplinae</strong></span> <span class='ocrx_word' id='word_1_291' title='bbox 412 2447 634 2540; x_wconf 85' lang='lat' dir='ltr'><strong>perturbatio</strong></span> <span class='ocrx_word' id='word_1_292' title='bbox 652 2463 835 2540; x_wconf 82' lang='lat' dir='ltr'><strong>sequatur.</strong></span> <span class='ocrx_word' id='word_1_293' title='bbox 886 2445 984 2520; x_wconf 89' lang='lat' dir='ltr'><strong>Haec</strong></span> <span class='ocrx_word' id='word_1_294' title='bbox 1006 2472 1065 2519; x_wconf 87' lang='lat' dir='ltr'><strong>ar·</strong></span> <span class='ocrx_word' id='word_1_295' title='bbox 1114 2472 1196 2520; x_wconf 91' lang='lat' dir='ltr'><strong>rum</strong></span> <span class='ocrx_word' id='word_1_296' title='bbox 1213 2441 1421 2533; x_wconf 88' lang='lat' dir='ltr'><strong>hominum,</strong></span> <span class='ocrx_word' id='word_1_297' title='bbox 1446 2449 1598 2519; x_wconf 90' lang='lat' dir='ltr'><strong>dicendo</strong></span> <span class='ocrx_word' id='word_1_298' title='bbox 1614 2464 1850 2537; x_wconf 91' lang='lat' dir='ltr'><strong>ornaverunt,</strong></span> <span class='ocrx_word' id='word_1_299' title='bbox 1877 2466 1953 2526; x_wconf 90' lang='lat' dir='ltr'><strong>tum</strong></span> <span class='ocrx_word' id='word_1_300' title='bbox 1968 2470 2030 2527; x_wconf 89' lang='lat' dir='ltr'><strong>aut</strong></span> <span class='ocrx_word' id='word_1_301' title='bbox 2045 2483 2112 2552; x_wconf 90' lang='lat' dir='ltr'><strong>po·</strong></span> 
     </span>
     <span class='ocr_line' id='line_1_27' title="bbox 64 2547 2112 2648; baseline 0.004 -25"><span class='ocrx_word' id='word_1_302' title='bbox 64 2564 233 2645; x_wconf 87' lang='lat' dir='ltr'><strong>gumenta</strong></span> <span class='ocrx_word' id='word_1_303' title='bbox 257 2574 320 2621; x_wconf 89' lang='lat' dir='ltr'><strong>vos</strong></span> <span class='ocrx_word' id='word_1_304' title='bbox 340 2563 603 2634; x_wconf 84' lang='lat' dir='ltr'><strong>commoveant,</strong></span> <span class='ocrx_word' id='word_1_305' title='bbox 634 2550 761 2642; x_wconf 87' lang='lat' dir='ltr'><strong>optimi</strong></span> <span class='ocrx_word' id='word_1_306' title='bbox 780 2547 1065 2632; x_wconf 84' lang='lat' dir='ltr'><strong>Commilitoner,</strong></span> <span class='ocrx_word' id='word_1_307' title='bbox 1116 2551 1301 2644; x_wconf 90' lang='lat' dir='ltr'><strong>pulornm,</strong></span> <span class='ocrx_word' id='word_1_308' title='bbox 1336 2563 1398 2621; x_wconf 92' lang='lat' dir='ltr'><strong>aut</strong></span> <span class='ocrx_word' id='word_1_309' title='bbox 1424 2565 1659 2645; x_wconf 86' lang='lat' dir='ltr'><strong>tyrannorum</strong></span> <span class='ocrx_word' id='word_1_310' title='bbox 1685 2553 1840 2644; x_wconf 87' lang='lat' dir='ltr'><strong>turpiter</strong></span> <span class='ocrx_word' id='word_1_311' title='bbox 1862 2555 1953 2629; x_wconf 84' lang='lat' dir='ltr'><strong>facta</strong></span> <span class='ocrx_word' id='word_1_312' title='bbox 1976 2561 2112 2648; x_wconf 85' lang='lat' dir='ltr'><strong>gravis-</strong></span> 
     </span>
     <span class='ocr_line' id='line_1_28' title="bbox 63 2648 2111 2747; baseline 0.002 -19"><span class='ocrx_word' id='word_1_313' title='bbox 63 2669 103 2728; x_wconf 89' lang='lat' dir='ltr'><strong>ut</strong></span> <span class='ocrx_word' id='word_1_314' title='bbox 129 2655 287 2745; x_wconf 91' lang='lat' dir='ltr'><strong>longum</strong></span> <span class='ocrx_word' id='word_1_315' title='bbox 316 2654 433 2724; x_wconf 88' lang='lat' dir='ltr'><strong>valere</strong></span> <span class='ocrx_word' id='word_1_316' title='bbox 452 2652 578 2724; x_wconf 88' lang='lat' dir='ltr'><strong>dicatis</strong></span> <span class='ocrx_word' id='word_1_317' title='bbox 600 2653 673 2723; x_wconf 86' lang='lat' dir='ltr'><strong>illis</strong></span> <span class='ocrx_word' id='word_1_318' title='bbox 695 2652 735 2722; x_wconf 92' lang='lat' dir='ltr'><strong>in</strong></span> <span class='ocrx_word' id='word_1_319' title='bbox 757 2654 888 2725; x_wconf 89' lang='lat' dir='ltr'><strong>vestitu</strong></span> <span class='ocrx_word' id='word_1_320' title='bbox 910 2654 1066 2747; x_wconf 89' lang='lat' dir='ltr'><strong>ineptiis,</strong></span> <span class='ocrx_word' id='word_1_321' title='bbox 1115 2654 1202 2725; x_wconf 89' lang='lat' dir='ltr'><strong>sime</strong></span> <span class='ocrx_word' id='word_1_322' title='bbox 1230 2654 1535 2745; x_wconf 89' lang='lat' dir='ltr'><strong>vituperaverunt.</strong></span> <span class='ocrx_word' id='word_1_323' title='bbox 1593 2648 1672 2744; x_wconf 86' lang='lat' dir='ltr'><strong>Ego</strong></span> <span class='ocrx_word' id='word_1_324' title='bbox 1696 2655 1867 2747; x_wconf 88' lang='lat' dir='ltr'><strong>quoniam</strong></span> <span class='ocrx_word' id='word_1_325' title='bbox 1890 2660 2011 2732; x_wconf 89' lang='lat' dir='ltr'><strong>deerat</strong></span> <span class='ocrx_word' id='word_1_326' title='bbox 2035 2663 2111 2733; x_wconf 91' lang='lat' dir='ltr'><strong>elo-</strong></span> 
     </span>
     <span class='ocr_line' id='line_1_29' title="bbox 67 2755 2112 2853; baseline 0.002 -22"><span class='ocrx_word' id='word_1_327' title='bbox 67 2780 278 2852; x_wconf 82' lang='lat' dir='ltr'><strong>tempcrque</strong></span> <span class='ocrx_word' id='word_1_328' title='bbox 294 2757 416 2829; x_wconf 88' lang='lat' dir='ltr'><strong>veniat</strong></span> <span class='ocrx_word' id='word_1_329' title='bbox 430 2755 469 2824; x_wconf 91' lang='lat' dir='ltr'><strong>iu</strong></span> <span class='ocrx_word' id='word_1_330' title='bbox 481 2767 649 2842; x_wconf 88' lang='lat' dir='ltr'><strong>mentem,</strong></span> <span class='ocrx_word' id='word_1_331' title='bbox 673 2756 755 2825; x_wconf 89' lang='lat' dir='ltr'><strong>illas</strong></span> <span class='ocrx_word' id='word_1_332' title='bbox 767 2780 843 2826; x_wconf 88' lang='lat' dir='ltr'><strong>non</strong></span> <span class='ocrx_word' id='word_1_333' title='bbox 857 2757 978 2827; x_wconf 88' lang='lat' dir='ltr'><strong>minus</strong></span> <span class='ocrx_word' id='word_1_334' title='bbox 992 2779 1066 2827; x_wconf 85' lang='lat' dir='ltr'><strong>esse</strong></span> <span class='ocrx_word' id='word_1_335' title='bbox 1116 2757 1260 2853; x_wconf 89' lang='lat' dir='ltr'><strong>quentia</strong></span> <span class='ocrx_word' id='word_1_336' title='bbox 1282 2779 1349 2850; x_wconf 87' lang='lat' dir='ltr'><strong>par</strong></span> <span class='ocrx_word' id='word_1_337' title='bbox 1369 2755 1476 2827; x_wconf 86' lang='lat' dir='ltr'><strong>tantis</strong></span> <span class='ocrx_word' id='word_1_338' title='bbox 1497 2756 1630 2841; x_wconf 90' lang='lat' dir='ltr'><strong>causis,</strong></span> <span class='ocrx_word' id='word_1_339' title='bbox 1660 2756 1867 2830; x_wconf 86' lang='lat' dir='ltr'><strong>infirmitate</strong></span> <span class='ocrx_word' id='word_1_340' title='bbox 1889 2761 2020 2834; x_wconf 89' lang='lat' dir='ltr'><strong>virium</strong></span> <span class='ocrx_word' id='word_1_341' title='bbox 2040 2759 2112 2837; x_wconf 90' lang='lat' dir='ltr'><strong>hu-</strong></span> 
     </span>
     <span class='ocr_line' id='line_1_30' title="bbox 69 2859 2110 2956; baseline 0.003 -25"><span class='ocrx_word' id='word_1_342' title='bbox 69 2876 187 2955; x_wconf 86' lang='lat' dir='ltr'><strong>tnrpes</strong></span> <span class='ocrx_word' id='word_1_343' title='bbox 202 2872 307 2930; x_wconf 88' lang='lat' dir='ltr'><strong>notas</strong></span> <span class='ocrx_word' id='word_1_344' title='bbox 322 2884 427 2954; x_wconf 89' lang='lat' dir='ltr'><strong>quam</strong></span> <span class='ocrx_word' id='word_1_345' title='bbox 443 2859 623 2947; x_wconf 83' lang='lat' dir='ltr'><strong>stigmata,</strong></span> <span class='ocrx_word' id='word_1_346' title='bbox 649 2882 740 2952; x_wconf 89' lang='lat' dir='ltr'><strong>quae</strong></span> <span class='ocrx_word' id='word_1_347' title='bbox 753 2859 931 2930; x_wconf 87' lang='lat' dir='ltr'><strong>damnatis</strong></span> <span class='ocrx_word' id='word_1_348' title='bbox 944 2884 1065 2930; x_wconf 90' lang='lat' dir='ltr'><strong>rerum</strong></span> <span class='ocrx_word' id='word_1_349' title='bbox 1115 2859 1237 2930; x_wconf 89' lang='lat' dir='ltr'><strong>milius</strong></span> <span class='ocrx_word' id='word_1_350' title='bbox 1259 2873 1505 2948; x_wconf 87' lang='lat' dir='ltr'><strong>argumentum</strong></span> <span class='ocrx_word' id='word_1_351' title='bbox 1531 2882 1699 2953; x_wconf 88' lang='lat' dir='ltr'><strong>quaerere</strong></span> <span class='ocrx_word' id='word_1_352' title='bbox 1720 2874 1861 2933; x_wconf 87' lang='lat' dir='ltr'><strong>coactus</strong></span> <span class='ocrx_word' id='word_1_353' title='bbox 1885 2887 1974 2938; x_wconf 88' lang='lat' dir='ltr'><strong>sum.</strong></span> <span class='ocrx_word' id='word_1_354' title='bbox 2027 2865 2110 2956; x_wconf 83' lang='lat' dir='ltr'><strong>Qua</strong></span> 
     </span>
     <span class='ocr_line' id='line_1_31' title="bbox 63 2960 2110 3061; baseline 0.002 -24"><span class='ocrx_word' id='word_1_355' title='bbox 63 2963 275 3056; x_wconf 77' lang='lat' dir='ltr'><strong>capitalium</strong></span> <span class='ocrx_word' id='word_1_356' title='bbox 299 2961 513 3045; x_wconf 91' lang='lat' dir='ltr'><strong>inuruntur,</strong></span> <span class='ocrx_word' id='word_1_357' title='bbox 553 2961 660 3031; x_wconf 89' lang='lat' dir='ltr'><strong>vestis</strong></span> <span class='ocrx_word' id='word_1_358' title='bbox 687 2961 783 3030; x_wconf 91' lang='lat' dir='ltr'><strong>enim</strong></span> <span class='ocrx_word' id='word_1_359' title='bbox 817 2963 935 3032; x_wconf 91' lang='lat' dir='ltr'><strong>virum</strong></span> <span class='ocrx_word' id='word_1_360' title='bbox 967 2961 1064 3032; x_wconf 83' lang='lat' dir='ltr'><strong>facit:</strong></span> <span class='ocrx_word' id='word_1_361' title='bbox 1115 2966 1160 3033; x_wconf 90' lang='lat' dir='ltr'><strong>de</strong></span> <span class='ocrx_word' id='word_1_362' title='bbox 1183 2986 1221 3031; x_wconf 89' lang='lat' dir='ltr'><strong>re</strong></span> <span class='ocrx_word' id='word_1_363' title='bbox 1243 2963 1330 3031; x_wconf 89' lang='lat' dir='ltr'><strong>dum</strong></span> <span class='ocrx_word' id='word_1_364' title='bbox 1353 2960 1491 3054; x_wconf 83' lang='lat' dir='ltr'><strong>aliquot</strong></span> <span class='ocrx_word' id='word_1_365' title='bbox 1513 2963 1589 3030; x_wconf 90' lang='lat' dir='ltr'><strong>dies</strong></span> <span class='ocrx_word' id='word_1_366' title='bbox 1611 2963 1788 3044; x_wconf 89' lang='lat' dir='ltr'><strong>delibero,</strong></span> <span class='ocrx_word' id='word_1_367' title='bbox 1815 2965 1973 3060; x_wconf 88' lang='lat' dir='ltr'><strong>dumque</strong></span> <span class='ocrx_word' id='word_1_368' title='bbox 1986 2987 2110 3061; x_wconf 92' lang='lat' dir='ltr'><strong>reputo</strong></span> 
     </span>
     <span class='ocr_line' id='line_1_32' title="bbox 62 3063 2112 3163; baseline 0.003 -26"><span class='ocrx_word' id='word_1_369' title='bbox 62 3090 177 3163; x_wconf 85' lang='lat' dir='ltr'><strong>quare</strong></span> <span class='ocrx_word' id='word_1_370' title='bbox 199 3064 231 3136; x_wconf 77' lang='lat' dir='ltr'><strong>si</strong></span> <span class='ocrx_word' id='word_1_371' title='bbox 254 3064 301 3136; x_wconf 87' lang='lat' dir='ltr'><strong>sit</strong></span> <span class='ocrx_word' id='word_1_372' title='bbox 325 3066 512 3147; x_wconf 85' lang='lat' dir='ltr'><strong>indecora,</strong></span> <span class='ocrx_word' id='word_1_373' title='bbox 546 3076 653 3133; x_wconf 88' lang='lat' dir='ltr'><strong>uocet</strong></span> <span class='ocrx_word' id='word_1_374' title='bbox 674 3064 955 3144; x_wconf 83' lang='lat' dir='ltr'><strong>existimatione,</strong></span> <span class='ocrx_word' id='word_1_375' title='bbox 990 3087 1064 3133; x_wconf 93' lang='lat' dir='ltr'><strong>non</strong></span> <span class='ocrx_word' id='word_1_376' title='bbox 1115 3088 1201 3159; x_wconf 90' lang='lat' dir='ltr'><strong>quas</strong></span> <span class='ocrx_word' id='word_1_377' title='bbox 1224 3088 1280 3134; x_wconf 91' lang='lat' dir='ltr'><strong>res</strong></span> <span class='ocrx_word' id='word_1_378' title='bbox 1304 3063 1447 3151; x_wconf 82' lang='lat' dir='ltr'><strong>exiguas</strong></span> <span class='ocrx_word' id='word_1_379' title='bbox 1469 3064 1694 3134; x_wconf 87' lang='lat' dir='ltr'><strong>laudaverint</strong></span> <span class='ocrx_word' id='word_1_380' title='bbox 1710 3079 1845 3135; x_wconf 88' lang='lat' dir='ltr'><strong>veteres</strong></span> <span class='ocrx_word' id='word_1_381' title='bbox 1858 3070 2112 3160; x_wconf 88' lang='lat' dir='ltr'><strong>scriptores,a</strong></span> 
     </span>
     <span class='ocr_line' id='line_1_33' title="bbox 64 3160 2113 3261; baseline 0 -20"><span class='ocrx_word' id='word_1_382' title='bbox 64 3170 173 3241; x_wconf 84' lang='lat' dir='ltr'><strong>aliter</strong></span> <span class='ocrx_word' id='word_1_383' title='bbox 206 3181 314 3261; x_wconf 81' lang='lat' dir='ltr'><strong>atque</strong></span> <span class='ocrx_word' id='word_1_384' title='bbox 344 3168 446 3252; x_wconf 88' lang='lat' dir='ltr'><strong>illae,</strong></span> <span class='ocrx_word' id='word_1_385' title='bbox 487 3180 528 3236; x_wconf 88' lang='lat' dir='ltr'><strong>ut</strong></span> <span class='ocrx_word' id='word_1_386' title='bbox 560 3179 708 3247; x_wconf 61' lang='lat' dir='ltr'><strong>vocant„</strong></span> <span class='ocrx_word' id='word_1_387' title='bbox 742 3160 918 3234; x_wconf 87' lang='lat' dir='ltr'><strong>Thraciae</strong></span> <span class='ocrx_word' id='word_1_388' title='bbox 948 3180 1064 3236; x_wconf 91' lang='lat' dir='ltr'><strong>notae.</strong></span> <span class='ocrx_word' id='word_1_389' title='bbox 1114 3165 1277 3237; x_wconf 87' lang='lat' dir='ltr'><strong>Luciano</strong></span> <span class='ocrx_word' id='word_1_390' title='bbox 1307 3167 1411 3234; x_wconf 89' lang='lat' dir='ltr'><strong>video</strong></span> <span class='ocrx_word' id='word_1_391' title='bbox 1434 3189 1609 3250; x_wconf 90' lang='lat' dir='ltr'><strong>muscam,</strong></span> <span class='ocrx_word' id='word_1_392' title='bbox 1644 3164 1839 3256; x_wconf 85' lang='lat' dir='ltr'><strong>aVirgilio</strong></span> <span class='ocrx_word' id='word_1_393' title='bbox 1861 3194 1944 3261; x_wconf 89' lang='lat' dir='ltr'><strong>apes</strong></span> <span class='ocrx_word' id='word_1_394' title='bbox 1965 3173 2113 3243; x_wconf 81' lang='lat' dir='ltr'><strong>mirifice</strong></span> 
     </span>
     <span class='ocr_line' id='line_1_34' title="bbox 66 3262 2112 3367; baseline 0.002 -26"><span class='ocrx_word' id='word_1_395' title='bbox 66 3270 186 3341; x_wconf 87' lang='lat' dir='ltr'><strong>Porro</strong></span> <span class='ocrx_word' id='word_1_396' title='bbox 200 3268 330 3342; x_wconf 76' lang='lat' dir='ltr'><strong>talibus</strong></span> <span class='ocrx_word' id='word_1_397' title='bbox 345 3269 518 3359; x_wconf 87' lang='lat' dir='ltr'><strong>stigmatis</strong></span> <span class='ocrx_word' id='word_1_398' title='bbox 534 3267 787 3349; x_wconf 73' lang='lat' dir='ltr'><strong>delectari,iea</strong></span> <span class='ocrx_word' id='word_1_399' title='bbox 804 3292 887 3338; x_wconf 89' lang='lat' dir='ltr'><strong>vero</strong></span> <span class='ocrx_word' id='word_1_400' title='bbox 903 3267 1064 3337; x_wconf 88' lang='lat' dir='ltr'><strong>inaudita</strong></span> <span class='ocrx_word' id='word_1_401' title='bbox 1114 3281 1257 3337; x_wconf 91' lang='lat' dir='ltr'><strong>ornatas</strong></span> <span class='ocrx_word' id='word_1_402' title='bbox 1274 3290 1358 3335; x_wconf 87' lang='grc' dir='ltr'><strong>εεεε.</strong></span> <span class='ocrx_word' id='word_1_403' title='bbox 1408 3263 1502 3335; x_wconf 89' lang='lat' dir='ltr'><strong>Cum</strong></span> <span class='ocrx_word' id='word_1_404' title='bbox 1517 3266 1626 3357; x_wconf 86' lang='lat' dir='ltr'><strong>igitur</strong></span> <span class='ocrx_word' id='word_1_405' title='bbox 1641 3262 1731 3335; x_wconf 91' lang='lat' dir='ltr'><strong>mihi</strong></span> <span class='ocrx_word' id='word_1_406' title='bbox 1749 3264 1938 3339; x_wconf 89' lang='lat' dir='ltr'><strong>honestum</strong></span> <span class='ocrx_word' id='word_1_407' title='bbox 1956 3297 2029 3343; x_wconf 89' lang='lat' dir='ltr'><strong>esse</strong></span> <span class='ocrx_word' id='word_1_408' title='bbox 2045 3299 2112 3367; x_wconf 90' lang='lat' dir='ltr'><strong>pu·</strong></span> 
     </span>
     <span class='ocr_line' id='line_1_35' title="bbox 64 3364 2113 3469; baseline 0 -22"><span class='ocrx_word' id='word_1_409' title='bbox 64 3372 224 3447; x_wconf 75' lang='lat' dir='ltr'><strong>amentia</strong></span> <span class='ocrx_word' id='word_1_410' title='bbox 247 3387 308 3445; x_wconf 82' lang='lat' dir='ltr'><strong>est.</strong></span> <span class='ocrx_word' id='word_1_411' title='bbox 358 3367 419 3444; x_wconf 89' lang='lat' dir='ltr'><strong>Ad</strong></span> <span class='ocrx_word' id='word_1_412' title='bbox 439 3367 527 3441; x_wconf 90' lang='lat' dir='ltr'><strong>haec</strong></span> <span class='ocrx_word' id='word_1_413' title='bbox 547 3371 635 3440; x_wconf 91' lang='lat' dir='ltr'><strong>dum</strong></span> <span class='ocrx_word' id='word_1_414' title='bbox 655 3364 712 3438; x_wconf 90' lang='lat' dir='ltr'><strong>his</strong></span> <span class='ocrx_word' id='word_1_415' title='bbox 725 3369 1000 3461; x_wconf 87' lang='lat' dir='ltr'><strong>cupiditatibus,</strong></span> <span class='ocrx_word' id='word_1_416' title='bbox 1025 3385 1065 3440; x_wconf 91' lang='lat' dir='ltr'><strong>ut</strong></span> <span class='ocrx_word' id='word_1_417' title='bbox 1115 3384 1245 3454; x_wconf 91' lang='lat' dir='ltr'><strong>tarem,</strong></span> <span class='ocrx_word' id='word_1_418' title='bbox 1276 3382 1436 3439; x_wconf 90' lang='lat' dir='ltr'><strong>veterum</strong></span> <span class='ocrx_word' id='word_1_419' title='bbox 1458 3369 1617 3458; x_wconf 82' lang='lat' dir='ltr'><strong>exempla</strong></span> <span class='ocrx_word' id='word_1_420' title='bbox 1639 3369 1758 3461; x_wconf 88' lang='lat' dir='ltr'><strong>sequi,</strong></span> <span class='ocrx_word' id='word_1_421' title='bbox 1789 3369 1955 3443; x_wconf 85' lang='lat' dir='ltr'><strong>formicas</strong></span> <span class='ocrx_word' id='word_1_422' title='bbox 1976 3379 2113 3469; x_wconf 87' lang='lat' dir='ltr'><strong>sumpsi</strong></span> 
     </span>
    </p>
   </div>
   <div class='ocr_carea' id='block_1_8' title="bbox 63 3467 2237 3565">
    <p class='ocr_par' dir='ltr' id='par_1_10' title="bbox 63 3467 2237 3565">
     <span class='ocr_line' id='line_1_36' title="bbox 63 3467 2237 3565; baseline 0.002 -20"><span class='ocrx_word' id='word_1_423' title='bbox 63 3479 256 3557; x_wconf 84' lang='lat' dir='ltr'><strong>videntur,</strong></span> <span class='ocrx_word' id='word_1_424' title='bbox 287 3475 483 3546; x_wconf 89' lang='lat' dir='ltr'><strong>levioribus</strong></span> <span class='ocrx_word' id='word_1_425' title='bbox 508 3473 661 3542; x_wconf 91' lang='lat' dir='ltr'><strong>nimium</strong></span> <span class='ocrx_word' id='word_1_426' title='bbox 685 3472 896 3562; x_wconf 89' lang='lat' dir='ltr'><strong>indulgetis,</strong></span> <span class='ocrx_word' id='word_1_427' title='bbox 931 3473 1065 3543; x_wconf 89' lang='lat' dir='ltr'><strong>interea</strong></span> <span class='ocrx_word' id='word_1_428' title='bbox 1116 3473 1325 3542; x_wconf 86' lang='lat' dir='ltr'><strong>laudandas.</strong></span> <span class='ocrx_word' id='word_1_429' title='bbox 1374 3467 1497 3563; x_wconf 88' lang='lat' dir='ltr'><strong>Neque</strong></span> <span class='ocrx_word' id='word_1_430' title='bbox 1527 3470 1669 3541; x_wconf 90' lang='lat' dir='ltr'><strong>nullum</strong></span> <span class='ocrx_word' id='word_1_431' title='bbox 1695 3495 1824 3563; x_wconf 90' lang='lat' dir='ltr'><strong>operae</strong></span> <span class='ocrx_word' id='word_1_432' title='bbox 1841 3477 2015 3565; x_wconf 77' lang='lat' dir='ltr'><strong>&#39;precium</strong></span> <span class='ocrx_word' id='word_1_433' title='bbox 2038 3502 2112 3549; x_wconf 83' lang='lat' dir='ltr'><strong>esse</strong></span> <span class='ocrx_word' id='word_1_434' title='bbox 2231 3480 2237 3501; x_wconf 95' lang='lat'>&#39;</span> 
     </span>
    </p>
   </div>
   <div class='ocr_carea' id='block_1_9' title="bbox 65 3569 2196 5102">
    <p class='ocr_par' dir='ltr' id='par_1_11' title="bbox 65 3569 2196 4490">
     <span class='ocr_line' id='line_1_37' title="bbox 65 3569 2196 3667; baseline -0 -16"><span class='ocrx_word' id='word_1_435' title='bbox 65 3580 180 3651; x_wconf 85' lang='lat' dir='ltr'><strong>multa</strong></span> <span class='ocrx_word' id='word_1_436' title='bbox 194 3578 266 3649; x_wconf 86' lang='lat' dir='ltr'><strong>alia</strong></span> <span class='ocrx_word' id='word_1_437' title='bbox 278 3578 366 3650; x_wconf 78' lang='lat' dir='ltr'><strong>vitia</strong></span> <span class='ocrx_word' id='word_1_438' title='bbox 382 3576 676 3667; x_wconf 85' lang='lat' dir='ltr'><strong>viresaccipiunt,</strong></span> <span class='ocrx_word' id='word_1_439' title='bbox 699 3575 816 3662; x_wconf 88' lang='lat' dir='ltr'><strong>legum</strong></span> <span class='ocrx_word' id='word_1_440' title='bbox 829 3588 1065 3666; x_wconf 86' lang='lat' dir='ltr'><strong>contemptus,</strong></span> <span class='ocrx_word' id='word_1_441' title='bbox 1115 3575 1235 3646; x_wconf 89' lang='lat' dir='ltr'><strong>iudico</strong></span> <span class='ocrx_word' id='word_1_442' title='bbox 1255 3575 1294 3642; x_wconf 91' lang='lat' dir='ltr'><strong>in</strong></span> <span class='ocrx_word' id='word_1_443' title='bbox 1313 3586 1412 3644; x_wconf 90' lang='lat' dir='ltr'><strong>tanta</strong></span> <span class='ocrx_word' id='word_1_444' title='bbox 1428 3587 1574 3643; x_wconf 87' lang='lat' dir='ltr'><strong>naturae</strong></span> <span class='ocrx_word' id='word_1_445' title='bbox 1590 3573 1758 3644; x_wconf 88' lang='lat' dir='ltr'><strong>varietate</strong></span> <span class='ocrx_word' id='word_1_446' title='bbox 1774 3569 1859 3646; x_wconf 89' lang='lat' dir='ltr'><strong>haec</strong></span> <span class='ocrx_word' id='word_1_447' title='bbox 1877 3577 2015 3649; x_wconf 86' lang='lat' dir='ltr'><strong>minuta</strong></span> <span class='ocrx_word' id='word_1_448' title='bbox 2031 3582 2113 3650; x_wconf 84' lang='lat' dir='ltr'><strong>ani·</strong></span> <span class='ocrx_word' id='word_1_449' title='bbox 2193 3598 2196 3605; x_wconf 87' lang='lat'>&#39;</span> 
     </span>
     <span class='ocr_line' id='line_1_38' title="bbox 65 3672 2112 3770; baseline 0 -17"><span class='ocrx_word' id='word_1_450' title='bbox 65 3680 234 3766; x_wconf 83' lang='lat' dir='ltr'><strong>audacia,</strong></span> <span class='ocrx_word' id='word_1_451' title='bbox 260 3680 507 3770; x_wconf 85' lang='lat' dir='ltr'><strong>adiunguntur</strong></span> <span class='ocrx_word' id='word_1_452' title='bbox 526 3690 691 3770; x_wconf 89' lang='lat' dir='ltr'><strong>corrupta</strong></span> <span class='ocrx_word' id='word_1_453' title='bbox 710 3678 895 3763; x_wconf 85' lang='lat' dir='ltr'><strong>sodalitia,</strong></span> <span class='ocrx_word' id='word_1_454' title='bbox 917 3672 1064 3748; x_wconf 82' lang='lat' dir='ltr'><strong>honesta</strong></span> <span class='ocrx_word' id='word_1_455' title='bbox 1115 3679 1247 3749; x_wconf 86' lang='lat' dir='ltr'><strong>mantia</strong></span> <span class='ocrx_word' id='word_1_456' title='bbox 1273 3675 1517 3767; x_wconf 90' lang='lat' dir='ltr'><strong>contemplari.</strong></span> <span class='ocrx_word' id='word_1_457' title='bbox 1568 3672 1713 3746; x_wconf 87' lang='lat' dir='ltr'><strong>Etenim</strong></span> <span class='ocrx_word' id='word_1_458' title='bbox 1737 3700 1811 3746; x_wconf 91' lang='lat' dir='ltr'><strong>non</strong></span> <span class='ocrx_word' id='word_1_459' title='bbox 1833 3681 1941 3751; x_wconf 90' lang='lat' dir='ltr'><strong>modo</strong></span> <span class='ocrx_word' id='word_1_460' title='bbox 1963 3678 2112 3754; x_wconf 87' lang='lat' dir='ltr'><strong>Ethnici</strong></span> 
     </span>
     <span class='ocr_line' id='line_1_39' title="bbox 66 3770 2111 3875; baseline 0 -20"><span class='ocrx_word' id='word_1_461' title='bbox 66 3785 181 3858; x_wconf 83' lang='lat' dir='ltr'><strong>studia</strong></span> <span class='ocrx_word' id='word_1_462' title='bbox 192 3783 316 3854; x_wconf 85' lang='lat' dir='ltr'><strong>omnia</strong></span> <span class='ocrx_word' id='word_1_463' title='bbox 328 3785 555 3865; x_wconf 86' lang='lat' dir='ltr'><strong>deseruntur,</strong></span> <span class='ocrx_word' id='word_1_464' title='bbox 576 3781 731 3852; x_wconf 89' lang='lat' dir='ltr'><strong>succedit</strong></span> <span class='ocrx_word' id='word_1_465' title='bbox 743 3780 872 3863; x_wconf 85' lang='lat' dir='ltr'><strong>orium,</strong></span> <span class='ocrx_word' id='word_1_466' title='bbox 894 3781 931 3849; x_wconf 93' lang='lat' dir='ltr'><strong>id</strong></span> <span class='ocrx_word' id='word_1_467' title='bbox 944 3782 988 3850; x_wconf 92' lang='lat' dir='ltr'><strong>ad</strong></span> <span class='ocrx_word' id='word_1_468' title='bbox 1000 3805 1067 3850; x_wconf 88' lang='lat' dir='ltr'><strong>vo-</strong></span> <span class='ocrx_word' id='word_1_469' title='bbox 1115 3781 1304 3871; x_wconf 84' lang='lat' dir='ltr'><strong>scriptores</strong></span> <span class='ocrx_word' id='word_1_470' title='bbox 1325 3778 1468 3868; x_wconf 88' lang='lat' dir='ltr'><strong>dignam</strong></span> <span class='ocrx_word' id='word_1_471' title='bbox 1490 3770 1584 3845; x_wconf 90' lang='lat' dir='ltr'><strong>hanc</strong></span> <span class='ocrx_word' id='word_1_472' title='bbox 1606 3779 1787 3849; x_wconf 87' lang='lat' dir='ltr'><strong>materiam</strong></span> <span class='ocrx_word' id='word_1_473' title='bbox 1805 3781 1929 3875; x_wconf 90' lang='lat' dir='ltr'><strong>inqua</strong></span> <span class='ocrx_word' id='word_1_474' title='bbox 1946 3784 2111 3856; x_wconf 85' lang='lat' dir='ltr'><strong>elabora·</strong></span> 
     </span>
     <span class='ocr_line' id='line_1_40' title="bbox 67 3877 2172 3983; baseline 0.001 -26"><span class='ocrx_word' id='word_1_475' title='bbox 67 3890 221 3983; x_wconf 83' lang='lat' dir='ltr'><strong>luptates</strong></span> <span class='ocrx_word' id='word_1_476' title='bbox 234 3887 375 3959; x_wconf 85' lang='lat' dir='ltr'><strong>invitat.</strong></span> <span class='ocrx_word' id='word_1_477' title='bbox 400 3880 520 3978; x_wconf 83' lang='lat' dir='ltr'><strong>Atque</strong></span> <span class='ocrx_word' id='word_1_478' title='bbox 531 3878 658 3953; x_wconf 89' lang='lat' dir='ltr'><strong>harum</strong></span> <span class='ocrx_word' id='word_1_479' title='bbox 674 3907 795 3954; x_wconf 91' lang='lat' dir='ltr'><strong>rerum</strong></span> <span class='ocrx_word' id='word_1_480' title='bbox 813 3886 875 3977; x_wconf 90' lang='lat' dir='ltr'><strong>qui</strong></span> <span class='ocrx_word' id='word_1_481' title='bbox 885 3883 1065 3967; x_wconf 88' lang='lat' dir='ltr'><strong>sitexitus,</strong></span> <span class='ocrx_word' id='word_1_482' title='bbox 1116 3897 1213 3966; x_wconf 91' lang='lat' dir='ltr'><strong>rent,</strong></span> <span class='ocrx_word' id='word_1_483' title='bbox 1240 3891 1472 3974; x_wconf 88' lang='lat' dir='ltr'><strong>putaverunt,</strong></span> <span class='ocrx_word' id='word_1_484' title='bbox 1495 3880 1554 3947; x_wconf 86' lang='lat' dir='ltr'><strong>sed</strong></span> <span class='ocrx_word' id='word_1_485' title='bbox 1573 3879 1680 3947; x_wconf 90' lang='lat' dir='ltr'><strong>etiam</strong></span> <span class='ocrx_word' id='word_1_486' title='bbox 1692 3877 2111 3972; x_wconf 90' lang='lat' dir='ltr'><strong>PrincipesChristianae</strong></span> <span class='ocrx_word' id='word_1_487' title='bbox 2162 3936 2172 3959; x_wconf 78' lang='grc'><strong>.</strong></span> 
     </span>
     <span class='ocr_line' id='line_1_41' title="bbox 69 3982 2110 4085; baseline 0.003 -31"><span class='ocrx_word' id='word_1_488' title='bbox 69 4013 158 4085; x_wconf 75' lang='lat' dir='ltr'><strong>quae</strong></span> <span class='ocrx_word' id='word_1_489' title='bbox 185 3982 449 4084; x_wconf 77' lang='grc' dir='ltr'><strong><em>καταστροφὴ,</em></strong></span> <span class='ocrx_word' id='word_1_490' title='bbox 490 4009 594 4077; x_wconf 86' lang='lat' dir='ltr'><strong>saepe</strong></span> <span class='ocrx_word' id='word_1_491' title='bbox 617 3987 791 4058; x_wconf 88' lang='lat' dir='ltr'><strong>videmus.</strong></span> <span class='ocrx_word' id='word_1_492' title='bbox 851 3985 933 4055; x_wconf 89' lang='lat' dir='ltr'><strong>Non</strong></span> <span class='ocrx_word' id='word_1_493' title='bbox 957 3984 1066 4074; x_wconf 90' lang='lat' dir='ltr'><strong>igitur</strong></span> <span class='ocrx_word' id='word_1_494' title='bbox 1115 3985 1299 4056; x_wconf 89' lang='lat' dir='ltr'><strong>doctrinae</strong></span> <span class='ocrx_word' id='word_1_495' title='bbox 1334 3982 1514 4053; x_wconf 90' lang='lat' dir='ltr'><strong>mentione</strong></span> <span class='ocrx_word' id='word_1_496' title='bbox 1550 4005 1740 4071; x_wconf 88' lang='lat' dir='ltr'><strong>parvarum</strong></span> <span class='ocrx_word' id='word_1_497' title='bbox 1768 3984 1807 4053; x_wconf 90' lang='lat' dir='ltr'><strong>in</strong></span> <span class='ocrx_word' id='word_1_498' title='bbox 1834 3999 1960 4058; x_wconf 88' lang='lat' dir='ltr'><strong>natura</strong></span> <span class='ocrx_word' id='word_1_499' title='bbox 1990 4014 2110 4061; x_wconf 90' lang='lat' dir='ltr'><strong>rerum</strong></span> 
     </span>
     <span class='ocr_line' id='line_1_42' title="bbox 69 4078 2110 4185; baseline 0 -23"><span class='ocrx_word' id='word_1_500' title='bbox 69 4089 159 4164; x_wconf 87' lang='lat' dir='ltr'><strong>nihil</strong></span> <span class='ocrx_word' id='word_1_501' title='bbox 174 4093 326 4185; x_wconf 85' lang='lat' dir='ltr'><strong>periculi</strong></span> <span class='ocrx_word' id='word_1_502' title='bbox 341 4105 404 4174; x_wconf 85' lang='lat' dir='ltr'><strong>est,</strong></span> <span class='ocrx_word' id='word_1_503' title='bbox 429 4102 470 4160; x_wconf 91' lang='lat' dir='ltr'><strong>ut</strong></span> <span class='ocrx_word' id='word_1_504' title='bbox 484 4090 630 4182; x_wconf 90' lang='lat' dir='ltr'><strong>quidam</strong></span> <span class='ocrx_word' id='word_1_505' title='bbox 645 4089 858 4172; x_wconf 83' lang='lat' dir='ltr'><strong>existimant,</strong></span> <span class='ocrx_word' id='word_1_506' title='bbox 883 4089 1064 4177; x_wconf 85' lang='lat' dir='ltr'><strong>ignoscere</strong></span> <span class='ocrx_word' id='word_1_507' title='bbox 1114 4087 1282 4159; x_wconf 86' lang='lat' dir='ltr'><strong>delectari</strong></span> <span class='ocrx_word' id='word_1_508' title='bbox 1311 4087 1489 4154; x_wconf 84' lang='lat' dir='ltr'><strong>videntur.</strong></span> <span class='ocrx_word' id='word_1_509' title='bbox 1539 4078 1705 4155; x_wconf 86' lang='lat' dir='ltr'><strong>Christus</strong></span> <span class='ocrx_word' id='word_1_510' title='bbox 1734 4085 1832 4158; x_wconf 91' lang='lat' dir='ltr'><strong>iubet</strong></span> <span class='ocrx_word' id='word_1_511' title='bbox 1862 4112 1927 4159; x_wconf 91' lang='lat' dir='ltr'><strong>nos</strong></span> <span class='ocrx_word' id='word_1_512' title='bbox 1954 4115 2110 4182; x_wconf 87' lang='lat' dir='ltr'><strong>passeres</strong></span> 
     </span>
     <span class='ocr_line' id='line_1_43' title="bbox 72 4186 2110 4285; baseline -0.001 -20"><span class='ocrx_word' id='word_1_513' title='bbox 72 4195 134 4268; x_wconf 83' lang='lat' dir='ltr'><strong>tihi</strong></span> <span class='ocrx_word' id='word_1_514' title='bbox 149 4196 190 4265; x_wconf 92' lang='lat' dir='ltr'><strong>in</strong></span> <span class='ocrx_word' id='word_1_515' title='bbox 202 4190 258 4265; x_wconf 82' lang='lat' dir='ltr'><strong>hie</strong></span> <span class='ocrx_word' id='word_1_516' title='bbox 268 4195 386 4285; x_wconf 83' lang='lat' dir='ltr'><strong>nugis,</strong></span> <span class='ocrx_word' id='word_1_517' title='bbox 409 4206 449 4263; x_wconf 91' lang='lat' dir='ltr'><strong>ut</strong></span> <span class='ocrx_word' id='word_1_518' title='bbox 461 4205 608 4262; x_wconf 87' lang='lat' dir='ltr'><strong>vocant:</strong></span> <span class='ocrx_word' id='word_1_519' title='bbox 634 4188 751 4260; x_wconf 90' lang='lat' dir='ltr'><strong>Nimis</strong></span> <span class='ocrx_word' id='word_1_520' title='bbox 763 4214 868 4284; x_wconf 91' lang='lat' dir='ltr'><strong>quam</strong></span> <span class='ocrx_word' id='word_1_521' title='bbox 881 4214 1001 4260; x_wconf 89' lang='lat' dir='ltr'><strong>rerum</strong></span> <span class='ocrx_word' id='word_1_522' title='bbox 1013 4204 1064 4261; x_wconf 86' lang='lat' dir='ltr'><strong>est</strong></span> <span class='ocrx_word' id='word_1_523' title='bbox 1115 4191 1267 4274; x_wconf 84' lang='lat' dir='ltr'><strong>intueri,</strong></span> <span class='ocrx_word' id='word_1_524' title='bbox 1292 4187 1465 4260; x_wconf 90' lang='lat' dir='ltr'><strong>Solomon</strong></span> <span class='ocrx_word' id='word_1_525' title='bbox 1479 4186 1653 4283; x_wconf 88' lang='lat' dir='ltr'><strong>praecipit</strong></span> <span class='ocrx_word' id='word_1_526' title='bbox 1667 4212 1741 4257; x_wconf 92' lang='lat' dir='ltr'><strong>non</strong></span> <span class='ocrx_word' id='word_1_527' title='bbox 1757 4192 1863 4261; x_wconf 89' lang='lat' dir='ltr'><strong>modo</strong></span> <span class='ocrx_word' id='word_1_528' title='bbox 1877 4193 2110 4283; x_wconf 87' lang='lat' dir='ltr'><strong>contemplari</strong></span> 
     </span>
     <span class='ocr_line' id='line_1_44' title="bbox 72 4288 2108 4389; baseline -0.003 -19"><span class='ocrx_word' id='word_1_529' title='bbox 72 4292 128 4370; x_wconf 84' lang='lat' dir='ltr'><strong>has</strong></span> <span class='ocrx_word' id='word_1_530' title='bbox 144 4298 521 4389; x_wconf 80' lang='lat' dir='ltr'><strong>nugasreriaducere.</strong></span> <span class='ocrx_word' id='word_1_531' title='bbox 574 4292 683 4364; x_wconf 89' lang='lat' dir='ltr'><strong>Vetus</strong></span> <span class='ocrx_word' id='word_1_532' title='bbox 694 4307 746 4363; x_wconf 90' lang='lat' dir='ltr'><strong>est</strong></span> <span class='ocrx_word' id='word_1_533' title='bbox 760 4292 966 4377; x_wconf 67' lang='lat' dir='ltr'><strong>versiculus,</strong></span> <span class='ocrx_word' id='word_1_534' title='bbox 988 4317 1063 4363; x_wconf 89' lang='lat' dir='ltr'><strong>ma·</strong></span> <span class='ocrx_word' id='word_1_535' title='bbox 1113 4291 1297 4374; x_wconf 82' lang='lat' dir='ltr'><strong>formicas,</strong></span> <span class='ocrx_word' id='word_1_536' title='bbox 1323 4291 1385 4360; x_wconf 86' lang='lat' dir='ltr'><strong>sed</strong></span> <span class='ocrx_word' id='word_1_537' title='bbox 1402 4288 1507 4359; x_wconf 90' lang='lat' dir='ltr'><strong>etiam</strong></span> <span class='ocrx_word' id='word_1_538' title='bbox 1524 4312 1590 4359; x_wconf 85' lang='lat' dir='ltr'><strong>nos</strong></span> <span class='ocrx_word' id='word_1_539' title='bbox 1607 4291 1651 4358; x_wconf 96' lang='lat' dir='ltr'><strong>ad</strong></span> <span class='ocrx_word' id='word_1_540' title='bbox 1671 4305 1912 4387; x_wconf 89' lang='lat' dir='ltr'><strong>eastanquam</strong></span> <span class='ocrx_word' id='word_1_541' title='bbox 1928 4295 1967 4363; x_wconf 91' lang='lat' dir='ltr'><strong>in</strong></span> <span class='ocrx_word' id='word_1_542' title='bbox 1982 4296 2108 4365; x_wconf 90' lang='lat' dir='ltr'><strong>ludum</strong></span> 
     </span>
     <span class='ocr_line' id='line_1_45' title="bbox 74 4389 2108 4490; baseline -0.003 -18"><span class='ocrx_word' id='word_1_543' title='bbox 74 4422 133 4490; x_wconf 83' lang='lat' dir='ltr'><strong>gna</strong></span> <span class='ocrx_word' id='word_1_544' title='bbox 148 4400 265 4474; x_wconf 88' lang='lat' dir='ltr'><strong>teneri</strong></span> <span class='ocrx_word' id='word_1_545' title='bbox 276 4424 353 4471; x_wconf 92' lang='lat' dir='ltr'><strong>non</strong></span> <span class='ocrx_word' id='word_1_546' title='bbox 368 4422 471 4489; x_wconf 86' lang='lat' dir='ltr'><strong>posse</strong></span> <span class='ocrx_word' id='word_1_547' title='bbox 485 4398 514 4465; x_wconf 81' lang='lat' dir='ltr'><strong>ei</strong></span> <span class='ocrx_word' id='word_1_548' title='bbox 530 4419 637 4487; x_wconf 88' lang='lat' dir='ltr'><strong>parva</strong></span> <span class='ocrx_word' id='word_1_549' title='bbox 653 4396 873 4484; x_wconf 88' lang='lat' dir='ltr'><strong>negligenter</strong></span> <span class='ocrx_word' id='word_1_550' title='bbox 882 4409 1063 4466; x_wconf 87' lang='lat' dir='ltr'><strong>tueamur:</strong></span> <span class='ocrx_word' id='word_1_551' title='bbox 1114 4393 1273 4465; x_wconf 89' lang='lat' dir='ltr'><strong>discendi</strong></span> <span class='ocrx_word' id='word_1_552' title='bbox 1295 4415 1397 4463; x_wconf 89' lang='lat' dir='ltr'><strong>causa</strong></span> <span class='ocrx_word' id='word_1_553' title='bbox 1417 4389 1537 4465; x_wconf 89' lang='lat' dir='ltr'><strong>mittit.</strong></span> <span class='ocrx_word' id='word_1_554' title='bbox 1590 4389 1686 4479; x_wconf 88' lang='lat' dir='ltr'><strong>Quid</strong></span> <span class='ocrx_word' id='word_1_555' title='bbox 1711 4417 1982 4463; x_wconf 90' lang='lat' dir='ltr'><strong>commemorem</strong></span> <span class='ocrx_word' id='word_1_556' title='bbox 2001 4420 2108 4489; x_wconf 87' lang='lat' dir='ltr'><strong>quam</strong></span> 
     </span>
    </p>

    <p class='ocr_par' dir='ltr' id='par_1_12' title="bbox 72 4491 2110 5102">
     <span class='ocr_line' id='line_1_46' title="bbox 194 4491 2109 4588; baseline -0.004 -16"><span class='ocrx_word' id='word_1_557' title='bbox 194 4498 222 4565; x_wconf 68' lang='lat' dir='ltr'><strong>tl</strong></span> <span class='ocrx_word' id='word_1_558' title='bbox 241 4496 288 4583; x_wconf 74' lang='grc' dir='ltr'><strong>μὴ</strong></span> <span class='ocrx_word' id='word_1_559' title='bbox 308 4493 479 4585; x_wconf 59' lang='grc' dir='ltr'><strong>φυλάσσεις</strong></span> <span class='ocrx_word' id='word_1_560' title='bbox 499 4493 584 4579; x_wconf 62' lang='lat' dir='ltr'><strong>estut&#39;</strong></span> <span class='ocrx_word' id='word_1_561' title='bbox 609 4491 734 4571; x_wconf 63' lang='grc' dir='ltr'><strong>ἀπολεῖς</strong></span> <span class='ocrx_word' id='word_1_562' title='bbox 754 4492 796 4559; x_wconf 67' lang='grc' dir='ltr'><strong>τὰ</strong></span> <span class='ocrx_word' id='word_1_563' title='bbox 816 4493 951 4575; x_wconf 64' lang='lat' dir='ltr'><strong>pettam.</strong></span> <span class='ocrx_word' id='word_1_564' title='bbox 1114 4498 1225 4566; x_wconf 90' lang='lat' dir='ltr'><strong>multa</strong></span> <span class='ocrx_word' id='word_1_565' title='bbox 1245 4493 1440 4566; x_wconf 85' lang='lat' dir='ltr'><strong>animantia</strong></span> <span class='ocrx_word' id='word_1_566' title='bbox 1455 4492 1612 4564; x_wconf 87' lang='lat' dir='ltr'><strong>Basilius</strong></span> <span class='ocrx_word' id='word_1_567' title='bbox 1628 4494 1897 4583; x_wconf 88' lang='lat' dir='ltr'><strong>diligentissime</strong></span> <span class='ocrx_word' id='word_1_568' title='bbox 1913 4498 2109 4588; x_wconf 88' lang='lat' dir='ltr'><strong>descripse-</strong></span> 
     </span>
     <span class='ocr_line' id='line_1_47' title="bbox 74 4592 2109 4694; baseline -0.002 -21"><span class='ocrx_word' id='word_1_569' title='bbox 74 4600 167 4676; x_wconf 88' lang='lat' dir='ltr'><strong>ldem</strong></span> <span class='ocrx_word' id='word_1_570' title='bbox 187 4600 248 4676; x_wconf 92' lang='lat' dir='ltr'><strong>hic</strong></span> <span class='ocrx_word' id='word_1_571' title='bbox 261 4606 339 4675; x_wconf 88' lang='lat' dir='ltr'><strong>lieri</strong></span> <span class='ocrx_word' id='word_1_572' title='bbox 351 4604 533 4674; x_wconf 89' lang='lat' dir='ltr'><strong>videmus:</strong></span> <span class='ocrx_word' id='word_1_573' title='bbox 560 4592 643 4671; x_wconf 82' lang='lat' dir='ltr'><strong>nam</strong></span> <span class='ocrx_word' id='word_1_574' title='bbox 659 4602 721 4694; x_wconf 91' lang='lat' dir='ltr'><strong>qui</strong></span> <span class='ocrx_word' id='word_1_575' title='bbox 737 4624 862 4693; x_wconf 92' lang='lat' dir='ltr'><strong>parum</strong></span> <span class='ocrx_word' id='word_1_576' title='bbox 875 4599 1065 4669; x_wconf 82' lang='lat' dir='ltr'><strong>firmisunt</strong></span> <span class='ocrx_word' id='word_1_577' title='bbox 1115 4601 1181 4683; x_wconf 91' lang='lat' dir='ltr'><strong>rit,</strong></span> <span class='ocrx_word' id='word_1_578' title='bbox 1206 4613 1242 4671; x_wconf 91' lang='lat' dir='ltr'><strong>et</strong></span> <span class='ocrx_word' id='word_1_579' title='bbox 1255 4596 1429 4667; x_wconf 88' lang='lat' dir='ltr'><strong>Basilium</strong></span> <span class='ocrx_word' id='word_1_580' title='bbox 1449 4609 1589 4666; x_wconf 86' lang='lat' dir='ltr'><strong>secutus</strong></span> <span class='ocrx_word' id='word_1_581' title='bbox 1605 4592 1838 4680; x_wconf 78' lang='lat' dir='ltr'><strong>Ambrosius,</strong></span> <span class='ocrx_word' id='word_1_582' title='bbox 1863 4600 2013 4668; x_wconf 90' lang='lat' dir='ltr'><strong>eandem</strong></span> <span class='ocrx_word' id='word_1_583' title='bbox 2029 4601 2109 4669; x_wconf 88' lang='lat' dir='ltr'><strong>ani-</strong></span> 
     </span>
     <span class='ocr_line' id='line_1_48' title="bbox 73 4695 2108 4796; baseline -0.005 -17"><span class='ocrx_word' id='word_1_584' title='bbox 73 4710 235 4779; x_wconf 80' lang='lat' dir='ltr'><strong>tdversus</strong></span> <span class='ocrx_word' id='word_1_585' title='bbox 261 4702 326 4778; x_wconf 86' lang='lat' dir='ltr'><strong>has</strong></span> <span class='ocrx_word' id='word_1_586' title='bbox 344 4706 497 4776; x_wconf 81' lang='lat' dir='ltr'><strong>leviores</strong></span> <span class='ocrx_word' id='word_1_587' title='bbox 515 4704 748 4796; x_wconf 85' lang='lat' dir='ltr'><strong>cupiditates,</strong></span> <span class='ocrx_word' id='word_1_588' title='bbox 775 4699 841 4774; x_wconf 84' lang='lat' dir='ltr'><strong>hos</strong></span> <span class='ocrx_word' id='word_1_589' title='bbox 862 4703 967 4773; x_wconf 87' lang='lat' dir='ltr'><strong>citius</strong></span> <span class='ocrx_word' id='word_1_590' title='bbox 983 4701 1064 4793; x_wconf 90' lang='lat' dir='ltr'><strong>opi·</strong></span> <span class='ocrx_word' id='word_1_591' title='bbox 1114 4701 1288 4771; x_wconf 91' lang='lat' dir='ltr'><strong>mantium</strong></span> <span class='ocrx_word' id='word_1_592' title='bbox 1304 4695 1492 4769; x_wconf 88' lang='lat' dir='ltr'><strong>historiam</strong></span> <span class='ocrx_word' id='word_1_593' title='bbox 1508 4697 1545 4766; x_wconf 93' lang='lat' dir='ltr'><strong>in</strong></span> <span class='ocrx_word' id='word_1_594' title='bbox 1560 4699 1785 4769; x_wconf 87' lang='lat' dir='ltr'><strong>enarratione</strong></span> <span class='ocrx_word' id='word_1_595' title='bbox 1800 4722 1946 4788; x_wconf 85' lang='lat' dir='ltr'><strong>operum</strong></span> <span class='ocrx_word' id='word_1_596' title='bbox 1960 4726 2019 4773; x_wconf 82' lang='lat' dir='ltr'><strong>sex</strong></span> <span class='ocrx_word' id='word_1_597' title='bbox 2032 4703 2108 4772; x_wconf 88' lang='lat' dir='ltr'><strong>die-</strong></span> 
     </span>
     <span class='ocr_line' id='line_1_49' title="bbox 72 4801 2110 4899; baseline -0.001 -20"><span class='ocrx_word' id='word_1_598' title='bbox 72 4812 175 4883; x_wconf 81' lang='lat' dir='ltr'><strong>niune</strong></span> <span class='ocrx_word' id='word_1_599' title='bbox 188 4811 260 4880; x_wconf 80' lang='lat' dir='ltr'><strong>alia</strong></span> <span class='ocrx_word' id='word_1_600' title='bbox 273 4810 424 4879; x_wconf 83' lang='lat' dir='ltr'><strong>maxima</strong></span> <span class='ocrx_word' id='word_1_601' title='bbox 439 4807 531 4878; x_wconf 90' lang='lat' dir='ltr'><strong>mala</strong></span> <span class='ocrx_word' id='word_1_602' title='bbox 547 4807 761 4899; x_wconf 81' lang='lat' dir='ltr'><strong>oppriment.</strong></span> <span class='ocrx_word' id='word_1_603' title='bbox 801 4803 844 4875; x_wconf 93' lang='lat' dir='ltr'><strong>ln</strong></span> <span class='ocrx_word' id='word_1_604' title='bbox 859 4804 985 4896; x_wconf 85' lang='lat' dir='ltr'><strong>primis</strong></span> <span class='ocrx_word' id='word_1_605' title='bbox 999 4828 1064 4874; x_wconf 85' lang='lat' dir='ltr'><strong>au·</strong></span> <span class='ocrx_word' id='word_1_606' title='bbox 1114 4828 1193 4875; x_wconf 88' lang='lat' dir='ltr'><strong>rum</strong></span> <span class='ocrx_word' id='word_1_607' title='bbox 1222 4826 1313 4895; x_wconf 92' lang='lat' dir='ltr'><strong>pene</strong></span> <span class='ocrx_word' id='word_1_608' title='bbox 1335 4803 1380 4870; x_wconf 88' lang='lat' dir='ltr'><strong>ad</strong></span> <span class='ocrx_word' id='word_1_609' title='bbox 1406 4801 1553 4869; x_wconf 88' lang='lat' dir='ltr'><strong>verbum</strong></span> <span class='ocrx_word' id='word_1_610' title='bbox 1577 4813 1752 4884; x_wconf 89' lang='lat' dir='ltr'><strong>recenset,</strong></span> <span class='ocrx_word' id='word_1_611' title='bbox 1784 4803 1956 4895; x_wconf 90' lang='lat' dir='ltr'><strong>docetque</strong></span> <span class='ocrx_word' id='word_1_612' title='bbox 1979 4804 2016 4873; x_wconf 92' lang='lat' dir='ltr'><strong>in</strong></span> <span class='ocrx_word' id='word_1_613' title='bbox 2039 4805 2110 4875; x_wconf 90' lang='lat' dir='ltr'><strong>illis</strong></span> 
     </span>
     <span class='ocr_line' id='line_1_50' title="bbox 73 4899 2108 5008; baseline -0.005 -23"><span class='ocrx_word' id='word_1_614' title='bbox 73 4922 135 4985; x_wconf 77' lang='lat' dir='ltr'><strong>tern</strong></span> <span class='ocrx_word' id='word_1_615' title='bbox 149 4936 219 4984; x_wconf 88' lang='lat' dir='ltr'><strong>nos</strong></span> <span class='ocrx_word' id='word_1_616' title='bbox 233 4907 448 5008; x_wconf 79' lang='lat' dir='ltr'><strong>qniChristo</strong></span> <span class='ocrx_word' id='word_1_617' title='bbox 463 4934 595 4980; x_wconf 91' lang='lat' dir='ltr'><strong>nomen</strong></span> <span class='ocrx_word' id='word_1_618' title='bbox 612 4909 786 4992; x_wconf 81' lang='lat' dir='ltr'><strong>dedimus,</strong></span> <span class='ocrx_word' id='word_1_619' title='bbox 811 4905 1063 4978; x_wconf 84' lang='lat' dir='ltr'><strong>verecundiam</strong></span> <span class='ocrx_word' id='word_1_620' title='bbox 1115 4904 1294 4997; x_wconf 85' lang='lat' dir='ltr'><strong>proposita</strong></span> <span class='ocrx_word' id='word_1_621' title='bbox 1317 4902 1422 4973; x_wconf 89' lang='lat' dir='ltr'><strong>nobis</strong></span> <span class='ocrx_word' id='word_1_622' title='bbox 1442 4925 1517 4972; x_wconf 80' lang='lat' dir='ltr'><strong>esse</strong></span> <span class='ocrx_word' id='word_1_623' title='bbox 1538 4925 1559 4971; x_wconf 90' lang='lat' dir='ltr'><strong>a</strong></span> <span class='ocrx_word' id='word_1_624' title='bbox 1576 4899 1653 4973; x_wconf 89' lang='lat' dir='ltr'><strong>Deo</strong></span> <span class='ocrx_word' id='word_1_625' title='bbox 1675 4915 1711 4972; x_wconf 92' lang='grc' dir='ltr'><strong>ει</strong></span> <span class='ocrx_word' id='word_1_626' title='bbox 1731 4915 1899 4996; x_wconf 92' lang='lat' dir='ltr'><strong>tanquam</strong></span> <span class='ocrx_word' id='word_1_627' title='bbox 1917 4905 2008 4996; x_wconf 86' lang='lat' dir='ltr'><strong>picta</strong></span> <span class='ocrx_word' id='word_1_628' title='bbox 2026 4908 2108 4997; x_wconf 90' lang='lat' dir='ltr'><strong>plu-</strong></span> 
     </span>
     <span class='ocr_line' id='line_1_51' title="bbox 73 4997 2107 5102; baseline -0.005 -15"><span class='ocrx_word' id='word_1_629' title='bbox 73 5014 332 5087; x_wconf 83' lang='lat' dir='ltr'><strong>temodestiam</strong></span> <span class='ocrx_word' id='word_1_630' title='bbox 347 5013 387 5084; x_wconf 93' lang='lat' dir='ltr'><strong>in</strong></span> <span class='ocrx_word' id='word_1_631' title='bbox 404 5014 572 5084; x_wconf 89' lang='lat' dir='ltr'><strong>omnibus</strong></span> <span class='ocrx_word' id='word_1_632' title='bbox 587 5011 678 5082; x_wconf 86' lang='lat' dir='ltr'><strong>vitae</strong></span> <span class='ocrx_word' id='word_1_633' title='bbox 695 5006 854 5102; x_wconf 85' lang='lat' dir='ltr'><strong>partibus</strong></span> <span class='ocrx_word' id='word_1_634' title='bbox 871 5010 986 5082; x_wconf 81' lang='lat' dir='ltr'><strong>colere</strong></span> <span class='ocrx_word' id='word_1_635' title='bbox 1001 5011 1066 5079; x_wconf 89' lang='lat' dir='ltr'><strong>de·</strong></span> <span class='ocrx_word' id='word_1_636' title='bbox 1113 5009 1286 5079; x_wconf 86' lang='lat' dir='ltr'><strong>rimarum</strong></span> <span class='ocrx_word' id='word_1_637' title='bbox 1317 5006 1493 5075; x_wconf 86' lang='lat' dir='ltr'><strong>virtutum</strong></span> <span class='ocrx_word' id='word_1_638' title='bbox 1519 4997 1755 5089; x_wconf 86' lang='lat' dir='ltr'><strong>simulachra,</strong></span> <span class='ocrx_word' id='word_1_639' title='bbox 1786 5030 1876 5101; x_wconf 92' lang='lat' dir='ltr'><strong>quae</strong></span> <span class='ocrx_word' id='word_1_640' title='bbox 1907 5029 1973 5077; x_wconf 90' lang='lat' dir='ltr'><strong>nos</strong></span> <span class='ocrx_word' id='word_1_641' title='bbox 2000 5008 2107 5079; x_wconf 83' lang='lat' dir='ltr'><strong>officii</strong></span> 
     </span>
    </p>
   </div>
   <div class='ocr_carea' id='block_1_10' title="bbox 10 5103 2108 5213">
    <p class='ocr_par' dir='ltr' id='par_1_13' title="bbox 10 5103 2108 5213">
     <span class='ocr_line' id='line_1_52' title="bbox 10 5103 2108 5213; baseline -0.002 -28"><span class='ocrx_word' id='word_1_642' title='bbox 10 5158 14 5207; x_wconf 34' lang='lat' dir='ltr'><strong>q</strong></span> <span class='ocrx_word' id='word_1_643' title='bbox 73 5132 139 5205; x_wconf 86' lang='lat' dir='ltr'><strong>ret,</strong></span> <span class='ocrx_word' id='word_1_644' title='bbox 160 5132 197 5190; x_wconf 90' lang='lat' dir='ltr'><strong>et</strong></span> <span class='ocrx_word' id='word_1_645' title='bbox 220 5118 304 5213; x_wconf 80' lang='lat' dir='ltr'><strong>quia</strong></span> <span class='ocrx_word' id='word_1_646' title='bbox 325 5140 368 5188; x_wconf 81' lang='lat' dir='ltr'><strong>cr</strong></span> <span class='ocrx_word' id='word_1_647' title='bbox 390 5116 504 5187; x_wconf 89' lang='lat' dir='ltr'><strong>virtus</strong></span> <span class='ocrx_word' id='word_1_648' title='bbox 519 5112 596 5191; x_wconf 83' lang='lat' dir='ltr'><strong>Deo</strong></span> <span class='ocrx_word' id='word_1_649' title='bbox 619 5112 800 5208; x_wconf 86' lang='lat' dir='ltr'><strong>inprimis</strong></span> <span class='ocrx_word' id='word_1_650' title='bbox 815 5113 949 5206; x_wconf 86' lang='lat' dir='ltr'><strong>placet,</strong></span> <span class='ocrx_word' id='word_1_651' title='bbox 971 5127 1007 5184; x_wconf 90' lang='lat' dir='ltr'><strong>et</strong></span> <span class='ocrx_word' id='word_1_652' title='bbox 1025 5124 1065 5184; x_wconf 89' lang='lat' dir='ltr'><strong>ut</strong></span> <span class='ocrx_word' id='word_1_653' title='bbox 1113 5109 1227 5181; x_wconf 89' lang='lat' dir='ltr'><strong>nostri</strong></span> <span class='ocrx_word' id='word_1_654' title='bbox 1253 5111 1498 5181; x_wconf 82' lang='lat' dir='ltr'><strong>admonerent.</strong></span> <span class='ocrx_word' id='word_1_655' title='bbox 1557 5103 1822 5197; x_wconf 86' lang='lat' dir='ltr'><strong>Turpissimum</strong></span> <span class='ocrx_word' id='word_1_656' title='bbox 1845 5121 1897 5179; x_wconf 90' lang='lat' dir='ltr'><strong>cst</strong></span> <span class='ocrx_word' id='word_1_657' title='bbox 1920 5109 2017 5179; x_wconf 91' lang='lat' dir='ltr'><strong>enim</strong></span> <span class='ocrx_word' id='word_1_658' title='bbox 2041 5105 2108 5179; x_wconf 92' lang='lat' dir='ltr'><strong>ho-</strong></span> 
     </span>
    </p>
   </div>
   <div class='ocr_carea' id='block_1_11' title="bbox 10 5210 2110 5407">
    <p class='ocr_par' dir='ltr' id='par_1_14' title="bbox 10 5210 2110 5407">
     <span class='ocr_line' id='line_1_53' title="bbox 10 5210 2109 5315; baseline -0.002 -28"><span class='ocrx_word' id='word_1_659' title='bbox 10 5214 15 5267; x_wconf 70' lang='grc' dir='ltr'>ἶ</span> <span class='ocrx_word' id='word_1_660' title='bbox 74 5217 173 5293; x_wconf 75' lang='lat' dir='ltr'><strong>lonis</strong></span> <span class='ocrx_word' id='word_1_661' title='bbox 188 5219 360 5315; x_wconf 76' lang='lat' dir='ltr'><strong>exemplis</strong></span> <span class='ocrx_word' id='word_1_662' title='bbox 375 5218 530 5290; x_wconf 86' lang='lat' dir='ltr'><strong>aliorum</strong></span> <span class='ocrx_word' id='word_1_663' title='bbox 546 5240 665 5289; x_wconf 87' lang='lat' dir='ltr'><strong>mores</strong></span> <span class='ocrx_word' id='word_1_664' title='bbox 681 5214 848 5287; x_wconf 81' lang='lat' dir='ltr'><strong>meliores</strong></span> <span class='ocrx_word' id='word_1_665' title='bbox 862 5216 1063 5288; x_wconf 73' lang='lat' dir='ltr'><strong>reddamur.</strong></span> <span class='ocrx_word' id='word_1_666' title='bbox 1113 5212 1205 5281; x_wconf 91' lang='lat' dir='ltr'><strong>mini</strong></span> <span class='ocrx_word' id='word_1_667' title='bbox 1224 5224 1298 5281; x_wconf 89' lang='lat' dir='ltr'><strong>tam</strong></span> <span class='ocrx_word' id='word_1_668' title='bbox 1320 5210 1459 5298; x_wconf 77' lang='lat' dir='ltr'><strong>longer</strong></span> <span class='ocrx_word' id='word_1_669' title='bbox 1475 5230 1539 5279; x_wconf 83' lang='lat' dir='ltr'><strong>sua</strong></span> <span class='ocrx_word' id='word_1_670' title='bbox 1557 5220 1684 5278; x_wconf 84' lang='lat' dir='ltr'><strong>natura</strong></span> <span class='ocrx_word' id='word_1_671' title='bbox 1700 5212 1930 5299; x_wconf 85' lang='lat' dir='ltr'><strong>degenerare,</strong></span> <span class='ocrx_word' id='word_1_672' title='bbox 1956 5212 2109 5283; x_wconf 82' lang='lat' dir='ltr'><strong>utahe·</strong></span> 
     </span>
     <span class='ocr_line' id='line_1_54' title="bbox 10 5306 2110 5407; baseline -0.005 -14"><span class='ocrx_word' id='word_1_673' title='bbox 10 5306 15 5407; x_wconf 55' lang='lat' dir='ltr'>s</span> <span class='ocrx_word' id='word_1_674' title='bbox 76 5316 164 5396; x_wconf 81' lang='lat' dir='ltr'><strong>Diri.</strong></span> <span class='ocrx_word' id='word_1_675' title='bbox 1113 5315 1191 5389; x_wconf 86' lang='lat' dir='ltr'><strong>stiis</strong></span> <span class='ocrx_word' id='word_1_676' title='bbox 1213 5313 1320 5386; x_wconf 88' lang='lat' dir='ltr'><strong>etiam</strong></span> <span class='ocrx_word' id='word_1_677' title='bbox 1342 5311 1475 5384; x_wconf 88' lang='lat' dir='ltr'><strong>virtute</strong></span> <span class='ocrx_word' id='word_1_678' title='bbox 1494 5322 1695 5399; x_wconf 80' lang='lat' dir='ltr'><strong>superetur.</strong></span> <span class='ocrx_word' id='word_1_679' title='bbox 1745 5310 1828 5385; x_wconf 87' lang='lat' dir='ltr'><strong>Non</strong></span> <span class='ocrx_word' id='word_1_680' title='bbox 1851 5311 1960 5403; x_wconf 90' lang='lat' dir='ltr'><strong>igitur</strong></span> <span class='ocrx_word' id='word_1_681' title='bbox 1980 5312 2110 5387; x_wconf 89' lang='lat' dir='ltr'><strong>inutile</strong></span> 
     </span>
    </p>
   </div>
   <div class='ocr_carea' id='block_1_12' title="bbox 10 5602 18 5809">
    <p class='ocr_par' dir='ltr' id='par_1_15' title="bbox 10 5602 18 5809">
     <span class='ocr_line' id='line_1_55' title="bbox 10 5602 18 5809; baseline 0 0"><span class='ocrx_word' id='word_1_682' title='bbox 10 5602 18 5809; x_wconf 71' lang='grc' dir='ltr'><strong>ι</strong></span> 
     </span>
    </p>
   </div>
   <div class='ocr_carea' id='block_1_13' title="bbox 1502 5411 1578 5481">
    <p class='ocr_par' dir='ltr' id='par_1_16' title="bbox 1502 5411 1578 5481">
     <span class='ocr_line' id='line_1_56' title="bbox 1502 5411 1578 5481; baseline 0 0"><span class='ocrx_word' id='word_1_683' title='bbox 1502 5411 1578 5481; x_wconf 82' lang='grc'><strong>10*</strong></span> 
     </span>
    </p>
   </div>
   <div class='ocr_carea' id='block_1_14' title="bbox 0 0 2336 6021">
    <p class='ocr_par' dir='ltr' id='par_1_17' title="bbox 0 0 2336 6021">
     <span class='ocr_line' id='line_1_57' title="bbox 0 0 2336 6021; baseline 0 0"><span class='ocrx_word' id='word_1_684' title='bbox 0 0 2336 6021; x_wconf 95' lang='lat' dir='ltr'><strong> </strong></span> 
     </span>
    </p>
   </div>
  </div>
 </body>
</html>
