4672 6016
140 278 220 359 stt
679 272 844 353 DECL·
878 270 1284 353 nuptialium
1315 268 1645 353 nustouuu
2106 276 2182 355 lli

142 452 338 529 vitiasunt.
386 450 554 547 Plerique
567 474 624 523 res
639 450 950 546 quasproliteutur
963 473 1038 521 uon
1051 448 1136 522 satis
1184 446 1364 533 sentiunt,
1396 460 1440 519 ιιι
1466 447 1568 521 nulla
1596 462 1670 521 um
1689 448 1766 522 iera
1783 450 1967 523 barbaries
1988 446 2058 536 sit,
2088 448 2180 523 nulli

143 569 245 628 notas
267 550 485 640 babuerunt,
519 553 696 648 plerisque
719 553 811 624 ratio
834 552 988 624 docendi
1010 550 1136 637 defuit,
1184 562 1256 620 tam
1279 547 1418 643 perdite
1433 550 1537 631 mali,
1562 550 1627 646 qui
1642 574 1718 622 non
1734 565 1771 625 et
1782 553 1938 627 sentiant
1952 552 2179 627 assuantur

145 671 181 730 et
200 657 232 727 si
257 680 377 727 rerum
399 655 525 750 peritia
544 680 618 726 oon
643 655 813 739 desuerit,
835 679 905 750 qua
922 658 967 725 de
983 678 1022 725 re
1038 677 1135 725 nunc
1185 666 1278 723 recta
1292 674 1378 732 esse,
1403 675 1494 747 quae
1508 652 1590 724 illae
1603 654 1799 727 sententiae
1814 654 2075 749 praescribunt,
2099 653 2180 749 qni-

143 758 287 850 lougius
306 759 377 829 diei
399 781 473 828 non
494 770 621 849 potest.
671 755 820 827 Hesiodi
836 770 954 827 autem
973 756 1074 849 prior
1089 756 1136 824 li·
1185 777 1356 848 querum
1378 777 1454 825 non
1476 756 1786 845 obtemperarunt,
1811 780 1888 828 non
1910 755 1979 849 ipsi
1996 770 2179 848 peccatur

144 861 261 932 bellus
284 875 378 932 totus
396 854 530 954 ἠθικὸς
551 871 620 944 est,
644 858 821 951 posterior
840 862 928 929 darn
943 857 1136 948 agricultu-
1184 868 1411 926 accusentur
1434 858 1605 927 damnent
1627 880 1751 944 suum,
1777 859 1911 953 quique
1934 882 2011 931 non
2031 882 2179 929 verean-

145 988 206 1034 rae
231 973 412 1055 praecepte
442 962 567 1046 tradit,
601 973 702 1031 ortus
731 973 765 1031 et
792 984 935 1032 occasus
965 960 1136 1040 siderum,
1186 971 1244 1028 tur
1268 980 1400 1027 nrtmen
1424 957 1572 1029 existere
1594 960 1758 1053 aliquod,
1784 962 1842 1031 eui
1862 960 1920 1031 vel
1939 960 1969 1031 si
1990 959 2088 1030 nulli
2111 984 2177 1031 uu-

144 1065 328 1159 multaque
348 1064 418 1133 alia
438 1086 530 1157 quae
544 1064 588 1132 ad
606 1075 768 1132 naturam
785 1063 1065 1152 cognoscendam
1081 1061 1135 1130 fa-
1185 1083 1292 1151 quam
1321 1060 1488 1131 mortales
1511 1061 1700 1132 resciscent
1723 1063 1874 1149 lactum,
1905 1085 2042 1155 poena
2061 1060 2178 1133 daturi

145 1168 266 1251 ciunt,
291 1164 546 1255 complectitur.
599 1162 803 1258 Requiretis
824 1166 935 1255 igitur
956 1190 996 1234 ex
1014 1163 1135 1255 priore
1185 1161 1268 1234 sint.
1325 1158 1435 1231 Nulla
1463 1175 1535 1233 tam
1564 1162 1731 1233 immanis
1757 1164 1858 1235 natio
1886 1178 1957 1249 est,
1989 1186 2084 1258 quae
2105 1186 2177 1235 uun

145 1268 269 1339 libello
289 1291 430 1338 morum
456 1280 657 1359 praecepta,
683 1267 853 1360 quoniam
875 1266 944 1335 nisi
960 1267 1064 1335 certis
1082 1265 1135 1333 le·
1186 1262 1290 1333 tacita
1304 1262 1492 1349 maleficos,
1514 1264 1685 1346 crudeles,
1711 1266 1869 1356 ingratos
1881 1266 2177 1361 oderitacasper·

144 1371 248 1461 gibus
267 1383 302 1442 et
324 1369 512 1440 sententiis
532 1367 659 1437 moniti
682 1383 716 1438 et
738 1368 948 1454 adsuefacti,
986 1362 1135 1437 honeste
1185 1378 1310 1447 netur,
1337 1366 1532 1459 probetque
1555 1390 1706 1461 eaquae
1730 1368 1931 1441 societatem
1954 1367 2052 1441 iuter
2066 1389 2106 1438 se
2120 1388 2177 1459 ge·

144 1496 163 1541 a
187 1470 354 1563 turpibus
374 1470 574 1541 discernere
589 1469 836 1553 didicerimus,
864 1483 900 1540 et
914 1468 1077 1562 amplecti
1095 1491 1135 1537 ea
1188 1468 1284 1536 neris
1304 1460 1451 1537 humani
1467 1467 1686 1540 devinciunt·
1736 1469 1828 1541 Nam
1844 1484 1880 1542 et
1893 1463 1960 1540 hos
1976 1468 2041 1564 qui
2057 1462 2178 1563 hospi-

145 1597 236 1668 quae
256 1574 402 1658 decent,
427 1572 737 1663 lugere-contraria
753 1595 942 1651 conemur,
968 1584 1061 1641 recte
1076 1569 1136 1639 iu·
1186 1583 1240 1638 tes
1261 1581 1435 1654 mactant,
1459 1568 1523 1664 qui
1543 1593 1645 1640 senes
1665 1584 1781 1662 patres
1793 1571 1992 1653 trucidant,
2016 1570 2084 1665 qui
2099 1570 2177 1643 nul·

145 1675 244 1745 stitui
276 1674 346 1745 vita
376 1698 450 1745 non
483 1688 609 1766 potest.
667 1672 944 1745 Honestissimae
975 1694 1135 1767 quaeque
1186 1670 1257 1740 lam
1282 1670 1528 1761 coniugiorum
1554 1672 1659 1742 fidem
1684 1674 1825 1754 colunt,
1855 1674 1885 1744 si
1907 1676 2176 1761 admoneantur,

145 1776 440 1870 gravissimaeque
464 1779 509 1847 de
531 1762 701 1846 omnibus
721 1776 846 1847 officiis
869 1774 1065 1846 sententiae
1087 1774 1136 1843 ob
1186 1787 1313 1842 natura
1335 1772 1434 1843 fateri
1454 1772 1569 1862 cogit,
1599 1774 1746 1864 indigna
1767 1799 1805 1845 se
1824 1771 2036 1845 hominibus
2054 1776 2176 1849 lmus.

144 1879 268 1949 oculos
291 1901 365 1949 esse
387 1877 522 1970 positae
543 1878 692 1959 debent,
725 1880 771 1949 ad
792 1900 879 1972 quas
900 1900 1023 1947 omnes
1043 1874 1136 1945 vitae
1188 1872 1261 1942 lam
1286 1873 1324 1941 in
1348 1869 1405 1945 bis
1426 1875 1489 1968 qui
1511 1874 1582 1945 sibi
1604 1876 1756 1947 alicuius
1778 1877 1904 1969 flagitii
1926 1876 2066 1949 conscii
2089 1888 2179 1967 suot,

143 1993 280 2072 partes,
306 1980 405 2050 velut
426 1982 471 2050 sd
485 1976 706 2076 Cynosuram
727 2001 871 2049 cursum
888 2002 992 2051 suum
1008 1990 1136 2048 nautae
1186 1974 1363 2046 cruciatus
1391 1990 1425 2047 et
1446 1989 1598 2047 terrores
1618 1976 1708 2049 tanti
1731 1992 1886 2049 mentem
1908 1978 2114 2071 exagitant,
2140 1990 2179 2053 ul

145 2082 324 2172 dirigunt,
356 2104 612 2174 comparemus.
684 2081 755 2153 Sed
784 2081 955 2175 quoniam
985 2078 1134 2151 Hesiodi
1185 2078 1351 2169 adpareat
1379 2078 1538 2149 divinam
1568 2081 1746 2174 quandam
1776 2080 1852 2151 vim
1877 2102 1970 2168 esse,
2002 2104 2101 2176 quae
2119 2082 2179 2153 sd·

142 2195 327 2277 praecepta
342 2184 555 2277 quibusdam
573 2181 654 2253 ideo
670 2207 796 2275 parum
810 2183 1026 2273 probantur,
1050 2181 1135 2276 quia
1186 2179 1282 2247 missi
1308 2180 1449 2250 sceleris
1466 2181 1603 2274 pudere
1615 2195 1736 2272 cogat,
1760 2206 1922 2278 quaeque
1936 2182 2178 2275 impendens!

144 2285 287 2376 gentilis
304 2281 412 2356 homo
428 2285 570 2357 videtur
583 2285 699 2356 aliena
713 2298 748 2355 et
760 2286 954 2376 pugnantia
970 2310 1052 2355 cum
1069 2307 1136 2353 no-
1185 2280 1351 2372 supplicii
1364 2294 1499 2353 metum
1514 2282 1674 2358 incutiat.
1725 2284 1820 2357 Sunt
1830 2284 1940 2377 igitur
1956 2284 1998 2357 iu
2012 2280 2177 2359 boma&

144 2400 216 2458 stra
239 2386 412 2477 religione
431 2387 612 2473 docuisse,
644 2381 704 2456 hic
726 2410 827 2456 error
848 2388 955 2476 vulgo
978 2386 1136 2456 eximeu-
1186 2382 1315 2451 animis
1336 2396 1451 2454 certae
1472 2385 1518 2455 de
1537 2386 1699 2457 moribus
1719 2388 1831 2476 leges,
1856 2410 1948 2481 quae
1965 2400 2049 2459 tum
2063 2384 2171 2481 pira·

143 2490 212 2559 dus
228 2501 291 2559 est.
343 2487 558 2583 Quanquam
574 2502 691 2559 autem
707 2488 849 2577 longior
864 2501 916 2559 est
932 2487 993 2558 illa
1008 2488 1134 2578 dispu-
1185 2496 1259 2555 tam
1274 2485 1384 2557 vitam
1401 2501 1548 2577 regunt,
1573 2500 1648 2557 tum
1665 2489 1879 2560 constituere
1893 2512 1934 2559 ae
1947 2484 2171 2561 torenna-

145 2590 249 2674 tstio,
281 2614 388 2684 quam
418 2604 458 2662 ιιι
487 2585 546 2660 hic
567 2589 735 2683 explicari
761 2604 833 2662 tota
856 2590 983 2683 possit,
1015 2603 1134 2662 tamen
1185 2588 1272 2678 pub.
1294 2586 1425 2658 iudicia
1448 2611 1610 2660 exercere
1633 2602 1669 2661 et
1688 2589 1891 2662 societatem
1906 2587 2104 2663 hominurn
2117 2592 2175 2663 tb-

145 2690 301 2765 iudicavi
323 2715 451 2784 operae
472 2691 630 2783 precium
649 2715 707 2762 me
721 2692 898 2762 factunrm
913 2714 1003 2776 esse,
1027 2689 1059 2760 si
1073 2714 1135 2761 es·
1185 2687 1330 2759 lendere
1353 2690 1562 2763 docuerunt.
1613 2687 1662 2763 Et
1682 2708 1723 2765 ut
1743 2693 1898 2765 latemur
1916 2716 1985 2763 uos
2003 2692 2175 2765 diviniu

144 2817 313 2887 ponerem
341 2817 432 2888 quae
462 2793 516 2863 vis
542 2793 606 2879 sit,
637 2816 799 2888 quaeque
818 2794 989 2864 autoritas
1010 2815 1135 2863 eorum
1186 2790 1349 2861 conditos
1368 2812 1444 2861 esse
1466 2815 1507 2862 ac
1531 2794 1735 2886 propagari,
1756 2793 1806 2867 ita
1827 2792 1997 2867 dubitare
2017 2814 2100 2875 nou
2119 2796 2174 2869 h·

143 2907 430 2990 praecepturum,
454 2907 636 2988 quactum
650 2892 844 2980 Hesiodus,
868 2908 944 2965 tum
957 2894 1019 2964 alii
1033 2893 1136 2966 multi
1186 2894 1327 2977 bemus,
1359 2894 1447 2986 quin
1476 2917 1496 2964 e
1522 2895 1620 2965 coelo
1648 2896 1687 2965 in
1708 2890 1802 2966 hauc
1821 2896 1931 2967 vitam
1953 2878 2169 2973 attuleri-

144 2996 321 3089 sspieutes
342 3010 377 3067 et
396 2996 493 3067 docti
515 2995 584 3067 viri
599 3020 681 3069 cum
698 2997 1047 3078 animadvertissent,
1069 3020 1136 3065 no-
1187 2996 1266 3064 illas
1282 2994 1374 3065 vitae
1388 2995 1494 3085 leges,
1512 3011 1548 3067 et
1562 2997 1644 3068 illos
1654 2997 1840 3088 igniculos,
1863 2997 2169 3092 quietosteodrrt

145 3098 203 3170 bis
230 3120 251 3169 a
282 3111 409 3170 natura
440 3098 622 3191 proposita
647 3120 741 3185 esse,
781 3093 999 3191 deprehensa
1027 3120 1136 3189 erpo·
1186 3091 1333 3168 honesta
1361 3108 1397 3167 et
1422 3099 1614 3170 admouent
1643 3122 1783 3191 semper
1805 3122 1968 3192 praeesse
1987 3124 2123 3173 numen
2138 3110 2172 3175 el

143 3213 310 3287 suerunt,
336 3212 372 3271 et
393 3200 434 3271 iu
453 3199 574 3271 literas
596 3199 817 3286 retulerunt,
839 3212 881 3272 ιιι
896 3200 1136 3273 commoneia-
1186 3198 1382 3290 inspectare
1403 3199 1523 3270 omnia
1546 3195 1735 3272 homiuum
1755 3200 1905 3273 consilia
1925 3200 2096 3291 selaeu,
2112 3202 2171 3273 ds·

143 3314 264 3375 cereut
283 3323 364 3385 eos,
393 3300 459 3398 qui
477 3315 625 3396 propter
644 3298 896 3382 infirmitateml
909 3302 1134 3391 ingeniorum
1186 3323 1254 3395 que
1272 3300 1451 3373 sceleratis
1471 3302 1687 3395 supplicium
1708 3325 1849 3375 sumere
1869 3304 1997 3375 solere.
2049 3302 2172 3377 Panto

143 3419 206 3477 aut
230 3404 375 3490 aetatis,
407 3403 599 3477 autetiam
617 3404 874 3477 cousuetudine
896 3404 935 3474 in
957 3418 1011 3476 tot
1031 3404 1135 3473 malis
1185 3402 1318 3473 alicubi
1337 3394 1543 3474 huiusmodi
1561 3404 1753 3478 sententias
1768 3405 1953 3478 veritatem
1968 3401 2044 3477 Dei
2056 3404 2170 3499 adpel-

143 3506 314 3599 esemplis
334 3505 538 3599 depravati,
561 3529 706 3577 cernere
727 3506 798 3600 ipsi
821 3508 945 3577 eadem
960 3529 1035 3577 non
1052 3528 1136 3597 pos-
1185 3506 1254 3588 let,
1278 3528 1360 3575 cum
1380 3504 1488 3577 vellet
1507 3505 1706 3597 significare
1725 3501 1791 3578 bas
1809 3506 2002 3601 opiniones
2025 3532 2103 3579 nou
2115 3530 2167 3581 er·
2211 3514 2214 3551 ¹

143 3621 233 3681 seut.
283 3606 441 3680 Proinde
457 3607 507 3679 sic
519 3621 724 3693 statuemus,
748 3602 864 3678 nihilo
880 3608 1134 3678 minusdiviua
1186 3628 1267 3677 rore
1286 3606 1440 3701 quodam
1459 3631 1481 3678 a
1498 3608 1694 3680 maioribus
1709 3632 1774 3702 per
1786 3632 1914 3681 manus
1928 3610 2166 3697 mustias
2211 3660 2214 3691 ,

143 3722 328 3799 praecepta
350 3732 425 3779 esse
445 3731 488 3779 ea
508 3733 599 3803 quae
618 3731 641 3778 a
656 3730 764 3779 seusu
781 3708 963 3778 communi
980 3722 1015 3779 et
1030 3720 1135 3779 netu-
1185 3732 1252 3779 nec
1279 3722 1412 3779 temere
1437 3708 1494 3779 vel
1523 3708 1722 3802 obrepsisse
1749 3711 1872 3797 nobis,
1902 3711 1963 3782 vel
1986 3712 2028 3783 iu
2049 3710 2170 3783 auid

142 3834 205 3881 rae
223 3808 359 3881 iudicio
374 3810 526 3882 mutuati
541 3808 639 3881 docti
652 3803 815 3879 homines
829 3810 996 3899 gentiles,
1021 3809 1136 3882 literis
1185 3804 1348 3896 haerere,
1381 3810 1444 3881 sed
1471 3811 1562 3883 adeo
1584 3813 1766 3883 mentibus
1787 3811 1922 3885 nostris
1941 3812 2073 3887 infixas
2091 3832 2171 3901 etto

143 3913 379 3993 mandarunt,
405 3934 514 4006 quam
525 3935 617 4006 quse
630 3923 750 3983 estant
764 3912 804 3981 in
817 3910 904 4003 ipsis
913 3910 1025 3983 saxeis
1037 3908 1134 3982 Mosi
1185 3911 1254 3997 ita,
1277 3924 1317 3982 ut
1339 3911 1420 3983 eiici
1439 3926 1502 3985 aut
1521 3912 1601 3985 erui
1623 3915 1723 3985 nulla
1745 3912 1782 3984 ri
1801 3911 1951 4008 possint.
1999 3912 2083 4007 Ego
2096 3934 2170 3987 cn

143 4012 289 4089 tabulis,
337 4008 404 4085 Est
417 4012 514 4084 enim
526 4014 567 4084 in
584 4014 743 4085 coniesso
755 4008 933 4085 humanae
948 4012 1059 4085 menti
1074 4011 1133 4084 di·
1184 4014 1343 4107 expendo
1358 4014 1584 4086 autoritatem
1598 4009 1725 4089 harum
1739 4016 1869 4108 legum,
1892 4029 1929 4089 et
1944 4016 2169 4089 animadver-

143 4113 280 4185 rinitus
302 4112 497 4204 insculptas
515 4138 590 4187 esse
605 4116 775 4212 quasdam
792 4114 885 4206 leges
900 4117 944 4187 de
961 4116 1134 4201 moribus,
1185 4129 1243 4201 to,
1268 4139 1376 4210 quam
1397 4116 1561 4208 religiose
1579 4116 1651 4188 coli
1671 4140 1730 4190 ess
1749 4118 1853 4191 Deus
1874 4119 2052 4211 postulet,
2075 4142 2170 4191 ωη-

144 4215 266 4310 quales
283 4230 386 4288 suut:
411 4214 599 4289 Neminem
621 4218 834 4289 laedendum
848 4241 940 4305 esse;
965 4217 1135 4288 colendos
1184 4242 1331 4289 moveor
1345 4219 1522 4311 proiecto,
1550 4230 1587 4291 et
1600 4242 1722 4291 earum
1738 4218 2171 4314 scriptoribusmgises·
2212 4296 2214 4319 ἰ

144 4342 219 4389 esse
247 4331 426 4408 parentes;
460 4319 550 4390 bue
579 4321 798 4391 merentibus
828 4314 1029 4391 habendam
1060 4343 1135 4391 esse
1185 4319 1283 4413 pior;
1313 4342 1466 4410 agnosco
1485 4320 1582 4392 euim
1605 4338 1682 4393 nou
1701 4322 1780 4393 siue
1804 4336 1941 4405 mente,
1966 4334 2012 4397 ut
2030 4320 2096 4397 ille
2113 4320 2173 4409 ἡ.
2212 4324 2214 4331 ’

142 4419 309 4511 gratiam3
336 4418 602 4511 Magistratibus
616 4423 812 4515 parendum
826 4445 916 4509 esse;
941 4424 1135 4494 alendoset
1184 4422 1263 4494 sine
1283 4422 1431 4493 nurnine
1453 4422 1598 4510 divum,
1627 4416 1714 4495 baec
1735 4424 1784 4495 ab
1805 4422 1879 4495 illis
1899 4423 2008 4495 uobis
2029 4420 2173 4497 vird

143 4523 387 4594 defendendos
415 4544 489 4593 esse
516 4546 577 4595 eos
605 4524 669 4617 qui
690 4536 832 4595 nostrae
852 4523 935 4594 fidei
954 4522 1134 4595 commissi
1186 4538 1368 4617 praecepta
1391 4524 1520 4599 tradita
1543 4546 1630 4595 esse.
1694 4523 1817 4616 Quare
1835 4549 1912 4597 nou
1933 4524 2023 4599 satis
2042 4524 2174 4601 intrib-

144 4638 246 4712 sunt;
277 4635 378 4717 pacta
401 4626 576 4697 manda
599 4649 687 4715 esse.
750 4621 825 4696 Has
848 4650 929 4695 curn
952 4625 1031 4696 sani
1052 4624 1134 4717 qui·
1183 4639 1272 4717 gunt
1296 4621 1426 4698 horum
1448 4625 1661 4718 scriptorum
1677 4627 1845 4715 consilia,
1865 4626 2026 4724 qui-nun
2039 4624 2174 4725 perspi·

143 4725 229 4795 dam
254 4720 420 4796 homines
442 4720 680 4818 deprehensas
703 4726 925 4798 ostenderint
947 4727 1133 4821 imperitis,
1183 4727 1285 4799 ciunt
1306 4729 1404 4799 unde
1426 4740 1479 4798 tot
1497 4720 1645 4799 honesta
1662 4743 1866 4823 praecepta,
1889 4741 2174 4823 tuteraressn·

143 4824 305 4920 quidest
325 4850 480 4899 curuon
494 4841 709 4900 etrocemus
723 4828 864 4899 divinas
879 4828 992 4920 leges,
1018 4842 1054 4900 et
1069 4853 1133 4921 pa-
1185 4830 1316 4901 tentiae
1337 4829 1529 4903 manarint.
1578 4826 1634 4903 De
1655 4820 2174 4921 religione'stite'rdoeearasr

144 4950 286 4997 manus
314 4928 365 4998 eis
395 4942 566 5023 tanquam
593 4931 738 5001 divinae
764 4927 868 5003 voci?
916 4929 1041 5025 Neque
1071 4930 1133 5001 ille
1182 4926 1406 5003 Christianae
1434 4930 1577 5014 literae,
1607 4932 1671 5003 sed
1698 4932 1884 5004 decivilis
1908 4932 2005 5005 ritae
2025 4956 2174 5009 cuum

144 5028 221 5121 ipse
244 5029 405 5100 coelestis
426 5028 533 5103 Pater
552 5031 666 5123 pluris
688 5056 708 5103 a
730 5032 835 5103 nobis
859 5033 936 5103 lieri
958 5056 1017 5104 eas
1039 5030 1134 5123 leges
1183 5033 1328 5118 tudine,
1365 5033 1616 5106 communibus
1644 5046 1794 5106 naturae
1823 5036 2022 5129 praeceptis
2053 5056 2172 5131 parere

145 5129 260 5201 voluit
283 5154 371 5225 quas
392 5132 432 5202 iu
452 5155 537 5206 saro
560 5134 718 5227 scripsit,
742 5157 849 5229 quam
869 5158 958 5229 quas
979 5136 1017 5206 in
1036 5134 1133 5224 ipsos
1182 5158 1249 5205 nos
1261 5131 1426 5206 Christus
1439 5134 1571 5223 voluit3
1596 5157 1713 5231 neque
1727 5160 1811 5208 vero
1826 5132 1921 5207 nibil
1935 5140 1983 5210 ad
1995 5132 2171 5213 Christia-

144 5232 346 5303 animorum
371 5248 573 5307 nostrorum
595 5259 719 5308 senam
742 5236 983 5328 impresserat,
1025 5259 1134 5331 quas-
1180 5259 1271 5306 num
1294 5235 1449 5330 pertinet
1469 5236 1586 5307 civilis
1602 5237 1695 5308 vitae
1711 5240 1944 5311 cousuetudo.
1992 5236 2169 5313 Nuusufl

144 5356 231 5425 que,
262 5346 303 5405 ut
323 5331 455 5405 Paulus
482 5335 551 5424 ait,
579 5337 619 5409 in
642 5337 811 5409 cordibus
834 5332 1021 5410 hominum
1043 5336 1132 5409 scri·
1181 5337 1290 5428 igitur
1314 5339 1641 5432 praetermittenda,
1665 5339 1697 5409 si
1717 5364 1788 5435 qua
1810 5340 1908 5413 docti
1929 5352 1967 5413 et
1986 5342 2093 5435 periti
2106 5336 2166 5413 be-

143 5449 279 5525 pserat,
301 5437 347 5507 de
360 5436 492 5530 quibus
503 5436 556 5511 sic
568 5439 664 5513 inter
676 5464 715 5513 se
725 5462 852 5511 omnes
866 5436 1030 5514 homines
1044 5463 1131 5513 coo-
1180 5438 1296 5513 mines
1320 5466 1361 5513 ea
1382 5441 1427 5514 de
1448 5465 1488 5512 re
1507 5458 1737 5513 monuerunt.
1786 5440 1932 5515 Nullius
1948 5456 2068 5517 autem
2084 5439 2163 5515 Plri-
