4664 6022
143 320 223 399 sos
526 291 688 398 ouer.
719 318 795 395 nu
827 315 1034 395 meru:
1069 316 1240 395 aruo
1272 319 1493 396 narrar
1529 315 1684 397 oves
1716 340 1802 399 aaa.
2121 321 2198 399 sos

247 496 380 590 Magna
404 498 443 568 iu
464 497 634 570 omuibus
660 490 869 567 homiuibus
885 492 992 566 etiam
1008 493 1147 565 medio-
1195 520 1315 567 meum
1332 495 1506 582 servabit,
1530 508 1566 567 et
1580 508 1682 588 pater
1695 519 1798 568 meus
1812 494 1939 586 diliget
1961 519 2061 582 eum,
2087 512 2122 570 et
2138 521 2201 568 ee-

142 602 264 676 eribus
286 601 402 691 caligo
422 614 491 674 est:
515 623 591 671 nou
617 599 796 671 ceruimus
811 610 987 693 quantum
1008 597 1145 668 malum
1195 600 1335 670 niemus
1360 601 1404 668 ad
1430 622 1531 684 eom,
1563 611 1597 669 et
1618 600 1841 670 mansionem
1865 601 1960 690 apud
1984 621 2066 668 eum
2087 601 2198 671 sacie-

141 708 190 781 sit
212 719 413 799 peccatum,
439 728 506 775 nec
523 726 589 775 nos
608 703 704 798 ipsos
725 704 815 774 adeo
830 702 1004 794 flagitiose
1022 714 1142 772 conta·
1195 724 1284 774 mus.
1337 699 1405 772 His
1428 703 1587 773 immotis
1603 702 1838 775 oraculisfilii
1854 700 1921 774 Dei
1939 701 2111 773 adsentiri
2132 728 2221 795 ne·-

140 809 298 883 miuatos
330 831 403 879 esse
437 807 652 893 iudicamus,
690 807 796 877 nobis
829 804 897 898 ipsi
924 804 1145 891 blandimur,
1193 829 1287 877 cesse
1303 820 1364 877 est.
1418 803 1540 876 Necte
1555 808 1630 897 ipse
1645 831 1686 876 ex
1703 802 1771 877 hoc
1792 805 1911 877 foelici
1927 828 2031 896 grege
2047 818 2108 877 tua
2125 809 2195 877 du·

140 912 348 1008 praesertim
372 909 455 1005 quia
476 910 676 984 doctrinam
691 910 736 980 de
750 907 828 980 Deo
852 907 1035 1002 puriorem
1059 931 1145 1001 pro·
1192 909 1367 980 bitatione
1389 909 1586 995 excludito,
1612 934 1703 1004 quae
1729 909 1846 981 oritur
1860 933 1901 979 ex
1922 908 2055 981 iustitia
2070 905 2194 979 Erran-

140 1017 292 1088 litemur.
334 1013 471 1085 Interea
488 1016 602 1087 securi
618 1013 810 1095 stertimus,
836 1010 1065 1101 indulgemus
1080 1010 1142 1081 alii
1192 1012 1287 1104 gelii.
1335 1011 1417 1083 Non
1433 1026 1526 1085 recte
1540 1012 1749 1086 discernunt
1766 1014 1877 1105 legem
1895 1026 1928 1083 et
1943 1008 2193 1100 Evangelium,

140 1119 223 1192 aliis
244 1117 519 1211 cupiditatibus,
548 1142 624 1188 non
648 1115 836 1187 adficimur
850 1115 974 1185 dolore
998 1129 1143 1207 propter
1191 1116 1253 1211 qui
1278 1116 1434 1206 cogitant
1460 1139 1594 1187 senon
1616 1141 1814 1208 esseoves,
1839 1116 1922 1212 quia
1942 1117 2015 1186 sint
2037 1115 2190 1206 indigui.

140 1235 303 1294 nostram
320 1219 607 1301 immunditiem,
632 1232 777 1313 propter
789 1216 967 1290 Ecclesiae
984 1217 1141 1304 morbos,
1192 1215 1268 1289 lmo
1294 1216 1378 1290 haec
1399 1219 1595 1290 consolatio
1618 1221 1798 1314 proposita
1819 1233 1888 1305 est,
1914 1243 1980 1288 nos
2000 1240 2081 1287 vere
2103 1243 2190 1312 pro·

139 1339 287 1419 propter
308 1325 459 1394 fratrum
483 1346 686 1409 aerumnas,
722 1346 796 1392 non
820 1323 920 1393 ardet
950 1321 1141 1406 invocatio,
1191 1335 1269 1415 pter
1286 1322 1399 1393 lilium
1418 1319 1488 1393 Dei
1502 1323 1611 1414 gratis
1628 1324 1754 1417 recipi,
1780 1347 1855 1394 nou
1872 1337 2017 1416 propter
2033 1321 2189 1411 dignita-

137 1429 245 1519 friget
259 1451 341 1498 cura
358 1427 519 1496 discendi
533 1438 567 1496 et
583 1427 756 1516 regendae
772 1424 996 1517 disciplinae:
1024 1446 1140 1518 neque
1189 1442 1260 1499 tem
1277 1442 1448 1512 nostram,
1467 1428 1541 1497 sola
1557 1428 1638 1511 lide,
1665 1429 1747 1523 quia
1766 1451 1888 1497 sumus
1905 1425 2045 1515 indigni
2061 1438 2095 1496 et
2109 1448 2188 1496 sor·

138 1556 251 1628 pauca
267 1542 350 1601 sunt
363 1542 422 1600 tua
439 1541 473 1600 et
486 1553 563 1600 mea
581 1544 616 1600 et
630 1529 869 1622 plurimorum
886 1528 1040 1599 aliorum
1057 1551 1140 1620 pec·
1189 1529 1285 1611 didi,
1311 1543 1346 1600 et
1368 1531 1493 1622 procul
1518 1554 1538 1600 a
1561 1530 1775 1621 perfectione
1797 1530 1884 1620 legis
1906 1530 2085 1598 absumus.
2139 1525 2187 1599 Et

138 1648 235 1723 cata,
260 1647 406 1726 propter
422 1657 513 1727 quae
525 1632 630 1704 nobis
649 1656 783 1723 poenae
797 1631 1036 1703 cumulantur.
1187 1633 1377 1724 promissio
1403 1632 1617 1703 universalis
1652 1648 1722 1722 est,
1761 1647 1802 1704 ut
1830 1631 1949 1726 inquit
1981 1631 2077 1701 filius
2099 1626 2186 1701 Dei:

241 1735 442 1808 Flectamus
458 1735 567 1828 igitur
581 1736 721 1807 animos
736 1736 781 1806 ad
800 1734 1076 1828 poenitentiam,
1103 1747 1138 1806 et
1188 1733 1318 1807 Venite
1333 1738 1378 1806 ad
1393 1759 1449 1805 me
1465 1758 1600 1823 omnes,
1626 1738 1689 1831 qui
1706 1737 1875 1808 laboratis
1892 1749 1926 1805 et
1943 1734 2080 1803 onerati
2095 1733 2188 1819 estis,

138 1844 345 1915 intueamur
367 1840 480 1908 fitium
497 1836 582 1924 Dei,
615 1864 721 1933 quem
743 1838 979 1908 certissimum
1001 1837 1138 1909 estmi·
1187 1852 1221 1911 et
1240 1862 1304 1931 ego
1323 1839 1477 1909 reficiam
1496 1863 1570 1910 vos.

138 1946 252 2021 sando
277 1942 427 2014 consilio
449 1942 650 2015 divinitatis
672 1942 894 2036 pmpositum
916 1963 991 2011 esse
1016 1940 1137 2030 generi
1289 1941 1519 2014 severissime
1540 1942 1712 2036 praecipit
1733 1954 1899 2012 aeternus
1920 1955 2018 2033 pater
2027 1991 2040 2027 ,
2068 1939 2185 2011 audiri

140 2044 317 2134 humano,
343 2046 444 2118 utsit
461 2061 578 2118 custos
593 2060 626 2117 et
642 2058 803 2117 servator
820 2042 1000 2115 Ecclesiae
1015 2065 1110 2116 suae.
1186 2045 1318 2116 lilium:
1358 2060 1392 2117 et
1426 2046 1589 2117 omniurn
1623 2047 1794 2117 scelerum
1830 2046 2088 2116 atrocissimum
2125 2057 2188 2127 est,

240 2148 313 2222 Nec
331 2148 489 2222 miserias
506 2163 664 2232 nostras,
691 2172 755 2219 uec
771 2147 951 2241 pericula,
977 2170 1043 2215 nec
1059 2168 1137 2214 sac·
1186 2149 1368 2243 aspernari
1391 2148 1525 2229 filium,
1560 2173 1626 2220 nec
1649 2147 1820 2219 adsentiri
1845 2148 1922 2221 eius
1944 2148 2035 2224 voci.
2088 2144 2186 2218 Haec

136 2255 260 2331 vitiam
276 2249 451 2338 hostium,
476 2252 547 2323 nisi
564 2267 644 2346 post
658 2266 805 2324 eventus
821 2249 1057 2335 tristissimos,
1080 2271 1136 2318 sa·
1186 2252 1354 2322 omnibus
1376 2274 1479 2344 saepe
1494 2252 1719 2346 multumque
1741 2252 1928 2341 cogitanda
1947 2264 2050 2336 sunt,
2076 2263 2110 2342 et
2126 2274 2186 2320 ac-

136 2359 184 2429 tis
208 2359 404 2429 cernimus:
445 2357 507 2426 sed
536 2370 656 2428 tamen
681 2355 728 2426 ita
752 2354 962 2446 cogitemus,
995 2375 1137 2423 necesse
1185 2355 1439 2449 quiescendum
1455 2355 1560 2427 estin
1577 2351 1643 2426 hac
1661 2353 1944 2442 voluntateDei,
1969 2377 2076 2448 quam
2090 2352 2185 2423 lilius

137 2476 190 2533 est
205 2482 351 2551 magnas
371 2458 587 2528 calamitates
603 2480 693 2544 esse,
719 2471 754 2528 et
774 2452 990 2527 horrendam
1008 2469 1136 2549 poten·
1185 2458 1359 2551 patefecit.

137 2567 237 2648 tiam,
263 2575 297 2633 et
313 2559 447 2629 rabiem
464 2555 642 2645 hostium,
667 2585 748 2631 cum
763 2574 884 2632 tantus
898 2572 1015 2631 custos
1030 2559 1136 2628 nobis
1285 2557 1436 2631 Etiamsi
1459 2560 1497 2629 in
1521 2561 1631 2632 tantis
1651 2560 1767 2632 ruinis
1790 2560 1901 2633 multa
1920 2559 2034 2630 tristia
2050 2572 2185 2649 specta·

136 2669 241 2739 datus
257 2663 316 2748 sit,
343 2662 477 2734 scilicet
491 2662 586 2733 filius
600 2660 680 2737 Dei.
713 2662 783 2734 Hic
797 2688 877 2734 cum
895 2663 1000 2747 dicat,
1020 2660 1134 2732 Nemo
1186 2665 1264 2735 cula
1281 2664 1319 2733 in
1335 2666 1457 2735 oculos
1472 2664 1675 2751 incurrunt,
1698 2677 1732 2735 et
1748 2665 1922 2735 laceratur
1935 2658 2094 2734 Ecclesia
2109 2660 2185 2732 dis-

136 2767 250 2858 rapiet
280 2788 362 2835 oves
385 2786 480 2834 meas
510 2789 551 2834 ex
577 2766 745 2836 manibus
766 2766 870 2836 meis:
903 2766 1077 2856 significat
1097 2786 1134 2832 se
1185 2768 1286 2838 sidiis
1312 2781 1347 2838 et
1367 2768 1477 2853 odiis,
1510 2780 1546 2837 et
1568 2768 1699 2838 multae
1725 2769 1897 2838 accedunt
1916 2766 2128 2837 domesticae
2149 2778 2185 2834 et

135 2893 210 2939 uon
233 2867 392 2938 ociosum
415 2890 489 2936 esse
505 2878 736 2960 spectatorem
751 2883 955 2940 nostrarum
972 2866 1134 2937 miseria-
1184 2871 1348 2964 publicae
1370 2870 1605 2955 calamitates,
1632 2884 1750 2943 tamen
1772 2893 1847 2939 non
1869 2870 2044 2960 frangaris
2059 2869 2185 2960 despe-

134 2994 235 3056 rum,
267 2971 328 3039 sed
350 2993 477 3060 magua
501 2983 536 3041 et
556 2971 696 3041 assidua
718 2974 911 3042 certamina
934 2994 1020 3045 esse.
1072 2967 1134 3038 ln·
1184 2975 1339 3044 ratione:
1366 2975 1428 3043 sed
1444 2973 1534 3044 scias
1550 2987 1584 3044 te
1607 2969 1737 3044 habere
1763 2974 1944 3043 custodem
1962 2985 1997 3043 et
2019 2971 2185 3063 defenso·

133 3075 256 3145 cendit
275 3072 440 3144 diabolus
462 3072 582 3167 aliqua
605 3095 667 3144 sua
690 3097 840 3166 organa,
871 3087 913 3143 ut
933 3067 1134 3144 distrahant
1184 3100 1259 3147 rem
1279 3075 1391 3145 tilium
1409 3072 1496 3161 Dei,
1521 3077 1583 3170 qui
1601 3100 1676 3148 non
1689 3073 1903 3157 Ecclesiam,
1929 3099 2003 3146 non
2026 3087 2081 3165 te,
2108 3094 2184 3144 nou

132 3173 351 3263 Ecclesiam,
384 3189 444 3247 aut
464 3174 667 3246 societatem
689 3177 890 3272 politicam,
921 3188 964 3246 ut
980 3197 1135 3269 sequan-
1184 3192 1281 3249 tuam
1299 3178 1529 3248 domesticam
1550 3174 1745 3250 Ecclesiam
1770 3202 1811 3248 ex
1837 3179 2002 3249 manibus
2018 3178 2091 3249 suis
2107 3176 2184 3247 ullo

133 3294 195 3354 tur
209 3279 370 3350 infinitae
391 3278 636 3366 confusiones,
662 3295 697 3351 et
710 3279 841 3351 deinde
856 3277 1001 3349 vastitas
1014 3272 1134 3350 ethni·
1184 3280 1319 3353 diaboli
1334 3280 1458 3352 furore
1472 3281 1548 3376 rapi
1567 3283 1731 3376 patietur.

133 3408 192 3455 ca:
219 3385 280 3453 sed
308 3381 402 3453 lilius
416 3378 483 3452 Dei
508 3382 609 3477 quasi
635 3381 674 3452 in
690 3383 857 3453 manibus
877 3381 1035 3453 retinens
1052 3405 1133 3451 coe-
1286 3384 1465 3475 Coniugio
1490 3385 1600 3476 igitur
1625 3399 1700 3456 toto
1729 3399 1870 3479 pectore
1893 3385 1937 3455 ad
1966 3383 2080 3454 filium
2104 3378 2184 3467 Dei,

136 3483 549 3580 tumaquoinvocatur,
574 3507 638 3556 sua
654 3484 826 3585 imspensa
845 3485 1002 3579 potentia
1018 3484 1133 3575 repri-
1184 3488 1383 3559 Dominum
1413 3483 1574 3558 nostrum
1601 3486 1716 3558 lesum
1738 3484 1943 3569 Christum,
1976 3486 2183 3557 crucifixum

133 3591 202 3665 suit
222 3587 403 3673 diabolos,
439 3600 475 3660 et
500 3587 706 3680 profligatos
727 3590 895 3682 depellit,
928 3599 963 3658 et
989 3590 1133 3660 tandem
1185 3616 1250 3684 pro
1266 3591 1372 3660 uobis
1385 3604 1419 3661 et
1434 3592 1691 3674 resuscitatum,
1717 3605 1753 3663 et
1764 3594 1944 3662 sedentem
1960 3592 2004 3659 ad
2021 3591 2181 3660 dextram

132 3705 288 3765 tartareo
311 3691 442 3762 carceri
466 3691 624 3764 inclusos
645 3692 684 3761 in
708 3692 809 3764 omui
824 3691 1032 3766 aeternitate
1047 3686 1134 3762 hor·
1184 3695 1319 3765 aeterni
1344 3693 1474 3786 patris,
1505 3706 1545 3764 ut
1568 3695 1661 3763 dona
1685 3694 1746 3767 det
1768 3690 1994 3765 hominibus:
2029 3713 2182 3785 eumque

131 3796 257 3868 rendis
273 3793 461 3890 suppliciis
475 3792 627 3871 adficiet
1183 3822 1269 3883 oro,
1295 3811 1337 3868 ut
1361 3790 1425 3866 has
1440 3792 1671 3889 Ecclesiolas,
1696 3809 1731 3869 et
1753 3823 1809 3872 me
1832 3798 1870 3868 in
1895 3796 1946 3867 eis
1968 3806 2128 3891 protegat
2147 3804 2183 3864 et

236 3897 341 3969 Hauc
357 3897 636 3968 consolationem
648 3910 684 3971 et
697 3897 742 3970 de
754 3897 938 3970 communi
953 3893 1133 3970 Ecclesiae
1183 3901 1369 3993 gubernet.

132 4014 256 4087 coetu,
279 4013 316 4073 et
334 4001 380 4071 de
393 3998 499 4072 nobis
515 4000 620 4093 ipsis,
644 4000 779 4095 singuli
793 4015 988 4075 teneamus.
1286 3999 1405 4075 Aliam
1429 4002 1711 4075 consolationem
1737 4004 1876 4075 firmam
1898 4005 1936 4073 in
1961 4014 2062 4074 tanto
2084 3999 2184 4072 orbis

233 4102 327 4177 Cum
342 4098 452 4175 iubis
467 4104 656 4175 discordiis
678 4118 714 4176 et
739 4106 844 4177 bellis
865 4104 1083 4196 conflagrare
1098 4116 1134 4176 et
1183 4121 1359 4179 terrarum
1380 4105 1547 4179 incendio
1570 4108 1707 4179 nullam
1725 4106 1841 4182 video.
1894 4103 1969 4178 Alii
1994 4105 2082 4176 alias
2103 4125 2183 4199 spes

130 4230 236 4280 ruere
256 4207 405 4299 imperia
420 4206 601 4288 videmus,
628 4205 799 4279 intuearis
822 4208 936 4279 tilium
953 4204 1020 4279 Dei
1035 4221 1136 4278 stan·
1184 4205 1339 4296 habeut,
1372 4223 1407 4282 et
1430 4210 1500 4281 alia
1524 4210 1698 4303 praesidia
1725 4224 1844 4282 mente
1864 4222 2057 4309 quaerunt:
2092 4229 2183 4303 quae

131 4324 203 4384 tem
218 4310 257 4380 in
276 4334 406 4381 arcasm
421 4309 572 4381 consilio
587 4309 808 4398 divinitatis,
833 4325 867 4384 et
889 4323 1132 4404 protegentem
1183 4313 1445 4409 qualiacunque
1459 4326 1576 4399 erunt,
1594 4327 1713 4385 tamen
1729 4308 1817 4384 haec
1832 4313 2028 4386 consolatio
2043 4308 2184 4395 rectior,

131 4436 196 4485 sus
219 4412 379 4505 agmina,
405 4426 440 4486 et
455 4413 554 4485 velut
575 4413 744 4485 manibus
763 4427 959 4507 gestantem
973 4413 1134 4486 infirmas
1182 4429 1218 4487 et
1240 4411 1337 4486 haud
1363 4414 1472 4487 dubie
1495 4416 1672 4488 ellicacior
1691 4429 1761 4503 est,
1792 4418 1983 4508 confugere
2004 4416 2049 4486 ad
2067 4410 2183 4484 tilium

130 4516 303 4594 oriculas.
363 4514 423 4588 Ab
444 4511 514 4588 hoc
537 4528 670 4588 statuas
692 4528 728 4587 te
761 4541 905 4614 quoque
933 4516 1073 4611 protegi
1099 4529 1133 4588 et
1182 4515 1269 4605 Dei,
1302 4530 1337 4590 et
1360 4521 1406 4590 ab
1428 4518 1507 4613 ipso
1529 4534 1649 4612 petere
1671 4532 1706 4591 et
1734 4532 1918 4614 expectare
1946 4518 2119 4590 auxilium
2146 4525 2182 4586 et

132 4621 281 4695 servari.
1182 4620 1443 4696 liberationem.

234 4721 306 4795 Sed
323 4721 469 4817 quidam
484 4746 559 4793 non
575 4734 670 4794 recte
684 4719 842 4796 instituti
858 4718 918 4794 hic
933 4722 1134 4793 vociterau-
1283 4723 1357 4795 Nec
1373 4739 1478 4797 eruut
1495 4723 1597 4797 irrita
1619 4719 1707 4795 haec
1724 4737 1817 4796 vota.
1873 4722 1957 4795 ldeo
1973 4722 2069 4794 enim
2084 4734 2181 4794 santa

130 4840 202 4900 tur.
237 4821 406 4920 Optarim
421 4825 567 4919 quidem
585 4838 685 4897 tanto
699 4849 757 4895 me
772 4827 911 4898 custodi
929 4849 1034 4897 curae
1047 4848 1134 4917 esse,
1183 4825 1278 4896 mole
1293 4828 1534 4919 periculorum
1556 4829 1694 4899 onerati
1709 4851 1850 4909 sumus,
1876 4840 1917 4899 ut
1932 4849 2013 4897 cum
2035 4822 2183 4897 inextri-

131 4930 194 5000 sed
216 4950 297 4999 suas
319 4928 382 4999 ille
406 4951 490 4999 oves
508 4941 640 5001 tuetur.
693 4925 772 5021 Ego
789 4953 836 4999 an
853 4923 938 5000 huic
954 4928 1052 5021 gregi
1068 4952 1134 4999 an·
1183 4929 1311 5000 csbilia
1340 4927 1507 5002 humanis
1538 4932 1697 5001 consiliis
1727 4931 1913 5017 accidunt,
1952 4950 2182 5021 agnoscamus

128 5030 478 5116 numerandussim,
504 5033 635 5107 nescio.
1184 5032 1392 5103 immensam
1407 5030 1475 5104 Dei
1490 5034 1685 5106 bonitatem
1701 5047 1735 5103 et
1750 5035 1998 5125 praesentiam,
2025 5031 2086 5126 qui
2099 5052 2186 5121 pro·

234 5133 330 5207 Huic
365 5134 581 5206 dubitationi
611 5133 897 5206 constantissime
929 5156 1134 5226 repugnan-
1184 5148 1263 5228 pter
1276 5135 1390 5206 tilium
1408 5150 1443 5207 et
1458 5160 1523 5229 per
1535 5136 1648 5207 filium
1666 5136 1992 5229 nobisopitulatur.
2042 5130 2132 5203 Vult
2148 5156 2184 5202 se

128 5242 218 5313 dum
242 5252 304 5313 est.
355 5235 446 5307 Nam
472 5237 547 5330 ipse
562 5239 731 5310 dominus
753 5240 792 5308 in
813 5239 937 5307 eadem
960 5237 1133 5308 concione
1184 5238 1340 5331 conspici
1362 5236 1461 5310 Deus
1484 5240 1522 5309 in
1550 5239 1682 5310 talibus
1706 5239 1999 5322 liberationibus,
2031 5237 2121 5307 sicut
2145 5235 2186 5305 in

129 5330 315 5425 adfirmat,
346 5340 529 5411 nominari
563 5363 665 5423 oves,
701 5353 876 5437 quotquot
913 5339 1068 5412 audiunt
1099 5353 1133 5410 et
1183 5340 1398 5413 liberatione
1416 5343 1617 5436 primorum
1635 5356 1833 5434 parentum,
1859 5342 1921 5437 qui
1938 5353 2018 5434 post
2033 5341 2187 5433 lapsum,

128 5446 199 5519 lide
223 5444 488 5536 amplectuntur
509 5469 631 5514 vocem
647 5440 856 5535 Evangelii,
883 5443 975 5523 sicut
993 5456 1027 5513 et
1043 5442 1129 5513 alibi
1183 5467 1265 5515 cum
1287 5446 1333 5516 ab
1354 5446 1523 5517 omuibus
1547 5446 1718 5515 creaturis
1737 5445 1866 5515 deserti
1884 5455 2022 5534 essent,
2048 5453 2186 5513 tautum

129 5570 288 5642 expresse
314 5546 465 5618 dicitur:
499 5544 543 5619 Si
572 5547 652 5643 quis
673 5548 794 5641 diligit
819 5570 898 5640 me,
931 5568 1131 5619 mmonem
1184 5545 1310 5619 diviua
1329 5572 1398 5643 ope
1420 5547 1578 5622 restituti
1599 5560 1697 5619 sunt.
1749 5546 1802 5619 lta
1823 5558 1961 5653 servata
1984 5559 2037 5619 est
2051 5543 2187 5617 familia
