4664 6022
273 285 322 358 ll)
679 279 846 357 Micia
874 279 957 355 DE
988 279 1414 406 constantinis
1444 279 1626 358 ADOL.
1656 281 1913 360 smmis
2252 289 2305 360 ω

272 458 456 543 lecticam,
489 458 553 529 alii
584 453 817 530 Rhetoricam
852 469 998 527 vocant:
1048 454 1270 528 Nominibus
1321 457 1427 543 bant,
1462 455 1622 526 studium
1660 455 1776 526 rideri
1811 457 2072 529 marmium
2108 459 2306 536 literarum.

272 562 372 631 euim
389 563 530 633 variant
545 561 736 645 authores,
757 585 872 654 quum
887 563 1085 630 arsesdeni
1102 561 1160 631 sit.
1200 559 1269 655 At-
1320 556 1500 654 Equidem
1521 559 1661 652 aliquot
1684 560 1773 627 novi
1791 561 1879 630 recti
1894 560 2020 630 iudicii
2033 563 2151 646 siros,
2171 563 2306 656 quibus

272 688 345 758 que
366 659 427 735 hie
448 658 605 734 docendi
626 669 716 735 ordo
729 665 914 757 quondam
929 663 1017 747 fuit,
1042 688 1155 757 quum
1169 663 1269 752 vige-
1319 687 1403 731 enni
1415 685 1520 752 saepe
1537 684 1615 730 reni
1635 664 1784 730 crudem
1798 663 1955 742 contuli,
1980 688 2146 754 prorsum
2164 681 2305 736 nostrae

274 779 358 837 rent
378 763 498 838 adhuc
529 768 672 853 literae,
707 769 825 836 donee
847 766 889 834 in
910 766 1069 836 bullatos
1092 769 1268 859 quosdam
1317 765 1529 845 sententiae,
1555 765 1725 832 omnibns
1739 762 1884 833 calculis
1898 765 2164 857 adstipulantes.
2204 768 2306 837 Aini-

276 869 469 959 Magistros
491 871 705 950 incidimus,
737 869 801 962 qni
822 869 921 938 scitis
943 892 1014 962 qna
1040 869 1138 937 mole
1168 892 1268 938 coin-
1318 891 1384 936 cos
1396 862 1486 934 milii
1502 865 1681 958 quispiam
1701 880 1843 936 estnon
1858 868 2032 957 vulgaris,
2056 871 2124 938 snb
2138 894 2210 962 qno
2229 870 2307 960 pri·

275 973 534 1043 menteriorum
555 970 798 1043 Grammatico
823 971 981 1064 primum
1004 985 1268 1063 oppresserant.
1320 993 1419 1039 muni
1435 993 1526 1061 pner
1541 981 1767 1059 praeceptore
1789 970 1826 1035 in
1842 968 1971 1040 Suevis
1984 969 2193 1062 Tnbingae,
2215 969 2307 1042 Dia-

274 1074 345 1148 Sed
365 1078 511 1171 quando
534 1102 574 1147 ea
600 1077 826 1157 revixerunt,
850 1075 896 1143 de
917 1072 1122 1143 Dialecticis
1145 1075 1268 1142 videa-
1321 1070 1456 1142 lecticis
1473 1071 1589 1139 merui
1603 1094 1740 1139 anunm
1755 1095 1868 1140 onum
1884 1086 1946 1142 ant
1958 1072 2121 1157 alterurn,
2133 1069 2306 1145 hactenns

244 1184 246 1189 ’
274 1203 377 1261 iniis,
402 1203 494 1273 quae
515 1175 634 1249 adhuc
647 1203 689 1248 ex
705 1175 923 1258 Tortoretis,
947 1173 1089 1256 Bricot,
1115 1174 1266 1245 Perrer-
1320 1174 1482 1243 utfratre
1494 1197 1634 1264 semper
1649 1168 2205 1258 familiariss.usns,Fraiiciscus
2213 1172 2306 1247 Sia-

272 1308 373 1365 sore,
395 1278 537 1367 Eekiis,
561 1276 751 1372 Copulatis
762 1280 890 1349 bursae
905 1278 1057 1362 montis,
1079 1274 1268 1348 Exercitiis
1320 1271 1479 1358 disum,
1500 1276 1702 1344 eruditione
1718 1300 1759 1344 ac
1777 1276 1870 1344 vitae
1885 1300 2014 1365 genere
2035 1278 2118 1362 tali,
2141 1294 2182 1348 iit
2197 1304 2218 1348 a
2236 1281 2306 1349 bu-

274 1386 428 1459 taurinis
445 1399 479 1457 et
493 1383 652 1464 caninis,
679 1396 713 1452 et
731 1381 812 1449 aliis
828 1377 936 1451 buius
953 1381 1089 1450 farinae
1104 1382 1268 1471 petimus.
1320 1379 1378 1446 riis
1391 1403 1433 1446 ac
1446 1379 1561 1447 doctis
1574 1377 1744 1446 omnibns
1761 1379 1923 1446 certatim
1933 1379 2034 1468 diligi
2047 1395 2243 1450 mereatur:
2272 1380 2307 1451 li

275 1488 377 1563 Licet
399 1483 466 1558 hac
489 1500 588 1578 parte
611 1479 702 1553 mihi
727 1483 877 1553 liberius
893 1505 1014 1572 agere,
1036 1506 1121 1551 nam
1145 1495 1183 1552 et
1205 1482 1268 1550 iis-
1320 1479 1508 1573 Analytica
1535 1479 1731 1570 posteriora
1746 1479 1918 1550 Suevicae
1933 1481 2112 1551 iuventuti
2132 1508 2229 1552 anno
2244 1508 2306 1554 su-

275 1596 358 1663 dem
386 1612 450 1681 ego
473 1611 588 1658 annos
611 1588 683 1657 iam
707 1607 767 1655 sex
790 1599 980 1678 perpetuos
1004 1609 1094 1675 pene
1117 1586 1268 1654 detritus
1321 1583 1459 1673 periore
1485 1583 1746 1671 praelectnrns,
1770 1607 1791 1649 a
1816 1584 1924 1650 nobis
1938 1576 2129 1654 Themistii
2151 1587 2306 1667 libellos,

276 1716 370 1763 siim.
423 1687 469 1763 Et
491 1716 603 1784 quom
628 1712 702 1758 rein
724 1689 836 1779 probe
868 1688 1074 1757 meditatam
1105 1681 1269 1770 habeam,
1319 1684 1555 1779 qnosLatine
1573 1679 1729 1755 reddidit
1743 1680 2135 1776 Hermolaus,acocpit.
2164 1687 2307 1758 Addidi

276 1819 350 1865 non
368 1793 436 1866 erit
453 1793 598 1864 difficile
617 1785 707 1861 milii
731 1790 895 1858 suiseam
912 1788 1094 1859 coloribus
1112 1791 1269 1880 pingere,
1320 1788 1495 1881 quaedam
1520 1811 1540 1854 e
1570 1780 1774 1874 Philopono
1800 1786 2031 1879 transcripta,
2063 1813 2180 1882 neque
2208 1792 2306 1859 enim

276 1921 316 1969 ac
345 1897 550 1980 declarare,
590 1918 663 1964 uon
698 1916 772 1961 esse
806 1887 1039 1976 διαλεκτικὰ,
1082 1915 1175 1984 qnae
1208 1892 1267 1960 isti
1320 1888 1458 1959 Graeca
1480 1888 1601 1957 omnia
1624 1890 1709 1957 satis
1729 1882 1819 1956 mibi
1850 1891 2058 1980 probantur.
2117 1891 2305 1962 Admonui

276 1999 435 2081 amussi,
464 1997 626 2068 inscitiae
642 1993 809 2083 Magistri
831 1995 1053 2085 profitentur.
1105 1992 1267 2062 Primum
1321 1993 1467 2082 insuper
1483 1991 1558 2060 illic
1572 1991 1618 2060 ab
1632 1990 1825 2060 Aristotele
1842 1989 2036 2062 Rhetorica
2048 1993 2183 2066 doceri.
2234 1992 2302 2064 Ie

275 2096 480 2181 Dialectico,
495 2100 630 2181 utdixi,
645 2093 1018 2188 methodusquaedam
1035 2109 1088 2164 est
1104 2096 1267 2164 omnium
1319 2095 1392 2184 git,
1416 2095 1631 2185 relegitque,
1657 2107 1692 2162 et
1717 2117 1791 2185 qno
1813 2106 1867 2162 est
1891 2094 2044 2176 iudicio,
2068 2096 2237 2186 protinus
2259 2097 2302 2165 ad

276 2202 525 2297 quaestionum
544 2199 832 2292 compendiaria,
847 2191 1088 2290 ilicoaeqriaeijre
1102 2193 1168 2266 riui
1181 2192 1267 2268 dio·
1319 2220 1465 2287 scopum
1481 2195 1638 2263 advortit
1652 2195 1833 2277 animuin,
1854 2195 1908 2263 ibi
1931 2221 1972 2264 re
1989 2199 2132 2286 penitus
2153 2199 2306 2287 cognita,

276 2297 436 2399 κριτικήτ
473 2327 543 2398 qua
566 2314 704 2373 constat
724 2303 816 2371 ordo
844 2314 880 2370 et
900 2300 1073 2368 iudiciuin
1094 2299 1267 2391 cuiusque
1320 2313 1356 2369 et
1381 2322 1445 2388 pro
1468 2297 1660 2365 foelicitate
1681 2297 1817 2385 ingenii
1839 2298 1896 2366 sni
1922 2313 2025 2368 aucta
2048 2301 2307 2394 illustrataque,

277 2407 577 2484 reitrsctoiiilsie,
617 2419 658 2475 ut
687 2404 726 2472 in
750 2424 894 2495 quoque
926 2402 1129 2483 videamus,
1165 2403 1268 2494 qiiid,
1320 2415 1374 2471 tot
1386 2399 2230 2489 notabilibus,acceptionibus,distinctionibus
2244 2427 2306 2471 ex-

277 2521 471 2603 qiiaiitom,
500 2505 624 2599 quale,
651 2527 761 2598 quor,
793 2503 993 2594 quomodo:
1045 2501 1087 2572 Si
1118 2501 1267 2595 simplex
1320 2500 1536 2583 auctoratis,
1551 2524 1690 2570 cauum
1704 2503 1896 2591 integram,
1911 2503 2021 2573 veluti
2036 2505 2304 2597 recuperatorio

277 2610 340 2692 sit,
365 2609 420 2679 sin
443 2608 687 2700 complexum,
712 2629 837 2674 verum
854 2627 961 2673 nean
981 2603 1122 2673 ialsnin.
1170 2604 1268 2676 Sim·
1319 2603 1453 2674 indieio
1476 2604 1652 2684 restituit,
1686 2597 1827 2672 scholae
1856 2605 2065 2696 simpliciter
2088 2632 2129 2678 ac
2152 2608 2306 2677 candide

277 2709 425 2805 plicitim
466 2709 690 2791 discrimina,
735 2707 969 2799 notionesque
999 2707 1061 2777 isti
1093 2730 1159 2798 per
1189 2706 1267 2777 loca
1319 2730 1492 2776 sunimam
1505 2705 1558 2773 rei
1572 2700 1734 2799 τὸᾶλφα
1751 2702 1815 2776 καὶ
1829 2731 1861 2775 co
1876 2709 2087 2778 traditurus.
2138 2704 2197 2780 Ad
2217 2705 2305 2779 baec

278 2824 376 2885 sonti
392 2812 464 2883 situ
480 2824 631 2901 cogunt,
650 2823 861 2902 noctemque
878 2809 1107 2898 profundam.
1156 2806 1267 2879 Com·
1317 2808 1412 2878 male
1424 2820 1585 2896 precatus
1599 2808 1722 2895 nugis,
1740 2810 2193 2896 obnixeamecontendit,
2219 2810 2311 2888 Ari-⁴

279 2914 464 3007 plosoriiin
498 2911 702 2990 doctrinae,
747 2933 835 3003 quas
870 2902 1038 2980 tenebras
1069 2935 1145 2980 non
1173 2912 1268 2980 offo·
1319 2911 1437 2982 stoteli
1463 2911 1648 3001 purgando
1663 2910 1776 2978 socias
1790 2934 1918 2980 manns
1938 2914 2146 2983 adiicerem:
2180 2911 2304 2983 Cona-

278 3018 408 3087 ilsruiit
431 3013 604 3105 argutiis?
654 3010 788 3101 Quales
822 3024 923 3080 sunt:
961 3008 1089 3081 Genus
1113 3026 1167 3083 est
1187 3036 1267 3103 spe·
1319 3030 1440 3084 turum
1465 3013 1587 3080 omnia
1610 3036 1684 3081 sese
1705 3037 1771 3103 pro
1795 3015 1953 3098 viribus,
1990 3017 2045 3086 uti
2074 3017 2206 3087 artium
2232 3017 2303 3084 ele-

277 3117 370 3201 ciss,
415 3114 548 3187 Nullus
586 3128 621 3184 et
653 3138 760 3184 nenio
795 3115 963 3183 mordent
1002 3137 1039 3182 se
1078 3115 1116 3181 in
1150 3139 1268 3199 sicco,
1319 3128 1437 3183 menta
1451 3114 1609 3183 vindicta
1624 3113 1866 3184 Barbaroroni
1888 3115 2139 3192 liberarentur.
2187 3117 2302 3187 Primi

278 3214 423 3289 Parisiis
445 3231 479 3289 et
501 3214 641 3289 Romae
664 3217 835 3285 venditor
858 3214 969 3306 piper.
1028 3212 1165 3286 Arcent
1188 3217 1267 3285 foro
1319 3216 1476 3285 nominis
1489 3217 1625 3302 studia,
1650 3219 1852 3287 asordibus
1869 3218 1978 3311 recipi
1996 3245 2069 3290 non
2085 3243 2205 3312 posse,
2231 3218 2300 3290 nisi

278 3342 343 3393 suo
379 3343 469 3417 qiiae
503 3343 580 3388 non
612 3331 861 3411 assequuntur.
922 3315 1074 3386 Librum
1106 3342 1268 3415 κατηγο·
1320 3319 1476 3412 purgatis
1492 3318 1752 3390 adolescentiae
1767 3319 1991 3395 rudimentis.
2045 3321 2084 3391 ld
2099 3324 2173 3392 sere
2188 3345 2300 3415 queri-

279 3415 373 3519 (iioiv
388 3422 490 3493 aiunt
505 3417 721 3492 Dialecticae
736 3418 870 3489 tabulis
885 3441 961 3487 uon
980 3419 1136 3503 censeri,
1156 3445 1266 3513 quum
1318 3446 1387 3514 que
1403 3422 1441 3489 in
1455 3423 1602 3489 summis
1618 3445 1741 3510 posse,
1768 3422 1865 3515 qood
1891 3422 1930 3489 in
1947 3423 2081 3493 infimis
2097 3425 2300 3495 assueverit.

279 3525 363 3595 iride
381 3546 488 3594 omne
501 3525 690 3594 artificium
706 3521 929 3602 inveniendi,
942 3543 1007 3588 ceu
1019 3544 1040 3588 e
1054 3521 1153 3590 sonte
1167 3522 1266 3606 fluat,
1321 3523 1362 3592 ln
1377 3546 1534 3606 summa,
1558 3524 1679 3591 omnia
1702 3525 1771 3593 sibi
1794 3527 1840 3593 de
1857 3527 2110 3617 grandioribus
2129 3526 2302 3616 polliceri,

279 3637 313 3697 st
328 3617 548 3722 κατηγορίαι
561 3648 635 3692 non
652 3623 725 3690 sint
742 3623 810 3689 uisi
819 3616 986 3712 μέθοδος
993 3623 1166 3714 quaedam
1181 3624 1266 3691 sim-
1317 3626 1348 3693 si
1365 3625 1577 3693 exercendae
1594 3625 1759 3696 iuventae
1774 3626 1865 3697 ratio
1880 3628 2009 3697 melior
2025 3627 2190 3701 iniretur.
2218 3627 2302 3698 Pla-

279 3726 438 3819 pliciiiiii.
497 3721 548 3794 Et
569 3720 627 3792 hic
656 3735 882 3810 argutantur:
916 3720 1011 3791 Num
1032 3723 1172 3813 singula
1207 3747 1268 3815 ge-
1317 3726 1393 3796 cuit
1406 3726 1512 3794 amici
1526 3728 1736 3811 consilinm,
1760 3744 1796 3799 et
1813 3729 2000 3818 negocium
2017 3755 2088 3801 ona
2103 3731 2301 3802 literarium

279 3850 363 3898 nera
382 3825 583 3915 generaliss.
600 3821 808 3919 realiter(ut
823 3824 1188 3920 vocant)discrepeot,
1211 3840 1266 3897 at·
1317 3827 1552 3918 suscepimus,
1577 3825 1639 3898 Dii
1655 3829 1790 3924 reliqua
1809 3833 2015 3906 secundent.
2053 3832 2301 3926 Nuncquaeso

279 3953 347 4023 qiie
363 3930 407 3997 de
427 3951 469 3996 eo
488 3928 650 3996 nondum
674 3926 770 3994 inter
785 3923 957 3996 Scotistas
975 3925 1070 4016 ipsos
1087 3929 1266 4009 convenit,
1317 3953 1381 3997 vos
1403 3930 1528 4022 quanti
1560 3931 1675 4002 facitis
1699 3927 1808 4003 huius
1829 3935 1899 4003 viri
1922 3934 2116 4018 indicium,
2147 3959 2229 4004 cuin
2263 3935 2302 4002 iu

278 4028 393 4100 multo
415 4027 535 4098 minus
559 4053 641 4098 cum
661 4027 827 4096 factionis
854 4027 1016 4096 diversae
1045 4029 1266 4101 nominibus.
1318 4032 1398 4100 aliis
1415 4023 1674 4123 disciplinisori
1691 4032 1904 4134 παρέργως,
1930 4049 2008 4106 turn
2030 4038 2069 4108 in
2092 4032 2302 4125 horgenere

280 4129 467 4224 Anslytics
491 4130 706 4219 posteriora,
730 4152 814 4197 cuni
830 4129 903 4199 sint
918 4129 1132 4220 disponendi
1147 4132 1267 4218 series,
1316 4158 1456 4204 summa
1473 4159 1554 4204 com
1578 4138 1683 4207 laude
1710 4162 1826 4208 anuos
1846 4141 1978 4231 opinor
2004 4142 2124 4210 decem
2148 4138 2302 4209 versati?

280 4255 319 4301 ac
334 4228 853 4322 utSimpliciusPeripateticns
868 4230 937 4310 ait,
963 4255 1079 4300 canon
1094 4256 1265 4303 acamns-
1316 4232 1396 4305 Hoc
1415 4258 1518 4326 egero
1541 4240 1723 4310 vobiscum
1746 4254 1851 4329 teste,
1875 4258 1981 4336 atque
2002 4267 2045 4312 eo
2066 4266 2151 4312 sane
2174 4242 2303 4324 iurato,

280 4333 329 4401 sis
343 4331 551 4401 artificiosae
566 4331 819 4422 disputationis
835 4326 1181 4428 interMetapbysica
1199 4361 1266 4405 no-
1317 4362 1391 4407 non
1410 4361 1485 4408 esse
1506 4340 1546 4408 in
1566 4336 1623 4411 his
1637 4341 1791 4431 vulgatis
1810 4345 2011 4424 stromatis,
2038 4347 2134 4438 quod
2154 4341 2301 4433 probari

279 4433 343 4505 stri
364 4431 581 4517 retulerunt,
616 4456 745 4524 nempe
771 4457 844 4526 quo
864 4456 939 4503 rem
964 4458 1028 4526 per
1045 4457 1083 4504 se
1103 4459 1178 4506 non
1201 4440 1265 4507 ad·
1314 4440 1482 4534 cuiquam
1504 4457 1644 4533 praeter
1660 4461 1865 4532 personatos
1881 4449 2054 4541 quosdam
2076 4446 2301 4538 professores,

278 4535 426 4605 modum
442 4532 641 4614 difficilem,
666 4557 708 4602 ac
722 4535 813 4604 mire
828 4535 953 4605 utilem
968 4537 1096 4606 studiis
1119 4533 1265 4612 honeste
1315 4539 1667 4640 γαλλούςμᾶλλυνῆ
1679 4543 1927 4645 φιλοσόφως,
1954 4563 2071 4643 queat.
2109 4546 2220 4620 lratas
2235 4543 2301 4617 ba-

278 4633 491 4717 fflfflssdi‘,
532 4648 568 4704 ²¹
600 4633 783 4704 dlffitflem
808 4648 843 4706 tl
874 4637 1037 4707 inutilem
1065 4641 1265 4717 redderent.
1316 4646 1417 4714 bearn
1428 4645 1571 4733 Musas,
1595 4651 1634 4717 ni
1648 4645 1734 4720 haec
1750 4653 1797 4721 ita
1812 4655 1999 4737 damnem,
2023 4667 2066 4723 nt
2079 4675 2144 4744 pro
2158 4651 2212 4721 eis
2225 4674 2301 4718 me·

279 4732 440 4805 Hoccine
464 4746 516 4802 est
548 4735 637 4805 illud
662 4737 791 4806 docere
813 4741 911 4831 qnod
945 4739 1100 4811 iactant?
1149 4739 1265 4817 Haec-
1316 4747 1406 4817 liora
1424 4749 1677 4844 foelicioraque
1693 4778 1756 4823 vos
1772 4755 1940 4847 amplecti
1955 4753 2075 4827 velim.
2132 4751 2218 4825 Alio
2238 4749 2302 4845 qni

278 4836 358 4906 cine
378 4848 465 4905 suut
486 4835 564 4904 sine
589 4835 720 4929 quibus
742 4862 892 4928 pensum
915 4841 986 4911 arti
1007 4842 1134 4936 coique
1160 4869 1264 4917 sunio
1316 4850 1469 4947 liberum
1491 4876 1554 4943 per
1576 4880 1634 4924 me
1656 4856 1783 4951 coique
1797 4857 1925 4938 fuerit,
1950 4880 2122 4951 quorsum
2136 4856 2195 4924 vel
2215 4876 2301 4924 usos

280 4935 385 5051 reddi
400 4934 524 5048 nequit
533 4937 560 5050 2·
580 4934 759 5054 Haeccine
773 4954 874 5025 snut,
898 4966 989 5036 quae
1011 4957 1083 5014 tam
1104 4947 1266 5039 splendi-
1315 4967 1437 5036 vocat,
1461 4956 1518 5025 vel
1533 4956 1720 5046 ingenium
1733 4954 1844 5030 trabit
1866 4959 1979 5054 sequi.
2031 4957 2095 5030 Sat
2121 4957 2194 5027 seio
2216 4956 2301 5025 nul·

278 5041 335 5151 d¹.⁸
349 5031 603 5152 Philosophiae
619 5040 734 5110 titolis
751 5043 1026 5114 auctionantor?
1066 5042 1115 5117 At
1130 5067 1264 5143 quanto
1316 5055 1389 5124 lom
1406 5056 1514 5128 luisse
1529 5062 1707 5145 seculum,
1731 5086 1846 5155 neque
1865 5059 2085 5132 Graecorum
2101 5083 2216 5152 neque
2230 5057 2300 5127 La-

278 5160 432 5207 minoris
447 5138 655 5210 didicissent
674 5157 769 5212 recte
793 5168 933 5234 sapere,
958 5171 1066 5241 quam
1090 5151 1260 5244 desipere.
1315 5156 1492 5244 tinorum,
1516 5165 1612 5255 quod
1633 5186 1708 5233 uon
1725 5166 1771 5235 sit
1785 5165 1922 5254 egregie
1944 5177 2118 5254 nugatum
2141 5157 2301 5253 philoso-

278 5237 349 5352 Sed
372 5232 522 5351 cohibeo
544 5241 724 5330 animum,
749 5269 795 5313 ne
810 5271 915 5340 quern
933 5252 988 5318 vel
1006 5251 1182 5322 bonorum
1205 5259 1264 5330 ni·
1316 5254 1478 5351 pheudo,
1516 5277 1649 5334 veteres
1676 5266 1859 5359 aliquanto
1888 5290 1994 5359 qoam
2017 5265 2102 5333 novi
2126 5261 2300 5332 foelicius.

278 5362 350 5407 mia
365 5338 510 5409 libertas
522 5341 690 5415 offendat.
742 5344 1263 5431 Vosameadulescentesboc
1315 5360 1437 5451 Quare
1467 5364 1594 5435 afferas
1626 5368 1670 5437 ad
1703 5391 1742 5436 ea
1777 5369 1911 5452 studia,
1943 5378 2105 5459 oportet,
2140 5364 2301 5433 animuin

278 5460 391 5531 ΜΦ
406 5438 466 5530 ⁸85
478 5444 627 5536 putet-1⁸,
650 5445 776 5520 titilius
791 5474 899 5545 quain
914 5457 1011 5548 quod
1031 5455 1119 5528 olim
1133 5473 1262 5536 tracu-
1313 5488 1430 5536 acrem
1448 5478 1637 5551 ettotam,
1659 5470 1788 5541 deinde
1804 5466 2017 5561 Magistrum
2030 5462 2198 5539 adhibeas
2212 5463 2301 5536 boni
