<?xml version="1.0" encoding="UTF-8"?>
<!DOCTYPE html PUBLIC "-//W3C//DTD XHTML 1.0 Transitional//EN"
    "http://www.w3.org/TR/xhtml1/DTD/xhtml1-transitional.dtd">
<html xmlns="http://www.w3.org/1999/xhtml" xml:lang="en" lang="en">
 <head>
  <title>
</title>
<meta http-equiv="Content-Type" content="text/html;charset=utf-8" />
  <meta name='ocr-system' content='tesseract 3.04.00' />
  <meta name='ocr-capabilities' content='ocr_page ocr_carea ocr_par ocr_line ocrx_word'/>
</head>
<body>
  <div class='ocr_page' id='page_1' title='image "./philippimelanth00bretgoog_0239.png"; bbox 0 0 4664 6022; ppageno 0'>
   <div class='ocr_carea' id='block_1_1' title="bbox 175 303 2211 394">
    <p class='ocr_par' dir='ltr' id='par_1_1' title="bbox 175 303 2211 394">
     <span class='ocr_line' id='line_1_1' title="bbox 175 303 2211 394; baseline 0.002 -5"><span class='ocrx_word' id='word_1_1' title='bbox 175 313 251 390; x_wconf 76' lang='grc'><strong>447</strong></span> <span class='ocrx_word' id='word_1_2' title='bbox 628 314 636 327; x_wconf 85' lang='grc'><em>’</em></span> <span class='ocrx_word' id='word_1_3' title='bbox 782 304 944 385; x_wconf 87' lang='lat' dir='ltr'><strong>DECL.</strong></span> <span class='ocrx_word' id='word_1_4' title='bbox 975 303 1050 382; x_wconf 84' lang='lat' dir='ltr'><strong>DE</strong></span> <span class='ocrx_word' id='word_1_5' title='bbox 1083 303 1229 381; x_wconf 79' lang='lat' dir='ltr'><strong>VITA</strong></span> <span class='ocrx_word' id='word_1_6' title='bbox 1260 304 1602 389; x_wconf 84' lang='lat' dir='ltr'><strong>AUGUSTlNI.</strong></span> <span class='ocrx_word' id='word_1_7' title='bbox 2137 317 2211 394; x_wconf 77' lang='lat'><strong>448</strong></span> 
     </span>
    </p>
   </div>
   <div class='ocr_carea' id='block_1_2' title="bbox 89 477 2233 3438">
    <p class='ocr_par' dir='ltr' id='par_1_2' title="bbox 137 477 2233 3228">
     <span class='ocr_line' id='line_1_2' title="bbox 176 477 2214 574; baseline -0.004 -11"><span class='ocrx_word' id='word_1_8' title='bbox 176 505 297 563; x_wconf 90' lang='lat' dir='ltr'><strong>torum</strong></span> <span class='ocrx_word' id='word_1_9' title='bbox 325 481 528 558; x_wconf 78' lang='lat' dir='ltr'><strong>Ecclesiae?</strong></span> <span class='ocrx_word' id='word_1_10' title='bbox 551 484 554 493; x_wconf 87' lang='lat'>&#39;</span> <span class='ocrx_word' id='word_1_11' title='bbox 580 480 681 570; x_wconf 82' lang='lat' dir='ltr'><strong>Quae</strong></span> <span class='ocrx_word' id='word_1_12' title='bbox 712 503 792 550; x_wconf 90' lang='lat' dir='ltr'><strong>cum</strong></span> <span class='ocrx_word' id='word_1_13' title='bbox 824 482 1020 552; x_wconf 85' lang='lat' dir='ltr'><strong>ostendunt</strong></span> <span class='ocrx_word' id='word_1_14' title='bbox 1048 482 1168 574; x_wconf 91' lang='lat' dir='ltr'><strong>qualia</strong></span> <span class='ocrx_word' id='word_1_15' title='bbox 1216 495 1331 555; x_wconf 89' lang='lat' dir='ltr'><strong>ctores</strong></span> <span class='ocrx_word' id='word_1_16' title='bbox 1360 496 1568 574; x_wconf 80' lang='lat' dir='ltr'><strong>propugnat.</strong></span> <span class='ocrx_word' id='word_1_17' title='bbox 1627 477 1717 554; x_wconf 90' lang='lat' dir='ltr'><strong>Earn</strong></span> <span class='ocrx_word' id='word_1_18' title='bbox 1746 488 1944 560; x_wconf 90' lang='lat' dir='ltr'><strong>orationem</strong></span> <span class='ocrx_word' id='word_1_19' title='bbox 1976 515 2054 563; x_wconf 91' lang='lat' dir='ltr'><strong>non</strong></span> <span class='ocrx_word' id='word_1_20' title='bbox 2087 492 2214 566; x_wconf 77' lang='lat' dir='ltr'><strong>dubito</strong></span> 
     </span>
     <span class='ocr_line' id='line_1_3' title="bbox 175 581 2214 679; baseline -0.003 -17"><span class='ocrx_word' id='word_1_21' title='bbox 175 592 310 664; x_wconf 75' lang='lat' dir='ltr'><strong>luerint</strong></span> <span class='ocrx_word' id='word_1_22' title='bbox 324 589 505 660; x_wconf 88' lang='lat' dir='ltr'><strong>doctrinae</strong></span> <span class='ocrx_word' id='word_1_23' title='bbox 524 583 733 669; x_wconf 90' lang='lat' dir='ltr'><strong>certamina,</strong></span> <span class='ocrx_word' id='word_1_24' title='bbox 757 583 913 653; x_wconf 81' lang='lat' dir='ltr'><strong>formant</strong></span> <span class='ocrx_word' id='word_1_25' title='bbox 928 584 1168 654; x_wconf 89' lang='lat' dir='ltr'><strong>studiosorum</strong></span> <span class='ocrx_word' id='word_1_26' title='bbox 1218 586 1435 676; x_wconf 82' lang='lat' dir='ltr'><strong>complexam</strong></span> <span class='ocrx_word' id='word_1_27' title='bbox 1450 609 1523 654; x_wconf 91' lang='lat' dir='ltr'><strong>esse</strong></span> <span class='ocrx_word' id='word_1_28' title='bbox 1540 599 1574 656; x_wconf 91' lang='lat' dir='ltr'><strong>et</strong></span> <span class='ocrx_word' id='word_1_29' title='bbox 1590 581 1783 676; x_wconf 70' lang='lat' dir='ltr'><strong>Augustini</strong></span> <span class='ocrx_word' id='word_1_30' title='bbox 1798 590 1939 679; x_wconf 90' lang='lat' dir='ltr'><strong>laudes,</strong></span> <span class='ocrx_word' id='word_1_31' title='bbox 1959 607 1995 665; x_wconf 89' lang='lat' dir='ltr'><strong>et</strong></span> <span class='ocrx_word' id='word_1_32' title='bbox 2007 593 2214 668; x_wconf 68' lang='lat' dir='ltr'><strong>universam</strong></span> 
     </span>
     <span class='ocr_line' id='line_1_4' title="bbox 176 683 2214 790; baseline 0.001 -27"><span class='ocrx_word' id='word_1_33' title='bbox 176 694 330 772; x_wconf 87' lang='lat' dir='ltr'><strong>iudicia,</strong></span> <span class='ocrx_word' id='word_1_34' title='bbox 362 713 497 782; x_wconf 91' lang='lat' dir='ltr'><strong>nosque</strong></span> <span class='ocrx_word' id='word_1_35' title='bbox 518 689 561 758; x_wconf 90' lang='lat' dir='ltr'><strong>de</strong></span> <span class='ocrx_word' id='word_1_36' title='bbox 581 683 757 755; x_wconf 79' lang='lat' dir='ltr'><strong>Ecclesiae</strong></span> <span class='ocrx_word' id='word_1_37' title='bbox 782 686 947 778; x_wconf 90' lang='lat' dir='ltr'><strong>periculis</strong></span> <span class='ocrx_word' id='word_1_38' title='bbox 964 687 1170 770; x_wconf 89' lang='lat' dir='ltr'><strong>admonent,</strong></span> <span class='ocrx_word' id='word_1_39' title='bbox 1218 686 1396 759; x_wconf 84' lang='lat' dir='ltr'><strong>Ecclesiae</strong></span> <span class='ocrx_word' id='word_1_40' title='bbox 1413 710 1571 774; x_wconf 88' lang='lat' dir='ltr'><strong>causam,</strong></span> <span class='ocrx_word' id='word_1_41' title='bbox 1598 714 1687 782; x_wconf 92' lang='lat' dir='ltr'><strong>quae</strong></span> <span class='ocrx_word' id='word_1_42' title='bbox 1702 694 1731 760; x_wconf 90' lang='lat' dir='ltr'><strong>si</strong></span> <span class='ocrx_word' id='word_1_43' title='bbox 1748 706 1899 779; x_wconf 77' lang='lat' dir='ltr'><strong>extaret,</strong></span> <span class='ocrx_word' id='word_1_44' title='bbox 1924 696 2002 767; x_wconf 90' lang='lat' dir='ltr'><strong>iure</strong></span> <span class='ocrx_word' id='word_1_45' title='bbox 2018 698 2214 790; x_wconf 82' lang='lat' dir='ltr'><strong>vituperari</strong></span> 
     </span>
     <span class='ocr_line' id='line_1_5' title="bbox 174 782 2214 883; baseline 0.001 -16"><span class='ocrx_word' id='word_1_46' title='bbox 174 810 216 868; x_wconf 81' lang='lat' dir='ltr'><strong>ct</strong></span> <span class='ocrx_word' id='word_1_47' title='bbox 229 795 388 865; x_wconf 88' lang='lat' dir='ltr'><strong>discendi</strong></span> <span class='ocrx_word' id='word_1_48' title='bbox 410 815 530 862; x_wconf 91' lang='lat' dir='ltr'><strong>curam</strong></span> <span class='ocrx_word' id='word_1_49' title='bbox 555 788 760 858; x_wconf 75' lang='lat' dir='ltr'><strong>exsuscitant.</strong></span> <span class='ocrx_word' id='word_1_50' title='bbox 779 823 783 827; x_wconf 33' lang='lat' dir='ltr'><strong>v</strong></span> <span class='ocrx_word' id='word_1_51' title='bbox 822 782 875 857; x_wconf 90' lang='lat' dir='ltr'><strong>Ac</strong></span> <span class='ocrx_word' id='word_1_52' title='bbox 894 789 1078 880; x_wconf 87' lang='lat' dir='ltr'><strong>praecipue</strong></span> <span class='ocrx_word' id='word_1_53' title='bbox 1092 784 1172 858; x_wconf 92' lang='lat' dir='ltr'><strong>Au-</strong></span> <span class='ocrx_word' id='word_1_54' title='bbox 1219 813 1375 883; x_wconf 90' lang='lat' dir='ltr'><strong>possem,</strong></span> <span class='ocrx_word' id='word_1_55' title='bbox 1399 790 1429 859; x_wconf 91' lang='lat' dir='ltr'><strong>si</strong></span> <span class='ocrx_word' id='word_1_56' title='bbox 1439 790 1533 859; x_wconf 90' lang='lat' dir='ltr'><strong>idem</strong></span> <span class='ocrx_word' id='word_1_57' title='bbox 1543 808 1790 880; x_wconf 90' lang='lat' dir='ltr'><strong>argumentum</strong></span> <span class='ocrx_word' id='word_1_58' title='bbox 1803 811 1958 868; x_wconf 81' lang='lat' dir='ltr'><strong>retexere</strong></span> <span class='ocrx_word' id='word_1_59' title='bbox 1973 822 2080 870; x_wconf 89' lang='lat' dir='ltr'><strong>ausus</strong></span> <span class='ocrx_word' id='word_1_60' title='bbox 2094 824 2214 871; x_wconf 88' lang='lat' dir='ltr'><strong>essem.</strong></span> 
     </span>
     <span class='ocr_line' id='line_1_6' title="bbox 175 891 2214 996; baseline 0 -29"><span class='ocrx_word' id='word_1_61' title='bbox 175 897 314 990; x_wconf 87' lang='lat' dir='ltr'><strong>gustini</strong></span> <span class='ocrx_word' id='word_1_62' title='bbox 329 894 571 966; x_wconf 73' lang='lat' dir='ltr'><strong>contentiones</strong></span> <span class='ocrx_word' id='word_1_63' title='bbox 586 891 745 979; x_wconf 90' lang='lat' dir='ltr'><strong>exemplo</strong></span> <span class='ocrx_word' id='word_1_64' title='bbox 762 912 835 959; x_wconf 90' lang='lat' dir='ltr'><strong>esse</strong></span> <span class='ocrx_word' id='word_1_65' title='bbox 849 904 1013 980; x_wconf 87' lang='lat' dir='ltr'><strong>possunt,</strong></span> <span class='ocrx_word' id='word_1_66' title='bbox 1040 905 1171 984; x_wconf 90' lang='lat' dir='ltr'><strong>quanta</strong></span> <span class='ocrx_word' id='word_1_67' title='bbox 1220 892 1291 963; x_wconf 87' lang='lat' dir='ltr'><strong>Sed</strong></span> <span class='ocrx_word' id='word_1_68' title='bbox 1315 891 1397 985; x_wconf 93' lang='lat' dir='ltr'><strong>quia</strong></span> <span class='ocrx_word' id='word_1_69' title='bbox 1420 893 1660 976; x_wconf 90' lang='lat' dir='ltr'><strong>desideratur,</strong></span> <span class='ocrx_word' id='word_1_70' title='bbox 1692 919 1795 989; x_wconf 91' lang='lat' dir='ltr'><strong>spero</strong></span> <span class='ocrx_word' id='word_1_71' title='bbox 1827 922 1891 968; x_wconf 88' lang='lat' dir='ltr'><strong>vos</strong></span> <span class='ocrx_word' id='word_1_72' title='bbox 1914 895 2007 970; x_wconf 92' lang='lat' dir='ltr'><strong>mihi</strong></span> <span class='ocrx_word' id='word_1_73' title='bbox 2029 902 2214 996; x_wconf 79' lang='lat' dir='ltr'><strong>aequiores</strong></span> 
     </span>
     <span class='ocr_line' id='line_1_7' title="bbox 179 987 2214 1097; baseline -0.002 -25"><span class='ocrx_word' id='word_1_74' title='bbox 179 1000 362 1072; x_wconf 89' lang='lat' dir='ltr'><strong>doctrinae</strong></span> <span class='ocrx_word' id='word_1_75' title='bbox 372 997 538 1065; x_wconf 87' lang='lat' dir='ltr'><strong>varietate</strong></span> <span class='ocrx_word' id='word_1_76' title='bbox 553 1007 588 1063; x_wconf 90' lang='lat' dir='ltr'><strong>et</strong></span> <span class='ocrx_word' id='word_1_77' title='bbox 601 992 720 1082; x_wconf 88' lang='lat' dir='ltr'><strong>copia,</strong></span> <span class='ocrx_word' id='word_1_78' title='bbox 741 1006 872 1085; x_wconf 84' lang='lat' dir='ltr'><strong>quanta</strong></span> <span class='ocrx_word' id='word_1_79' title='bbox 883 993 1066 1081; x_wconf 89' lang='lat' dir='ltr'><strong>vigilantia</strong></span> <span class='ocrx_word' id='word_1_80' title='bbox 1082 1014 1172 1082; x_wconf 94' lang='lat' dir='ltr'><strong>opus</strong></span> <span class='ocrx_word' id='word_1_81' title='bbox 1220 995 1307 1068; x_wconf 83' lang='lat' dir='ltr'><strong>fore.</strong></span> <span class='ocrx_word' id='word_1_82' title='bbox 1357 987 1452 1062; x_wconf 93' lang='lat' dir='ltr'><strong>Amo</strong></span> <span class='ocrx_word' id='word_1_83' title='bbox 1467 996 1583 1065; x_wconf 86' lang='lat' dir='ltr'><strong>studia</strong></span> <span class='ocrx_word' id='word_1_84' title='bbox 1598 1019 1775 1069; x_wconf 90' lang='lat' dir='ltr'><strong>sacrarum</strong></span> <span class='ocrx_word' id='word_1_85' title='bbox 1791 1000 1995 1085; x_wconf 89' lang='lat' dir='ltr'><strong>literarum,</strong></span> <span class='ocrx_word' id='word_1_86' title='bbox 2022 1016 2058 1075; x_wconf 89' lang='lat' dir='ltr'><strong>ct</strong></span> <span class='ocrx_word' id='word_1_87' title='bbox 2073 1019 2214 1097; x_wconf 76' lang='lat' dir='ltr'><strong>propter</strong></span> 
     </span>
     <span class='ocr_line' id='line_1_8' title="bbox 180 1089 2211 1199; baseline -0.004 -26"><span class='ocrx_word' id='word_1_88' title='bbox 180 1103 226 1173; x_wconf 66' lang='lat' dir='ltr'><strong>dt</strong></span> <span class='ocrx_word' id='word_1_89' title='bbox 250 1101 313 1187; x_wconf 91' lang='lat' dir='ltr'><strong>iis,</strong></span> <span class='ocrx_word' id='word_1_90' title='bbox 348 1100 409 1192; x_wconf 88' lang='lat' dir='ltr'><strong>qui</strong></span> <span class='ocrx_word' id='word_1_91' title='bbox 430 1099 468 1165; x_wconf 91' lang='lat' dir='ltr'><strong>in</strong></span> <span class='ocrx_word' id='word_1_92' title='bbox 490 1092 559 1166; x_wconf 93' lang='lat' dir='ltr'><strong>hoc</strong></span> <span class='ocrx_word' id='word_1_93' title='bbox 581 1118 727 1163; x_wconf 90' lang='lat' dir='ltr'><strong>munere</strong></span> <span class='ocrx_word' id='word_1_94' title='bbox 743 1118 816 1164; x_wconf 93' lang='lat' dir='ltr'><strong>uno</strong></span> <span class='ocrx_word' id='word_1_95' title='bbox 832 1095 992 1164; x_wconf 92' lang='lat' dir='ltr'><strong>omnium</strong></span> <span class='ocrx_word' id='word_1_96' title='bbox 1016 1095 1054 1161; x_wconf 94' lang='lat' dir='ltr'><strong>in</strong></span> <span class='ocrx_word' id='word_1_97' title='bbox 1070 1093 1172 1164; x_wconf 90' lang='lat' dir='ltr'><strong>terris</strong></span> <span class='ocrx_word' id='word_1_98' title='bbox 1220 1092 1307 1165; x_wconf 91' lang='lat' dir='ltr'><strong>haec</strong></span> <span class='ocrx_word' id='word_1_99' title='bbox 1328 1089 1569 1186; x_wconf 89' lang='lat' dir='ltr'><strong>Augustinum</strong></span> <span class='ocrx_word' id='word_1_100' title='bbox 1593 1100 1761 1171; x_wconf 85' lang='lat' dir='ltr'><strong>admiror.</strong></span> <span class='ocrx_word' id='word_1_101' title='bbox 1813 1101 1933 1191; x_wconf 92' lang='lat' dir='ltr'><strong>Quare</strong></span> <span class='ocrx_word' id='word_1_102' title='bbox 1950 1105 1996 1174; x_wconf 92' lang='lat' dir='ltr'><strong>de</strong></span> <span class='ocrx_word' id='word_1_103' title='bbox 2014 1129 2057 1175; x_wconf 89' lang='lat' dir='ltr'><strong>eo</strong></span> <span class='ocrx_word' id='word_1_104' title='bbox 2074 1107 2211 1199; x_wconf 78' lang='lat' dir='ltr'><strong>potissi.</strong></span> 
     </span>
     <span class='ocr_line' id='line_1_9' title="bbox 179 1196 2210 1301; baseline 0 -26"><span class='ocrx_word' id='word_1_105' title='bbox 179 1203 333 1274; x_wconf 85' lang='lat' dir='ltr'><strong>maximo</strong></span> <span class='ocrx_word' id='word_1_106' title='bbox 348 1199 545 1269; x_wconf 83' lang='lat' dir='ltr'><strong>difficilimo</strong></span> <span class='ocrx_word' id='word_1_107' title='bbox 564 1210 768 1280; x_wconf 86' lang='lat' dir='ltr'><strong>versantur,</strong></span> <span class='ocrx_word' id='word_1_108' title='bbox 794 1196 958 1265; x_wconf 89' lang='lat' dir='ltr'><strong>videlicet</strong></span> <span class='ocrx_word' id='word_1_109' title='bbox 982 1197 1019 1264; x_wconf 90' lang='lat' dir='ltr'><strong>in</strong></span> <span class='ocrx_word' id='word_1_110' title='bbox 1039 1196 1174 1265; x_wconf 89' lang='lat' dir='ltr'><strong>diiudi-</strong></span> <span class='ocrx_word' id='word_1_111' title='bbox 1222 1222 1319 1268; x_wconf 89' lang='lat' dir='ltr'><strong>mum</strong></span> <span class='ocrx_word' id='word_1_112' title='bbox 1336 1198 1443 1268; x_wconf 90' lang='lat' dir='ltr'><strong>libuit</strong></span> <span class='ocrx_word' id='word_1_113' title='bbox 1459 1199 1596 1281; x_wconf 83' lang='lat' dir='ltr'><strong>dicere,</strong></span> <span class='ocrx_word' id='word_1_114' title='bbox 1622 1224 1702 1272; x_wconf 89' lang='lat' dir='ltr'><strong>curn</strong></span> <span class='ocrx_word' id='word_1_115' title='bbox 1718 1204 1841 1273; x_wconf 85' lang='lat' dir='ltr'><strong>diesei</strong></span> <span class='ocrx_word' id='word_1_116' title='bbox 1861 1206 1998 1277; x_wconf 89' lang='lat' dir='ltr'><strong>dicatus</strong></span> <span class='ocrx_word' id='word_1_117' title='bbox 2015 1228 2075 1277; x_wconf 87' lang='lat' dir='ltr'><strong>me</strong></span> <span class='ocrx_word' id='word_1_118' title='bbox 2093 1231 2210 1301; x_wconf 90' lang='lat' dir='ltr'><strong>nuper,</strong></span> 
     </span>
     <span class='ocr_line' id='line_1_10' title="bbox 137 1297 2209 1403; baseline -0.001 -25"><span class='ocrx_word' id='word_1_119' title='bbox 137 1342 147 1363; x_wconf 84' lang='lat'><strong>·</strong></span> <span class='ocrx_word' id='word_1_120' title='bbox 181 1307 318 1377; x_wconf 90' lang='lat' dir='ltr'><strong>catione</strong></span> <span class='ocrx_word' id='word_1_121' title='bbox 349 1317 385 1372; x_wconf 92' lang='lat' dir='ltr'><strong>et</strong></span> <span class='ocrx_word' id='word_1_122' title='bbox 409 1300 667 1390; x_wconf 83' lang='lat' dir='ltr'><strong>gubernatione</strong></span> <span class='ocrx_word' id='word_1_123' title='bbox 699 1297 880 1367; x_wconf 88' lang='lat' dir='ltr'><strong>doctrinae</strong></span> <span class='ocrx_word' id='word_1_124' title='bbox 910 1299 1172 1368; x_wconf 86' lang='lat' dir='ltr'><strong>ecclesiasticae.</strong></span> <span class='ocrx_word' id='word_1_125' title='bbox 1221 1312 1262 1369; x_wconf 88' lang='lat' dir='ltr'><strong>ut</strong></span> <span class='ocrx_word' id='word_1_126' title='bbox 1276 1302 1321 1368; x_wconf 90' lang='lat' dir='ltr'><strong>de</strong></span> <span class='ocrx_word' id='word_1_127' title='bbox 1343 1301 1418 1368; x_wconf 91' lang='lat' dir='ltr'><strong>eius</strong></span> <span class='ocrx_word' id='word_1_128' title='bbox 1440 1302 1512 1370; x_wconf 90' lang='lat' dir='ltr'><strong>vita</strong></span> <span class='ocrx_word' id='word_1_129' title='bbox 1530 1316 1564 1371; x_wconf 90' lang='lat' dir='ltr'><strong>et</strong></span> <span class='ocrx_word' id='word_1_130' title='bbox 1582 1305 1834 1376; x_wconf 87' lang='lat' dir='ltr'><strong>certaminibus</strong></span> <span class='ocrx_word' id='word_1_131' title='bbox 1850 1308 2042 1397; x_wconf 87' lang='lat' dir='ltr'><strong>cogitarem</strong></span> <span class='ocrx_word' id='word_1_132' title='bbox 2065 1310 2209 1403; x_wconf 85' lang='lat' dir='ltr'><strong>diligen-</strong></span> 
     </span>
     <span class='ocr_line' id='line_1_11' title="bbox 180 1394 2162 1498; baseline -0.006 -20"><span class='ocrx_word' id='word_1_133' title='bbox 180 1407 318 1478; x_wconf 90' lang='lat' dir='ltr'><strong>Lucent</strong></span> <span class='ocrx_word' id='word_1_134' title='bbox 340 1406 380 1472; x_wconf 91' lang='lat' dir='ltr'><strong>in</strong></span> <span class='ocrx_word' id='word_1_135' title='bbox 403 1405 474 1471; x_wconf 92' lang='lat' dir='ltr'><strong>illis</strong></span> <span class='ocrx_word' id='word_1_136' title='bbox 490 1401 742 1471; x_wconf 87' lang='lat' dir='ltr'><strong>certaminibus</strong></span> <span class='ocrx_word' id='word_1_137' title='bbox 759 1401 915 1491; x_wconf 85' lang='lat' dir='ltr'><strong>exempla</strong></span> <span class='ocrx_word' id='word_1_138' title='bbox 933 1394 1061 1471; x_wconf 91' lang='lat' dir='ltr'><strong>harum</strong></span> <span class='ocrx_word' id='word_1_139' title='bbox 1077 1424 1174 1469; x_wconf 85' lang='lat' dir='ltr'><strong>corn·</strong></span> <span class='ocrx_word' id='word_1_140' title='bbox 1223 1403 1309 1486; x_wconf 88' lang='lat' dir='ltr'><strong>tius,</strong></span> <span class='ocrx_word' id='word_1_141' title='bbox 1336 1404 1587 1474; x_wconf 91' lang='lat' dir='ltr'><strong>admonuisset.</strong></span> <span class='ocrx_word' id='word_1_142' title='bbox 1641 1404 1756 1477; x_wconf 89' lang='lat' dir='ltr'><strong>Venio</strong></span> <span class='ocrx_word' id='word_1_143' title='bbox 1773 1408 1882 1498; x_wconf 90' lang='lat' dir='ltr'><strong>igitur</strong></span> <span class='ocrx_word' id='word_1_144' title='bbox 1896 1410 1940 1479; x_wconf 85' lang='lat' dir='ltr'><strong>ad</strong></span> <span class='ocrx_word' id='word_1_145' title='bbox 1958 1406 2162 1485; x_wconf 61' lang='lat' dir='ltr'><strong>historiam,</strong></span> 
     </span>
     <span class='ocr_line' id='line_1_12' title="bbox 180 1501 2207 1596; baseline 0.003 -18"><span class='ocrx_word' id='word_1_146' title='bbox 180 1510 346 1581; x_wconf 88' lang='lat' dir='ltr'><strong>munium</strong></span> <span class='ocrx_word' id='word_1_147' title='bbox 380 1505 529 1588; x_wconf 92' lang='lat' dir='ltr'><strong>artium,</strong></span> <span class='ocrx_word' id='word_1_148' title='bbox 577 1527 666 1595; x_wconf 88' lang='lat' dir='ltr'><strong>quae</strong></span> <span class='ocrx_word' id='word_1_149' title='bbox 699 1503 876 1573; x_wconf 88' lang='lat' dir='ltr'><strong>iuventuti</strong></span> <span class='ocrx_word' id='word_1_150' title='bbox 911 1515 1175 1594; x_wconf 92' lang='lat' dir='ltr'><strong>proponuntur,</strong></span> <span class='ocrx_word' id='word_1_151' title='bbox 1323 1501 1436 1572; x_wconf 89' lang='lat' dir='ltr'><strong>Natus</strong></span> <span class='ocrx_word' id='word_1_152' title='bbox 1458 1518 1510 1575; x_wconf 89' lang='lat' dir='ltr'><strong>est</strong></span> <span class='ocrx_word' id='word_1_153' title='bbox 1533 1504 1754 1596; x_wconf 83' lang='lat' dir='ltr'><strong>Augustinus</strong></span> <span class='ocrx_word' id='word_1_154' title='bbox 1780 1505 1929 1581; x_wconf 90' lang='lat' dir='ltr'><strong>honesto</strong></span> <span class='ocrx_word' id='word_1_155' title='bbox 1945 1513 2026 1584; x_wconf 90' lang='lat' dir='ltr'><strong>loco</strong></span> <span class='ocrx_word' id='word_1_156' title='bbox 2042 1513 2084 1583; x_wconf 92' lang='lat' dir='ltr'><strong>in</strong></span> <span class='ocrx_word' id='word_1_157' title='bbox 2099 1515 2207 1586; x_wconf 91' lang='lat' dir='ltr'><strong>muni·</strong></span> 
     </span>
     <span class='ocr_line' id='line_1_13' title="bbox 180 1604 2207 1711; baseline 0.001 -29"><span class='ocrx_word' id='word_1_158' title='bbox 180 1636 290 1705; x_wconf 90' lang='lat' dir='ltr'><strong>quare</strong></span> <span class='ocrx_word' id='word_1_159' title='bbox 310 1632 385 1678; x_wconf 92' lang='lat' dir='ltr'><strong>non</strong></span> <span class='ocrx_word' id='word_1_160' title='bbox 410 1621 460 1675; x_wconf 91' lang='lat' dir='ltr'><strong>est</strong></span> <span class='ocrx_word' id='word_1_161' title='bbox 479 1604 787 1694; x_wconf 87' lang='lat' dir='ltr'><strong>intempestivum,</strong></span> <span class='ocrx_word' id='word_1_162' title='bbox 813 1629 893 1673; x_wconf 82' lang='lat' dir='ltr'><strong>curn</strong></span> <span class='ocrx_word' id='word_1_163' title='bbox 912 1608 956 1673; x_wconf 89' lang='lat' dir='ltr'><strong>de</strong></span> <span class='ocrx_word' id='word_1_164' title='bbox 974 1604 1104 1675; x_wconf 91' lang='lat' dir='ltr'><strong>nostris</strong></span> <span class='ocrx_word' id='word_1_165' title='bbox 1117 1628 1175 1672; x_wconf 91' lang='lat' dir='ltr'><strong>ar·</strong></span> <span class='ocrx_word' id='word_1_166' title='bbox 1223 1605 1315 1696; x_wconf 91' lang='lat' dir='ltr'><strong>cipio</strong></span> <span class='ocrx_word' id='word_1_167' title='bbox 1339 1604 1527 1691; x_wconf 80' lang='lat' dir='ltr'><strong>Africano,</strong></span> <span class='ocrx_word' id='word_1_168' title='bbox 1556 1610 1653 1700; x_wconf 92' lang='lat' dir='ltr'><strong>quod</strong></span> <span class='ocrx_word' id='word_1_169' title='bbox 1676 1611 1751 1702; x_wconf 90' lang='lat' dir='ltr'><strong>ipse</strong></span> <span class='ocrx_word' id='word_1_170' title='bbox 1771 1610 1958 1702; x_wconf 87' lang='lat' dir='ltr'><strong>Tagastam</strong></span> <span class='ocrx_word' id='word_1_171' title='bbox 1982 1628 2108 1703; x_wconf 85' lang='lat' dir='ltr'><strong>vocat3</strong></span> <span class='ocrx_word' id='word_1_172' title='bbox 2140 1618 2207 1711; x_wconf 88' lang='lat' dir='ltr'><strong>opi-</strong></span> 
     </span>
     <span class='ocr_line' id='line_1_14' title="bbox 181 1703 2207 1805; baseline 0 -21"><span class='ocrx_word' id='word_1_173' title='bbox 181 1714 278 1784; x_wconf 89' lang='lat' dir='ltr'><strong>tibus</strong></span> <span class='ocrx_word' id='word_1_174' title='bbox 293 1711 365 1780; x_wconf 92' lang='lat' dir='ltr'><strong>dici</strong></span> <span class='ocrx_word' id='word_1_175' title='bbox 380 1710 487 1791; x_wconf 91' lang='lat' dir='ltr'><strong>solet,</strong></span> <span class='ocrx_word' id='word_1_176' title='bbox 513 1709 698 1797; x_wconf 89' lang='lat' dir='ltr'><strong>decerpere</strong></span> <span class='ocrx_word' id='word_1_177' title='bbox 713 1705 848 1799; x_wconf 88' lang='lat' dir='ltr'><strong>aliquid</strong></span> <span class='ocrx_word' id='word_1_178' title='bbox 872 1732 911 1775; x_wconf 87' lang='lat' dir='ltr'><strong>ex</strong></span> <span class='ocrx_word' id='word_1_179' title='bbox 936 1706 1176 1776; x_wconf 89' lang='lat' dir='ltr'><strong>ecclesiasticis</strong></span> <span class='ocrx_word' id='word_1_180' title='bbox 1224 1731 1292 1776; x_wconf 93' lang='lat' dir='ltr'><strong>nor</strong></span> <span class='ocrx_word' id='word_1_181' title='bbox 1314 1721 1431 1777; x_wconf 90' lang='lat' dir='ltr'><strong>autem</strong></span> <span class='ocrx_word' id='word_1_182' title='bbox 1456 1703 1670 1780; x_wconf 90' lang='lat' dir='ltr'><strong>Thebestam</strong></span> <span class='ocrx_word' id='word_1_183' title='bbox 1695 1736 1715 1782; x_wconf 91' lang='lat' dir='ltr'><strong>a</strong></span> <span class='ocrx_word' id='word_1_184' title='bbox 1739 1711 1944 1784; x_wconf 84' lang='lat' dir='ltr'><strong>Ptolemaeo</strong></span> <span class='ocrx_word' id='word_1_185' title='bbox 1970 1718 2117 1805; x_wconf 87' lang='lat' dir='ltr'><strong>vocari,</strong></span> <span class='ocrx_word' id='word_1_186' title='bbox 2145 1742 2207 1791; x_wconf 80' lang='lat' dir='ltr'><strong>uos</strong></span> 
     </span>
     <span class='ocr_line' id='line_1_15' title="bbox 181 1802 2208 1901; baseline 0 -14"><span class='ocrx_word' id='word_1_187' title='bbox 181 1815 356 1898; x_wconf 89' lang='lat' dir='ltr'><strong>materiis,</strong></span> <span class='ocrx_word' id='word_1_188' title='bbox 404 1810 610 1901; x_wconf 88' lang='lat' dir='ltr'><strong>pracsertim</strong></span> <span class='ocrx_word' id='word_1_189' title='bbox 640 1832 720 1879; x_wconf 91' lang='lat' dir='ltr'><strong>cum</strong></span> <span class='ocrx_word' id='word_1_190' title='bbox 754 1809 875 1878; x_wconf 92' lang='lat' dir='ltr'><strong>omnia</strong></span> <span class='ocrx_word' id='word_1_191' title='bbox 907 1802 1022 1878; x_wconf 87' lang='lat' dir='ltr'><strong>studia</strong></span> <span class='ocrx_word' id='word_1_192' title='bbox 1056 1823 1176 1878; x_wconf 90' lang='lat' dir='ltr'><strong>nostra</strong></span> <span class='ocrx_word' id='word_1_193' title='bbox 1225 1809 1349 1900; x_wconf 91' lang='lat' dir='ltr'><strong>procul</strong></span> <span class='ocrx_word' id='word_1_194' title='bbox 1373 1810 1562 1881; x_wconf 90' lang='lat' dir='ltr'><strong>distantem</strong></span> <span class='ocrx_word' id='word_1_195' title='bbox 1592 1811 1825 1885; x_wconf 85' lang='lat' dir='ltr'><strong>aMadauro.</strong></span> <span class='ocrx_word' id='word_1_196' title='bbox 1885 1815 2058 1889; x_wconf 89' lang='lat' dir='ltr'><strong>Parentes</strong></span> <span class='ocrx_word' id='word_1_197' title='bbox 2077 1820 2208 1895; x_wconf 78' lang='lat' dir='ltr'><strong>inerunt</strong></span> 
     </span>
     <span class='ocr_line' id='line_1_16' title="bbox 182 1910 2209 2011; baseline 0.001 -24"><span class='ocrx_word' id='word_1_198' title='bbox 182 1917 370 2010; x_wconf 90' lang='lat' dir='ltr'><strong>praecipue</strong></span> <span class='ocrx_word' id='word_1_199' title='bbox 385 1914 536 1982; x_wconf 90' lang='lat' dir='ltr'><strong>debeant</strong></span> <span class='ocrx_word' id='word_1_200' title='bbox 558 1935 598 1980; x_wconf 91' lang='lat' dir='ltr'><strong>eo</strong></span> <span class='ocrx_word' id='word_1_201' title='bbox 615 1923 789 2002; x_wconf 90' lang='lat' dir='ltr'><strong>spectare,</strong></span> <span class='ocrx_word' id='word_1_202' title='bbox 815 1925 854 1980; x_wconf 90' lang='lat' dir='ltr'><strong>ut</strong></span> <span class='ocrx_word' id='word_1_203' title='bbox 869 1934 935 1979; x_wconf 91' lang='lat' dir='ltr'><strong>nos</strong></span> <span class='ocrx_word' id='word_1_204' title='bbox 949 1911 1176 1995; x_wconf 86' lang='lat' dir='ltr'><strong>instruamus,</strong></span> <span class='ocrx_word' id='word_1_205' title='bbox 1226 1910 1399 1981; x_wconf 89' lang='lat' dir='ltr'><strong>Patricius</strong></span> <span class='ocrx_word' id='word_1_206' title='bbox 1414 1925 1448 1981; x_wconf 92' lang='lat' dir='ltr'><strong>et</strong></span> <span class='ocrx_word' id='word_1_207' title='bbox 1464 1910 1627 1999; x_wconf 90' lang='lat' dir='ltr'><strong>Monica,</strong></span> <span class='ocrx_word' id='word_1_208' title='bbox 1652 1911 1876 1988; x_wconf 84' lang='lat' dir='ltr'><strong>Christianae</strong></span> <span class='ocrx_word' id='word_1_209' title='bbox 1892 1920 2063 2009; x_wconf 87' lang='lat' dir='ltr'><strong>religioni</strong></span> <span class='ocrx_word' id='word_1_210' title='bbox 2079 1924 2209 2011; x_wconf 87' lang='lat' dir='ltr'><strong>addicti,</strong></span> 
     </span>
     <span class='ocr_line' id='line_1_17' title="bbox 182 2006 2207 2113; baseline -0.001 -22"><span class='ocrx_word' id='word_1_211' title='bbox 182 2032 224 2090; x_wconf 86' lang='lat' dir='ltr'><strong>ut</strong></span> <span class='ocrx_word' id='word_1_212' title='bbox 244 2015 422 2088; x_wconf 82' lang='lat' dir='ltr'><strong>Ecclesiae</strong></span> <span class='ocrx_word' id='word_1_213' title='bbox 454 2015 535 2083; x_wconf 92' lang='lat' dir='ltr'><strong>usui</strong></span> <span class='ocrx_word' id='word_1_214' title='bbox 558 2036 630 2081; x_wconf 90' lang='lat' dir='ltr'><strong>esse</strong></span> <span class='ocrx_word' id='word_1_215' title='bbox 653 2013 838 2101; x_wconf 87' lang='lat' dir='ltr'><strong>possimus.</strong></span> <span class='ocrx_word' id='word_1_216' title='bbox 897 2010 966 2081; x_wconf 91' lang='lat' dir='ltr'><strong>llic</strong></span> <span class='ocrx_word' id='word_1_217' title='bbox 987 2013 1085 2097; x_wconf 87' lang='lat' dir='ltr'><strong>finis,</strong></span> <span class='ocrx_word' id='word_1_218' title='bbox 1116 2006 1176 2080; x_wconf 91' lang='lat' dir='ltr'><strong>hic</strong></span> <span class='ocrx_word' id='word_1_219' title='bbox 1225 2014 1289 2082; x_wconf 90' lang='lat' dir='ltr'><strong>etsi</strong></span> <span class='ocrx_word' id='word_1_220' title='bbox 1304 2026 1404 2104; x_wconf 91' lang='lat' dir='ltr'><strong>pater</strong></span> <span class='ocrx_word' id='word_1_221' title='bbox 1418 2037 1496 2083; x_wconf 89' lang='lat' dir='ltr'><strong>sero</strong></span> <span class='ocrx_word' id='word_1_222' title='bbox 1510 2016 1632 2086; x_wconf 88' lang='lat' dir='ltr'><strong>matris</strong></span> <span class='ocrx_word' id='word_1_223' title='bbox 1647 2019 1775 2109; x_wconf 90' lang='lat' dir='ltr'><strong>pietate</strong></span> <span class='ocrx_word' id='word_1_224' title='bbox 1789 2021 1833 2090; x_wconf 94' lang='lat' dir='ltr'><strong>ad</strong></span> <span class='ocrx_word' id='word_1_225' title='bbox 1849 2015 1985 2093; x_wconf 87' lang='lat' dir='ltr'><strong>Christi</strong></span> <span class='ocrx_word' id='word_1_226' title='bbox 2000 2024 2207 2113; x_wconf 77' lang='lat' dir='ltr'><strong>agnitionem</strong></span> 
     </span>
     <span class='ocr_line' id='line_1_18' title="bbox 184 2114 2206 2214; baseline 0 -23"><span class='ocrx_word' id='word_1_227' title='bbox 184 2144 311 2213; x_wconf 85' lang='lat' dir='ltr'><strong>scopus</strong></span> <span class='ocrx_word' id='word_1_228' title='bbox 339 2117 508 2187; x_wconf 89' lang='lat' dir='ltr'><strong>omnibus</strong></span> <span class='ocrx_word' id='word_1_229' title='bbox 534 2115 638 2185; x_wconf 89' lang='lat' dir='ltr'><strong>bonis</strong></span> <span class='ocrx_word' id='word_1_230' title='bbox 664 2114 842 2184; x_wconf 91' lang='lat' dir='ltr'><strong>mentibus</strong></span> <span class='ocrx_word' id='word_1_231' title='bbox 870 2116 1072 2205; x_wconf 88' lang='lat' dir='ltr'><strong>propositus</strong></span> <span class='ocrx_word' id='word_1_232' title='bbox 1103 2137 1176 2183; x_wconf 90' lang='lat' dir='ltr'><strong>esse</strong></span> <span class='ocrx_word' id='word_1_233' title='bbox 1226 2128 1420 2208; x_wconf 90' lang='lat' dir='ltr'><strong>pertractus</strong></span> <span class='ocrx_word' id='word_1_234' title='bbox 1446 2130 1514 2197; x_wconf 90' lang='lat' dir='ltr'><strong>est,</strong></span> <span class='ocrx_word' id='word_1_235' title='bbox 1547 2118 1603 2187; x_wconf 92' lang='lat' dir='ltr'><strong>vir</strong></span> <span class='ocrx_word' id='word_1_236' title='bbox 1621 2121 1756 2214; x_wconf 90' lang='lat' dir='ltr'><strong>alioqui</strong></span> <span class='ocrx_word' id='word_1_237' title='bbox 1778 2122 1910 2212; x_wconf 91' lang='lat' dir='ltr'><strong>gravis,</strong></span> <span class='ocrx_word' id='word_1_238' title='bbox 1942 2119 2119 2198; x_wconf 87' lang='lat' dir='ltr'><strong>honestus</strong></span> <span class='ocrx_word' id='word_1_239' title='bbox 2134 2129 2206 2200; x_wconf 79' lang='lat' dir='ltr'><strong>etin</strong></span> 
     </span>
     <span class='ocr_line' id='line_1_19' title="bbox 183 2213 2206 2321; baseline 0 -28"><span class='ocrx_word' id='word_1_240' title='bbox 183 2224 299 2295; x_wconf 89' lang='lat' dir='ltr'><strong>debet.</strong></span> <span class='ocrx_word' id='word_1_241' title='bbox 353 2218 472 2308; x_wconf 86' lang='lat' dir='ltr'><strong>Quare</strong></span> <span class='ocrx_word' id='word_1_242' title='bbox 486 2242 588 2310; x_wconf 90' lang='lat' dir='ltr'><strong>spero</strong></span> <span class='ocrx_word' id='word_1_243' title='bbox 605 2241 669 2286; x_wconf 94' lang='lat' dir='ltr'><strong>vos</strong></span> <span class='ocrx_word' id='word_1_244' title='bbox 683 2242 757 2286; x_wconf 91' lang='lat' dir='ltr'><strong>non</strong></span> <span class='ocrx_word' id='word_1_245' title='bbox 772 2217 973 2308; x_wconf 91' lang='lat' dir='ltr'><strong>improbare</strong></span> <span class='ocrx_word' id='word_1_246' title='bbox 984 2213 1052 2286; x_wconf 91' lang='lat' dir='ltr'><strong>hoc</strong></span> <span class='ocrx_word' id='word_1_247' title='bbox 1067 2239 1176 2305; x_wconf 91' lang='lat' dir='ltr'><strong>genus</strong></span> <span class='ocrx_word' id='word_1_248' title='bbox 1225 2218 1351 2309; x_wconf 91' lang='lat' dir='ltr'><strong>primis</strong></span> <span class='ocrx_word' id='word_1_249' title='bbox 1372 2218 1527 2287; x_wconf 88' lang='lat' dir='ltr'><strong>liberalis</strong></span> <span class='ocrx_word' id='word_1_250' title='bbox 1547 2219 1585 2287; x_wconf 92' lang='lat' dir='ltr'><strong>in</strong></span> <span class='ocrx_word' id='word_1_251' title='bbox 1606 2221 1767 2291; x_wconf 85' lang='lat' dir='ltr'><strong>fovendis</strong></span> <span class='ocrx_word' id='word_1_252' title='bbox 1786 2223 1852 2292; x_wconf 86' lang='lat' dir='ltr'><strong>filii</strong></span> <span class='ocrx_word' id='word_1_253' title='bbox 1866 2226 2015 2310; x_wconf 89' lang='lat' dir='ltr'><strong>studiis,</strong></span> <span class='ocrx_word' id='word_1_254' title='bbox 2040 2241 2085 2300; x_wconf 92' lang='lat' dir='ltr'><strong>ut</strong></span> <span class='ocrx_word' id='word_1_255' title='bbox 2098 2225 2206 2321; x_wconf 76' lang='lat' dir='ltr'><strong>Augu-</strong></span> 
     </span>
     <span class='ocr_line' id='line_1_20' title="bbox 172 2310 2207 2425; baseline -0.001 -30"><span class='ocrx_word' id='word_1_256' title='bbox 172 2310 485 2415; x_wconf 50' lang='lat' dir='ltr'><strong>&#39;argumentorum</strong></span> <span class='ocrx_word' id='word_1_257' title='bbox 527 2319 744 2413; x_wconf 88' lang='lat' dir='ltr'><strong>Quanquam</strong></span> <span class='ocrx_word' id='word_1_258' title='bbox 756 2333 873 2390; x_wconf 89' lang='lat' dir='ltr'><strong>autem</strong></span> <span class='ocrx_word' id='word_1_259' title='bbox 890 2320 992 2388; x_wconf 90' lang='lat' dir='ltr'><strong>video</strong></span> <span class='ocrx_word' id='word_1_260' title='bbox 1007 2319 1175 2410; x_wconf 81' lang='lat' dir='ltr'><strong>prolixiu·</strong></span> <span class='ocrx_word' id='word_1_261' title='bbox 1226 2319 1340 2389; x_wconf 91' lang='lat' dir='ltr'><strong>stinus</strong></span> <span class='ocrx_word' id='word_1_262' title='bbox 1362 2320 1437 2409; x_wconf 90' lang='lat' dir='ltr'><strong>ipse</strong></span> <span class='ocrx_word' id='word_1_263' title='bbox 1460 2321 1650 2411; x_wconf 88' lang='lat' dir='ltr'><strong>praedicat.</strong></span> <span class='ocrx_word' id='word_1_264' title='bbox 1703 2323 1831 2394; x_wconf 91' lang='lat' dir='ltr'><strong>Matris</strong></span> <span class='ocrx_word' id='word_1_265' title='bbox 1849 2350 1932 2397; x_wconf 90' lang='lat' dir='ltr'><strong>vero</strong></span> <span class='ocrx_word' id='word_1_266' title='bbox 1950 2351 2085 2418; x_wconf 87' lang='lat' dir='ltr'><strong>magna</strong></span> <span class='ocrx_word' id='word_1_267' title='bbox 2113 2332 2207 2425; x_wconf 63' lang='lat' dir='ltr'><strong>pista</strong></span> 
     </span>
     <span class='ocr_line' id='line_1_21' title="bbox 184 2416 2205 2514; baseline -0.007 5"><span class='ocrx_word' id='word_1_268' title='bbox 184 2452 259 2497; x_wconf 64' lang='lat'><em>‘0¹¹¹</em></span> <span class='ocrx_word' id='word_1_269' title='bbox 284 2449 355 2496; x_wconf 66' lang='lat'><strong>⁰⁵⁸⁹</strong></span> <span class='ocrx_word' id='word_1_270' title='bbox 376 2422 569 2512; x_wconf 63' lang='lat' dir='ltr'><strong>Audlssfifli</strong></span> <span class='ocrx_word' id='word_1_271' title='bbox 589 2418 793 2503; x_wconf 67' lang='lat' dir='ltr'><strong>l¹l⁸l⁰l5²¹ms</strong></span> <span class='ocrx_word' id='word_1_272' title='bbox 827 2446 933 2514; x_wconf 79' lang='lat' dir='ltr'><strong>quam</strong></span> <span class='ocrx_word' id='word_1_273' title='bbox 951 2437 992 2494; x_wconf 90' lang='lat' dir='ltr'><strong>ut</strong></span> <span class='ocrx_word' id='word_1_274' title='bbox 1010 2416 1068 2489; x_wconf 88' lang='lat' dir='ltr'><strong>hic</strong></span> <span class='ocrx_word' id='word_1_275' title='bbox 1086 2420 1178 2489; x_wconf 86' lang='lat' dir='ltr'><strong>reci·</strong></span> <span class='ocrx_word' id='word_1_276' title='bbox 1226 2437 1260 2491; x_wconf 89' lang='lat' dir='ltr'><strong>et</strong></span> <span class='ocrx_word' id='word_1_277' title='bbox 1284 2421 1455 2490; x_wconf 87' lang='lat' dir='ltr'><strong>excellens</strong></span> <span class='ocrx_word' id='word_1_278' title='bbox 1481 2423 1520 2491; x_wconf 91' lang='lat' dir='ltr'><strong>in</strong></span> <span class='ocrx_word' id='word_1_279' title='bbox 1544 2427 1642 2493; x_wconf 93' lang='lat' dir='ltr'><strong>omni</strong></span> <span class='ocrx_word' id='word_1_280' title='bbox 1664 2438 1848 2498; x_wconf 88' lang='lat' dir='ltr'><strong>matronae</strong></span> <span class='ocrx_word' id='word_1_281' title='bbox 1874 2429 1992 2500; x_wconf 86' lang='lat' dir='ltr'><strong>officio</strong></span> <span class='ocrx_word' id='word_1_282' title='bbox 2008 2431 2126 2504; x_wconf 82' lang='lat' dir='ltr'><strong>virtus</strong></span> <span class='ocrx_word' id='word_1_283' title='bbox 2138 2431 2205 2503; x_wconf 82' lang='lat' dir='ltr'><strong>tuis</strong></span> 
     </span>
     <span class='ocr_line' id='line_1_22' title="bbox 184 2518 2208 2621; baseline 0.001 -20"><span class='ocrx_word' id='word_1_284' title='bbox 184 2529 252 2601; x_wconf 91' lang='lat' dir='ltr'><strong>tari</strong></span> <span class='ocrx_word' id='word_1_285' title='bbox 278 2541 350 2598; x_wconf 91' lang='lat' dir='ltr'><strong>tota</strong></span> <span class='ocrx_word' id='word_1_286' title='bbox 372 2526 501 2618; x_wconf 88' lang='lat' dir='ltr'><strong>possit,</strong></span> <span class='ocrx_word' id='word_1_287' title='bbox 527 2525 663 2594; x_wconf 91' lang='lat' dir='ltr'><strong>etiamsi</strong></span> <span class='ocrx_word' id='word_1_288' title='bbox 678 2524 786 2592; x_wconf 91' lang='lat' dir='ltr'><strong>velim</strong></span> <span class='ocrx_word' id='word_1_289' title='bbox 809 2549 884 2592; x_wconf 90' lang='lat' dir='ltr'><strong>eam</strong></span> <span class='ocrx_word' id='word_1_290' title='bbox 900 2526 1033 2593; x_wconf 90' lang='lat' dir='ltr'><strong>nudam</strong></span> <span class='ocrx_word' id='word_1_291' title='bbox 1051 2537 1085 2593; x_wconf 92' lang='lat' dir='ltr'><strong>et</strong></span> <span class='ocrx_word' id='word_1_292' title='bbox 1101 2523 1177 2592; x_wconf 88' lang='lat' dir='ltr'><strong>sine</strong></span> <span class='ocrx_word' id='word_1_293' title='bbox 1227 2520 1366 2593; x_wconf 90' lang='lat' dir='ltr'><strong>Omitto</strong></span> <span class='ocrx_word' id='word_1_294' title='bbox 1386 2518 1464 2608; x_wconf 92' lang='lat' dir='ltr'><strong>hic,</strong></span> <span class='ocrx_word' id='word_1_295' title='bbox 1491 2549 1580 2617; x_wconf 89' lang='lat' dir='ltr'><strong>quae</strong></span> <span class='ocrx_word' id='word_1_296' title='bbox 1596 2528 1641 2597; x_wconf 89' lang='lat' dir='ltr'><strong>de</strong></span> <span class='ocrx_word' id='word_1_297' title='bbox 1657 2550 1741 2597; x_wconf 92' lang='lat' dir='ltr'><strong>suae</strong></span> <span class='ocrx_word' id='word_1_298' title='bbox 1755 2530 1933 2621; x_wconf 84' lang='lat' dir='ltr'><strong>puericiae</strong></span> <span class='ocrx_word' id='word_1_299' title='bbox 1950 2535 2120 2605; x_wconf 87' lang='lat' dir='ltr'><strong>moribus</strong></span> <span class='ocrx_word' id='word_1_300' title='bbox 2132 2533 2208 2605; x_wconf 86' lang='lat' dir='ltr'><strong>reci·</strong></span> 
     </span>
     <span class='ocr_line' id='line_1_23' title="bbox 183 2621 2208 2717; baseline -0.001 -15"><span class='ocrx_word' id='word_1_301' title='bbox 183 2631 267 2702; x_wconf 91' lang='lat' dir='ltr'><strong>ullis</strong></span> <span class='ocrx_word' id='word_1_302' title='bbox 283 2629 500 2700; x_wconf 87' lang='lat' dir='ltr'><strong>ornamentis</strong></span> <span class='ocrx_word' id='word_1_303' title='bbox 517 2650 727 2717; x_wconf 88' lang='lat' dir='ltr'><strong>proponere.</strong></span> <span class='ocrx_word' id='word_1_304' title='bbox 779 2624 914 2695; x_wconf 79' lang='lat' dir='ltr'><strong>Verum</strong></span> <span class='ocrx_word' id='word_1_305' title='bbox 930 2627 968 2694; x_wconf 92' lang='lat' dir='ltr'><strong>in</strong></span> <span class='ocrx_word' id='word_1_306' title='bbox 985 2621 1051 2694; x_wconf 90' lang='lat' dir='ltr'><strong>hac</strong></span> <span class='ocrx_word' id='word_1_307' title='bbox 1066 2640 1178 2695; x_wconf 92' lang='lat' dir='ltr'><strong>mate·</strong></span> <span class='ocrx_word' id='word_1_308' title='bbox 1226 2638 1276 2695; x_wconf 89' lang='lat' dir='ltr'><strong>tat</strong></span> <span class='ocrx_word' id='word_1_309' title='bbox 1300 2626 1389 2715; x_wconf 89' lang='lat' dir='ltr'><strong>ipse,</strong></span> <span class='ocrx_word' id='word_1_310' title='bbox 1415 2650 1504 2717; x_wconf 90' lang='lat' dir='ltr'><strong>quae</strong></span> <span class='ocrx_word' id='word_1_311' title='bbox 1526 2640 1610 2697; x_wconf 92' lang='lat' dir='ltr'><strong>sunt</strong></span> <span class='ocrx_word' id='word_1_312' title='bbox 1627 2632 1827 2701; x_wconf 90' lang='lat' dir='ltr'><strong>communia</strong></span> <span class='ocrx_word' id='word_1_313' title='bbox 1842 2633 2014 2704; x_wconf 90' lang='lat' dir='ltr'><strong>omnibus</strong></span> <span class='ocrx_word' id='word_1_314' title='bbox 2035 2637 2142 2709; x_wconf 85' lang='lat' dir='ltr'><strong>etiam</strong></span> <span class='ocrx_word' id='word_1_315' title='bbox 2153 2637 2208 2708; x_wconf 85' lang='lat' dir='ltr'><strong>bo-</strong></span> 
     </span>
     <span class='ocr_line' id='line_1_24' title="bbox 183 2727 2208 2827; baseline -0.002 -22"><span class='ocrx_word' id='word_1_316' title='bbox 183 2735 237 2805; x_wconf 90' lang='lat' dir='ltr'><strong>ria</strong></span> <span class='ocrx_word' id='word_1_317' title='bbox 253 2756 396 2827; x_wconf 93' lang='lat' dir='ltr'><strong>quoquo</strong></span> <span class='ocrx_word' id='word_1_318' title='bbox 410 2732 518 2799; x_wconf 92' lang='lat' dir='ltr'><strong>modo</strong></span> <span class='ocrx_word' id='word_1_319' title='bbox 535 2730 716 2798; x_wconf 90' lang='lat' dir='ltr'><strong>elaborare</strong></span> <span class='ocrx_word' id='word_1_320' title='bbox 732 2729 831 2819; x_wconf 91' lang='lat' dir='ltr'><strong>pium</strong></span> <span class='ocrx_word' id='word_1_321' title='bbox 855 2751 927 2797; x_wconf 90' lang='lat' dir='ltr'><strong>esse</strong></span> <span class='ocrx_word' id='word_1_322' title='bbox 947 2730 1053 2796; x_wconf 89' lang='lat' dir='ltr'><strong>duco:</strong></span> <span class='ocrx_word' id='word_1_323' title='bbox 1081 2728 1176 2818; x_wconf 89' lang='lat' dir='ltr'><strong>quod</strong></span> <span class='ocrx_word' id='word_1_324' title='bbox 1227 2729 1283 2795; x_wconf 91' lang='lat' dir='ltr'><strong>nis</strong></span> <span class='ocrx_word' id='word_1_325' title='bbox 1307 2728 1479 2816; x_wconf 91' lang='lat' dir='ltr'><strong>ingeniis,</strong></span> <span class='ocrx_word' id='word_1_326' title='bbox 1513 2730 1578 2798; x_wconf 89' lang='lat' dir='ltr'><strong>etsi</strong></span> <span class='ocrx_word' id='word_1_327' title='bbox 1599 2731 1714 2802; x_wconf 90' lang='lat' dir='ltr'><strong>voluit</strong></span> <span class='ocrx_word' id='word_1_328' title='bbox 1729 2727 1784 2801; x_wconf 91' lang='lat' dir='ltr'><strong>his</strong></span> <span class='ocrx_word' id='word_1_329' title='bbox 1806 2735 1976 2826; x_wconf 87' lang='lat' dir='ltr'><strong>exemplis</strong></span> <span class='ocrx_word' id='word_1_330' title='bbox 1993 2737 2208 2810; x_wconf 77' lang='lat' dir='ltr'><strong>imbecillita-</strong></span> 
     </span>
     <span class='ocr_line' id='line_1_25' title="bbox 184 2822 2208 2931; baseline 0.002 -26"><span class='ocrx_word' id='word_1_331' title='bbox 184 2837 213 2905; x_wconf 91' lang='lat' dir='ltr'><strong>si</strong></span> <span class='ocrx_word' id='word_1_332' title='bbox 232 2859 294 2904; x_wconf 94' lang='lat' dir='ltr'><strong>vos</strong></span> <span class='ocrx_word' id='word_1_333' title='bbox 312 2855 453 2926; x_wconf 93' lang='lat' dir='ltr'><strong>quoque</strong></span> <span class='ocrx_word' id='word_1_334' title='bbox 469 2830 627 2914; x_wconf 90' lang='lat' dir='ltr'><strong>sentitis,</strong></span> <span class='ocrx_word' id='word_1_335' title='bbox 653 2843 693 2899; x_wconf 91' lang='lat' dir='ltr'><strong>ut</strong></span> <span class='ocrx_word' id='word_1_336' title='bbox 708 2829 882 2915; x_wconf 90' lang='lat' dir='ltr'><strong>arbitror,</strong></span> <span class='ocrx_word' id='word_1_337' title='bbox 908 2822 1096 2921; x_wconf 81' lang='lat' dir='ltr'><strong>peto-mihi</strong></span> <span class='ocrx_word' id='word_1_338' title='bbox 1118 2853 1178 2898; x_wconf 90' lang='lat' dir='ltr'><strong>ve·</strong></span> <span class='ocrx_word' id='word_1_339' title='bbox 1227 2844 1297 2900; x_wconf 91' lang='lat' dir='ltr'><strong>tem</strong></span> <span class='ocrx_word' id='word_1_340' title='bbox 1319 2825 1466 2898; x_wconf 92' lang='lat' dir='ltr'><strong>humani</strong></span> <span class='ocrx_word' id='word_1_341' title='bbox 1489 2832 1627 2919; x_wconf 90' lang='lat' dir='ltr'><strong>generis</strong></span> <span class='ocrx_word' id='word_1_342' title='bbox 1652 2834 1858 2924; x_wconf 85' lang='lat' dir='ltr'><strong>depingere3</strong></span> <span class='ocrx_word' id='word_1_343' title='bbox 1894 2839 1953 2906; x_wconf 92' lang='lat' dir='ltr'><strong>sed</strong></span> <span class='ocrx_word' id='word_1_344' title='bbox 1986 2828 2208 2931; x_wconf 84' lang='lat' dir='ltr'><strong>humanige·</strong></span> 
     </span>
     <span class='ocr_line' id='line_1_26' title="bbox 184 2927 2207 3039; baseline 0 -32"><span class='ocrx_word' id='word_1_345' title='bbox 184 2938 282 3007; x_wconf 91' lang='lat' dir='ltr'><strong>niam</strong></span> <span class='ocrx_word' id='word_1_346' title='bbox 304 2935 401 3014; x_wconf 92' lang='lat' dir='ltr'><strong>dari,</strong></span> <span class='ocrx_word' id='word_1_347' title='bbox 432 2935 529 3025; x_wconf 90' lang='lat' dir='ltr'><strong>quod</strong></span> <span class='ocrx_word' id='word_1_348' title='bbox 554 2932 723 3001; x_wconf 89' lang='lat' dir='ltr'><strong>orationis</strong></span> <span class='ocrx_word' id='word_1_349' title='bbox 745 2955 870 3001; x_wconf 90' lang='lat' dir='ltr'><strong>sonum</strong></span> <span class='ocrx_word' id='word_1_350' title='bbox 892 2957 932 3000; x_wconf 95' lang='lat' dir='ltr'><strong>ac</strong></span> <span class='ocrx_word' id='word_1_351' title='bbox 953 2931 1176 3022; x_wconf 87' lang='lat' dir='ltr'><strong>splendorem</strong></span> <span class='ocrx_word' id='word_1_352' title='bbox 1227 2931 1323 3000; x_wconf 90' lang='lat' dir='ltr'><strong>neris</strong></span> <span class='ocrx_word' id='word_1_353' title='bbox 1338 2933 1519 3022; x_wconf 90' lang='lat' dir='ltr'><strong>corruptio</strong></span> <span class='ocrx_word' id='word_1_354' title='bbox 1534 2927 1639 3003; x_wconf 88' lang='lat' dir='ltr'><strong>habet</strong></span> <span class='ocrx_word' id='word_1_355' title='bbox 1654 2937 1743 3004; x_wconf 93' lang='lat' dir='ltr'><strong>alios</strong></span> <span class='ocrx_word' id='word_1_356' title='bbox 1756 2936 1906 3006; x_wconf 91' lang='lat' dir='ltr'><strong>maiores</strong></span> <span class='ocrx_word' id='word_1_357' title='bbox 1923 2939 2093 3029; x_wconf 88' lang='lat' dir='ltr'><strong>morbos,</strong></span> <span class='ocrx_word' id='word_1_358' title='bbox 2117 2964 2207 3039; x_wconf 84' lang='lat' dir='ltr'><strong>qnam</strong></span> 
     </span>
     <span class='ocr_line' id='line_1_27' title="bbox 183 3034 2233 3134; baseline 0.003 -26"><span class='ocrx_word' id='word_1_359' title='bbox 183 3062 260 3108; x_wconf 88' lang='lat' dir='ltr'><strong>non</strong></span> <span class='ocrx_word' id='word_1_360' title='bbox 285 3036 455 3118; x_wconf 87' lang='lat' dir='ltr'><strong>adhibeo,</strong></span> <span class='ocrx_word' id='word_1_361' title='bbox 488 3058 594 3127; x_wconf 91' lang='lat' dir='ltr'><strong>quem</strong></span> <span class='ocrx_word' id='word_1_362' title='bbox 623 3034 770 3104; x_wconf 91' lang='lat' dir='ltr'><strong>varietas</strong></span> <span class='ocrx_word' id='word_1_363' title='bbox 793 3035 993 3123; x_wconf 90' lang='lat' dir='ltr'><strong>argumenti</strong></span> <span class='ocrx_word' id='word_1_364' title='bbox 1014 3034 1178 3124; x_wconf 85' lang='lat' dir='ltr'><strong>postulat.</strong></span> <span class='ocrx_word' id='word_1_365' title='bbox 1227 3035 1279 3102; x_wconf 92' lang='lat' dir='ltr'><strong>ibi</strong></span> <span class='ocrx_word' id='word_1_366' title='bbox 1296 3048 1532 3108; x_wconf 86' lang='lat' dir='ltr'><strong>recensentur.</strong></span> <span class='ocrx_word' id='word_1_367' title='bbox 1582 3035 1707 3106; x_wconf 90' lang='lat' dir='ltr'><strong>Dicam</strong></span> <span class='ocrx_word' id='word_1_368' title='bbox 1729 3038 1857 3128; x_wconf 91' lang='lat' dir='ltr'><strong>igitur,</strong></span> <span class='ocrx_word' id='word_1_369' title='bbox 1879 3053 1920 3109; x_wconf 90' lang='lat' dir='ltr'><strong>ut</strong></span> <span class='ocrx_word' id='word_1_370' title='bbox 1937 3045 2063 3134; x_wconf 92' lang='lat' dir='ltr'><strong>coepi,</strong></span> <span class='ocrx_word' id='word_1_371' title='bbox 2090 3043 2233 3116; x_wconf 82' lang='lat' dir='ltr'><strong>deeius-</strong></span> 
     </span>
     <span class='ocr_line' id='line_1_28' title="bbox 184 3132 1368 3228; baseline -0.009 -16"><span class='ocrx_word' id='word_1_372' title='bbox 184 3140 267 3212; x_wconf 89' lang='lat' dir='ltr'><strong>Non</strong></span> <span class='ocrx_word' id='word_1_373' title='bbox 282 3139 396 3208; x_wconf 93' lang='lat' dir='ltr'><strong>solum</strong></span> <span class='ocrx_word' id='word_1_374' title='bbox 421 3132 679 3228; x_wconf 89' lang='lat' dir='ltr'><strong>pulcherrimae</strong></span> <span class='ocrx_word' id='word_1_375' title='bbox 701 3137 848 3205; x_wconf 91' lang='lat' dir='ltr'><strong>virtutes</strong></span> <span class='ocrx_word' id='word_1_376' title='bbox 866 3137 952 3205; x_wconf 91' lang='lat' dir='ltr'><strong>boni</strong></span> <span class='ocrx_word' id='word_1_377' title='bbox 966 3135 1129 3205; x_wconf 89' lang='lat' dir='ltr'><strong>Doctoris</strong></span> <span class='ocrx_word' id='word_1_378' title='bbox 1144 3150 1179 3206; x_wconf 91' lang='lat' dir='ltr'><strong>et</strong></span> <span class='ocrx_word' id='word_1_379' title='bbox 1228 3136 1368 3209; x_wconf 89' lang='lat' dir='ltr'><strong>studiis.</strong></span> 
     </span>
    </p>

    <p class='ocr_par' dir='ltr' id='par_1_3' title="bbox 89 3234 2208 3438">
     <span class='ocr_line' id='line_1_29' title="bbox 89 3234 2208 3337; baseline 0 -22"><span class='ocrx_word' id='word_1_380' title='bbox 89 3322 91 3327; x_wconf 67' lang='lat'><strong>,</strong></span> <span class='ocrx_word' id='word_1_381' title='bbox 185 3239 432 3334; x_wconf 87' lang='lat' dir='ltr'><strong>gubernatoris</strong></span> <span class='ocrx_word' id='word_1_382' title='bbox 453 3234 631 3308; x_wconf 82' lang='lat' dir='ltr'><strong>Ecclesiae</strong></span> <span class='ocrx_word' id='word_1_383' title='bbox 653 3234 711 3308; x_wconf 92' lang='lat' dir='ltr'><strong>hic</strong></span> <span class='ocrx_word' id='word_1_384' title='bbox 726 3241 977 3307; x_wconf 88' lang='lat' dir='ltr'><strong>monstrandae</strong></span> <span class='ocrx_word' id='word_1_385' title='bbox 995 3253 1115 3321; x_wconf 91' lang='lat' dir='ltr'><strong>erant,</strong></span> <span class='ocrx_word' id='word_1_386' title='bbox 1143 3251 1179 3307; x_wconf 90' lang='lat' dir='ltr'><strong>et</strong></span> <span class='ocrx_word' id='word_1_387' title='bbox 1326 3235 1518 3328; x_wconf 91' lang='lat' dir='ltr'><strong>Postquam</strong></span> <span class='ocrx_word' id='word_1_388' title='bbox 1536 3236 1635 3306; x_wconf 91' lang='lat' dir='ltr'><strong>domi</strong></span> <span class='ocrx_word' id='word_1_389' title='bbox 1650 3238 1807 3330; x_wconf 86' lang='lat' dir='ltr'><strong>percepit</strong></span> <span class='ocrx_word' id='word_1_390' title='bbox 1823 3237 2115 3337; x_wconf 90' lang='lat' dir='ltr'><strong>Grammaticen,</strong></span> <span class='ocrx_word' id='word_1_391' title='bbox 2138 3248 2208 3318; x_wconf 75' lang='grc' dir='ltr'><strong>ωἱε·</strong></span> 
     </span>
     <span class='ocr_line' id='line_1_30' title="bbox 185 3333 2208 3438; baseline 0 -22"><span class='ocrx_word' id='word_1_392' title='bbox 185 3344 345 3416; x_wconf 89' lang='lat' dir='ltr'><strong>oratione</strong></span> <span class='ocrx_word' id='word_1_393' title='bbox 362 3341 616 3424; x_wconf 86' lang='lat' dir='ltr'><strong>illustrandae,</strong></span> <span class='ocrx_word' id='word_1_394' title='bbox 640 3339 821 3409; x_wconf 88' lang='lat' dir='ltr'><strong>sedetiam</strong></span> <span class='ocrx_word' id='word_1_395' title='bbox 838 3364 966 3431; x_wconf 90' lang='lat' dir='ltr'><strong>magno</strong></span> <span class='ocrx_word' id='word_1_396' title='bbox 982 3355 1083 3410; x_wconf 90' lang='lat' dir='ltr'><strong>motu</strong></span> <span class='ocrx_word' id='word_1_397' title='bbox 1099 3339 1178 3409; x_wconf 87' lang='lat' dir='ltr'><strong>ani·</strong></span> <span class='ocrx_word' id='word_1_398' title='bbox 1228 3361 1286 3408; x_wconf 92' lang='lat' dir='ltr'><strong>sus</strong></span> <span class='ocrx_word' id='word_1_399' title='bbox 1303 3338 1411 3408; x_wconf 90' lang='lat' dir='ltr'><strong>estad</strong></span> <span class='ocrx_word' id='word_1_400' title='bbox 1428 3333 1640 3409; x_wconf 89' lang='lat' dir='ltr'><strong>Rhetorices</strong></span> <span class='ocrx_word' id='word_1_401' title='bbox 1657 3340 1871 3429; x_wconf 82' lang='lat' dir='ltr'><strong>professores</strong></span> <span class='ocrx_word' id='word_1_402' title='bbox 1889 3344 1926 3415; x_wconf 92' lang='lat' dir='ltr'><strong>in</strong></span> <span class='ocrx_word' id='word_1_403' title='bbox 1945 3348 2124 3438; x_wconf 90' lang='lat' dir='ltr'><strong>oppidum</strong></span> <span class='ocrx_word' id='word_1_404' title='bbox 2140 3348 2208 3421; x_wconf 84' lang='lat' dir='ltr'><strong>Ma·</strong></span> 
     </span>
    </p>
   </div>
   <div class='ocr_carea' id='block_1_3' title="bbox 67 3437 2210 3548">
    <p class='ocr_par' dir='ltr' id='par_1_4' title="bbox 67 3437 2210 3548">
     <span class='ocr_line' id='line_1_31' title="bbox 67 3437 2210 3548; baseline 0.012 -36"><span class='ocrx_word' id='word_1_405' title='bbox 67 3454 78 3548; x_wconf 21' lang='grc' dir='ltr'><strong>ς</strong></span> <span class='ocrx_word' id='word_1_406' title='bbox 184 3448 237 3517; x_wconf 89' lang='lat' dir='ltr'><strong>mi</strong></span> <span class='ocrx_word' id='word_1_407' title='bbox 253 3444 470 3536; x_wconf 90' lang='lat' dir='ltr'><strong>deploranda</strong></span> <span class='ocrx_word' id='word_1_408' title='bbox 493 3439 672 3512; x_wconf 89' lang='lat' dir='ltr'><strong>Ecclesiae</strong></span> <span class='ocrx_word' id='word_1_409' title='bbox 689 3442 886 3527; x_wconf 87' lang='lat' dir='ltr'><strong>calamitas,</strong></span> <span class='ocrx_word' id='word_1_410' title='bbox 912 3445 1006 3536; x_wconf 93' lang='lat' dir='ltr'><strong>quod</strong></span> <span class='ocrx_word' id='word_1_411' title='bbox 1026 3443 1090 3510; x_wconf 90' lang='lat' dir='ltr'><strong>diu</strong></span> <span class='ocrx_word' id='word_1_412' title='bbox 1107 3443 1176 3510; x_wconf 91' lang='lat' dir='ltr'><strong>iam</strong></span> <span class='ocrx_word' id='word_1_413' title='bbox 1226 3442 1399 3523; x_wconf 79' lang='lat' dir='ltr'><strong>daucum,</strong></span> <span class='ocrx_word' id='word_1_414' title='bbox 1431 3443 1525 3531; x_wconf 83' lang='lat' dir='ltr'><strong>quod</strong></span> <span class='ocrx_word' id='word_1_415' title='bbox 1552 3467 1572 3511; x_wconf 75' lang='lat' dir='ltr'><strong>a</strong></span> <span class='ocrx_word' id='word_1_416' title='bbox 1598 3437 1775 3511; x_wconf 66' lang='lat' dir='ltr'><strong>Thtbesla</strong></span> <span class='ocrx_word' id='word_1_417' title='bbox 1799 3444 1902 3517; x_wconf 60' lang='lat' dir='ltr'><strong>dimi</strong></span> <span class='ocrx_word' id='word_1_418' title='bbox 1930 3449 2136 3523; x_wconf 57' lang='lat' dir='ltr'><strong>“filistiim</strong></span> <span class='ocrx_word' id='word_1_419' title='bbox 2156 3476 2210 3522; x_wconf 78' lang='lat'>¹¹⁰·</span> 
     </span>
    </p>
   </div>
   <div class='ocr_carea' id='block_1_4' title="bbox 184 3541 2251 5479">
    <p class='ocr_par' dir='ltr' id='par_1_5' title="bbox 184 3541 2251 5479">
     <span class='ocr_line' id='line_1_32' title="bbox 186 3541 2208 3641; baseline 0.003 -23"><span class='ocrx_word' id='word_1_420' title='bbox 186 3574 252 3641; x_wconf 91' lang='lat' dir='ltr'><strong>pro</strong></span> <span class='ocrx_word' id='word_1_421' title='bbox 276 3545 487 3635; x_wconf 88' lang='lat' dir='ltr'><strong>Augustinis</strong></span> <span class='ocrx_word' id='word_1_422' title='bbox 510 3558 658 3632; x_wconf 86' lang='lat' dir='ltr'><strong>regnant</strong></span> <span class='ocrx_word' id='word_1_423' title='bbox 688 3542 890 3629; x_wconf 89' lang='lat' dir='ltr'><strong>Pontifices,</strong></span> <span class='ocrx_word' id='word_1_424' title='bbox 932 3542 1113 3633; x_wconf 89' lang='lat' dir='ltr'><strong>Caligulae</strong></span> <span class='ocrx_word' id='word_1_425' title='bbox 1144 3556 1179 3612; x_wconf 91' lang='lat' dir='ltr'><strong>et</strong></span> <span class='ocrx_word' id='word_1_426' title='bbox 1227 3546 1308 3611; x_wconf 90' lang='lat' dir='ltr'><strong>stris</strong></span> <span class='ocrx_word' id='word_1_427' title='bbox 1330 3541 1460 3631; x_wconf 92' lang='lat' dir='ltr'><strong>opinor</strong></span> <span class='ocrx_word' id='word_1_428' title='bbox 1483 3557 1626 3633; x_wconf 86' lang='lat' dir='ltr'><strong>septem.</strong></span> <span class='ocrx_word' id='word_1_429' title='bbox 1684 3542 1878 3636; x_wconf 86' lang='lat' dir='ltr'><strong>Praecipua</strong></span> <span class='ocrx_word' id='word_1_430' title='bbox 1903 3562 1988 3619; x_wconf 91' lang='lat' dir='ltr'><strong>tunc</strong></span> <span class='ocrx_word' id='word_1_431' title='bbox 2018 3552 2059 3621; x_wconf 92' lang='lat' dir='ltr'><strong>in</strong></span> <span class='ocrx_word' id='word_1_432' title='bbox 2093 3548 2208 3624; x_wconf 84' lang='lat' dir='ltr'><strong>scholis</strong></span> 
     </span>
     <span class='ocr_line' id='line_1_33' title="bbox 184 3642 2209 3732; baseline 0.003 -11"><span class='ocrx_word' id='word_1_433' title='bbox 184 3648 363 3732; x_wconf 85' lang='lat' dir='ltr'><strong>Nerones,</strong></span> <span class='ocrx_word' id='word_1_434' title='bbox 385 3661 418 3715; x_wconf 89' lang='lat' dir='ltr'><strong>et</strong></span> <span class='ocrx_word' id='word_1_435' title='bbox 433 3645 582 3715; x_wconf 85' lang='lat' dir='ltr'><strong>extincta</strong></span> <span class='ocrx_word' id='word_1_436' title='bbox 598 3646 707 3713; x_wconf 91' lang='lat' dir='ltr'><strong>veteri</strong></span> <span class='ocrx_word' id='word_1_437' title='bbox 717 3647 898 3728; x_wconf 90' lang='lat' dir='ltr'><strong>doctrina,</strong></span> <span class='ocrx_word' id='word_1_438' title='bbox 919 3670 958 3714; x_wconf 91' lang='lat' dir='ltr'><strong>ac</strong></span> <span class='ocrx_word' id='word_1_439' title='bbox 971 3642 1178 3714; x_wconf 88' lang='lat' dir='ltr'><strong>luceEvan—</strong></span> <span class='ocrx_word' id='word_1_440' title='bbox 1228 3669 1311 3713; x_wconf 90' lang='lat' dir='ltr'><strong>cura</strong></span> <span class='ocrx_word' id='word_1_441' title='bbox 1340 3656 1414 3712; x_wconf 90' lang='lat' dir='ltr'><strong>erat</strong></span> <span class='ocrx_word' id='word_1_442' title='bbox 1435 3646 1657 3713; x_wconf 80' lang='lat' dir='ltr'><strong>adsuefacere</strong></span> <span class='ocrx_word' id='word_1_443' title='bbox 1688 3646 1927 3718; x_wconf 84' lang='lat' dir='ltr'><strong>adolescentes</strong></span> <span class='ocrx_word' id='word_1_444' title='bbox 1948 3653 1992 3721; x_wconf 91' lang='lat' dir='ltr'><strong>ad</strong></span> <span class='ocrx_word' id='word_1_445' title='bbox 2020 3656 2209 3727; x_wconf 83' lang='lat' dir='ltr'><strong>declaman-</strong></span> 
     </span>
     <span class='ocr_line' id='line_1_34' title="bbox 187 3741 2210 3848; baseline 0.004 -28"><span class='ocrx_word' id='word_1_446' title='bbox 187 3752 289 3842; x_wconf 89' lang='lat' dir='ltr'><strong>gelii,</strong></span> <span class='ocrx_word' id='word_1_447' title='bbox 310 3745 509 3818; x_wconf 89' lang='lat' dir='ltr'><strong>horrendae</strong></span> <span class='ocrx_word' id='word_1_448' title='bbox 527 3748 690 3815; x_wconf 90' lang='lat' dir='ltr'><strong>tenebrae</strong></span> <span class='ocrx_word' id='word_1_449' title='bbox 706 3741 899 3814; x_wconf 89' lang='lat' dir='ltr'><strong>Ecclesiam</strong></span> <span class='ocrx_word' id='word_1_450' title='bbox 918 3762 1178 3836; x_wconf 90' lang='lat' dir='ltr'><strong>oppresserunt.</strong></span> <span class='ocrx_word' id='word_1_451' title='bbox 1229 3747 1315 3813; x_wconf 90' lang='lat' dir='ltr'><strong>dum</strong></span> <span class='ocrx_word' id='word_1_452' title='bbox 1341 3748 1440 3814; x_wconf 90' lang='lat' dir='ltr'><strong>etad</strong></span> <span class='ocrx_word' id='word_1_453' title='bbox 1463 3747 1734 3836; x_wconf 84' lang='lat' dir='ltr'><strong>extemporalem</strong></span> <span class='ocrx_word' id='word_1_454' title='bbox 1757 3749 1972 3825; x_wconf 76' lang='lat' dir='ltr'><strong>facundiam.</strong></span> <span class='ocrx_word' id='word_1_455' title='bbox 2029 3754 2074 3825; x_wconf 92' lang='lat' dir='ltr'><strong>ln</strong></span> <span class='ocrx_word' id='word_1_456' title='bbox 2096 3783 2140 3828; x_wconf 87' lang='lat' dir='ltr'><strong>eo</strong></span> <span class='ocrx_word' id='word_1_457' title='bbox 2164 3780 2210 3848; x_wconf 84' lang='lat' dir='ltr'><strong>gs·</strong></span> 
     </span>
     <span class='ocr_line' id='line_1_35' title="bbox 185 3843 2211 3941; baseline 0.003 -17"><span class='ocrx_word' id='word_1_458' title='bbox 185 3851 356 3925; x_wconf 89' lang='lat' dir='ltr'><strong>Doctrina</strong></span> <span class='ocrx_word' id='word_1_459' title='bbox 372 3852 416 3920; x_wconf 92' lang='lat' dir='ltr'><strong>de</strong></span> <span class='ocrx_word' id='word_1_460' title='bbox 438 3849 507 3917; x_wconf 85' lang='lat' dir='ltr'><strong>fide</strong></span> <span class='ocrx_word' id='word_1_461' title='bbox 523 3860 556 3917; x_wconf 90' lang='lat' dir='ltr'><strong>et</strong></span> <span class='ocrx_word' id='word_1_462' title='bbox 572 3872 653 3916; x_wconf 91' lang='lat' dir='ltr'><strong>vcra</strong></span> <span class='ocrx_word' id='word_1_463' title='bbox 670 3847 894 3918; x_wconf 89' lang='lat' dir='ltr'><strong>invocatione</strong></span> <span class='ocrx_word' id='word_1_464' title='bbox 911 3843 1177 3917; x_wconf 84' lang='lat' dir='ltr'><strong>Christi&#39;deleta</strong></span> <span class='ocrx_word' id='word_1_465' title='bbox 1228 3871 1313 3916; x_wconf 90' lang='lat' dir='ltr'><strong>nere</strong></span> <span class='ocrx_word' id='word_1_466' title='bbox 1336 3871 1416 3915; x_wconf 89' lang='lat' dir='ltr'><strong>cum</strong></span> <span class='ocrx_word' id='word_1_467' title='bbox 1443 3848 1653 3941; x_wconf 89' lang='lat' dir='ltr'><strong>aliquandiu</strong></span> <span class='ocrx_word' id='word_1_468' title='bbox 1676 3851 1884 3921; x_wconf 84' lang='lat' dir='ltr'><strong>exercitatus</strong></span> <span class='ocrx_word' id='word_1_469' title='bbox 1908 3867 1996 3925; x_wconf 88' lang='lat' dir='ltr'><strong>esset</strong></span> <span class='ocrx_word' id='word_1_470' title='bbox 2024 3872 2062 3929; x_wconf 90' lang='lat' dir='ltr'><strong>et</strong></span> <span class='ocrx_word' id='word_1_471' title='bbox 2088 3858 2211 3932; x_wconf 83' lang='lat' dir='ltr'><strong>foelici-</strong></span> 
     </span>
     <span class='ocr_line' id='line_1_36' title="bbox 185 3943 2211 4056; baseline -0 -30"><span class='ocrx_word' id='word_1_472' title='bbox 185 3970 257 4040; x_wconf 90' lang='lat' dir='ltr'><strong>est,</strong></span> <span class='ocrx_word' id='word_1_473' title='bbox 288 3953 454 4023; x_wconf 88' lang='lat' dir='ltr'><strong>idolatria</strong></span> <span class='ocrx_word' id='word_1_474' title='bbox 478 3950 661 4019; x_wconf 86' lang='lat' dir='ltr'><strong>manifesta</strong></span> <span class='ocrx_word' id='word_1_475' title='bbox 685 3962 841 4038; x_wconf 91' lang='lat' dir='ltr'><strong>recepta,</strong></span> <span class='ocrx_word' id='word_1_476' title='bbox 874 3963 907 4018; x_wconf 90' lang='lat' dir='ltr'><strong>et</strong></span> <span class='ocrx_word' id='word_1_477' title='bbox 929 3949 967 4017; x_wconf 91' lang='lat' dir='ltr'><strong>in</strong></span> <span class='ocrx_word' id='word_1_478' title='bbox 990 3943 1127 4018; x_wconf 91' lang='lat' dir='ltr'><strong>scholas</strong></span> <span class='ocrx_word' id='word_1_479' title='bbox 1145 3964 1179 4020; x_wconf 90' lang='lat' dir='ltr'><strong>et</strong></span> <span class='ocrx_word' id='word_1_480' title='bbox 1229 3965 1282 4020; x_wconf 90' lang='lat' dir='ltr'><strong>ter</strong></span> <span class='ocrx_word' id='word_1_481' title='bbox 1308 3951 1556 4037; x_wconf 86' lang='lat' dir='ltr'><strong>promovisset,</strong></span> <span class='ocrx_word' id='word_1_482' title='bbox 1597 3947 1849 4040; x_wconf 91' lang='lat' dir='ltr'><strong>Carthaginem</strong></span> <span class='ocrx_word' id='word_1_483' title='bbox 1877 3956 2055 4045; x_wconf 90' lang='lat' dir='ltr'><strong>mittitur,</strong></span> <span class='ocrx_word' id='word_1_484' title='bbox 2089 3980 2211 4056; x_wconf 74' lang='lat' dir='ltr'><strong>quaes</strong></span> 
     </span>
     <span class='ocr_line' id='line_1_37' title="bbox 186 4050 2214 4141; baseline 0.004 -14"><span class='ocrx_word' id='word_1_485' title='bbox 186 4056 376 4127; x_wconf 89' lang='lat' dir='ltr'><strong>conciones</strong></span> <span class='ocrx_word' id='word_1_486' title='bbox 390 4055 547 4121; x_wconf 89' lang='lat' dir='ltr'><strong>invectae</strong></span> <span class='ocrx_word' id='word_1_487' title='bbox 562 4065 645 4121; x_wconf 92' lang='lat' dir='ltr'><strong>sunt</strong></span> <span class='ocrx_word' id='word_1_488' title='bbox 659 4050 789 4141; x_wconf 90' lang='lat' dir='ltr'><strong>impiae</strong></span> <span class='ocrx_word' id='word_1_489' title='bbox 809 4052 1052 4141; x_wconf 88' lang='lat' dir='ltr'><strong>persuasiones</strong></span> <span class='ocrx_word' id='word_1_490' title='bbox 1066 4051 1179 4141; x_wconf 91' lang='lat' dir='ltr'><strong>pluri·</strong></span> <span class='ocrx_word' id='word_1_491' title='bbox 1229 4050 1406 4121; x_wconf 90' lang='lat' dir='ltr'><strong>Madauro</strong></span> <span class='ocrx_word' id='word_1_492' title='bbox 1421 4052 1518 4119; x_wconf 89' lang='lat' dir='ltr'><strong>abest</strong></span> <span class='ocrx_word' id='word_1_493' title='bbox 1534 4052 1671 4120; x_wconf 89' lang='lat' dir='ltr'><strong>circiter</strong></span> <span class='ocrx_word' id='word_1_494' title='bbox 1687 4054 1807 4121; x_wconf 90' lang='lat' dir='ltr'><strong>decem</strong></span> <span class='ocrx_word' id='word_1_495' title='bbox 1823 4069 1942 4126; x_wconf 91' lang='lat' dir='ltr'><strong>nostra</strong></span> <span class='ocrx_word' id='word_1_496' title='bbox 1958 4060 2131 4139; x_wconf 88' lang='lat' dir='ltr'><strong>miliaria.</strong></span> <span class='ocrx_word' id='word_1_497' title='bbox 2171 4060 2214 4135; x_wconf 79' lang='lat' dir='ltr'><strong>lbi</strong></span> 
     </span>
     <span class='ocr_line' id='line_1_38' title="bbox 185 4150 2215 4251; baseline 0.006 -26"><span class='ocrx_word' id='word_1_498' title='bbox 185 4183 263 4226; x_wconf 88' lang='lat' dir='ltr'><strong>mae</strong></span> <span class='ocrx_word' id='word_1_499' title='bbox 298 4170 333 4225; x_wconf 93' lang='lat' dir='ltr'><strong>et</strong></span> <span class='ocrx_word' id='word_1_500' title='bbox 364 4154 616 4244; x_wconf 91' lang='lat' dir='ltr'><strong>nugacissimae</strong></span> <span class='ocrx_word' id='word_1_501' title='bbox 648 4153 754 4220; x_wconf 87' lang='lat' dir='ltr'><strong>rixae.</strong></span> <span class='ocrx_word' id='word_1_502' title='bbox 816 4150 893 4219; x_wconf 90' lang='lat' dir='ltr'><strong>Hae</strong></span> <span class='ocrx_word' id='word_1_503' title='bbox 923 4154 1085 4244; x_wconf 91' lang='lat' dir='ltr'><strong>querelae</strong></span> <span class='ocrx_word' id='word_1_504' title='bbox 1115 4155 1179 4222; x_wconf 92' lang='lat' dir='ltr'><strong>ad·</strong></span> <span class='ocrx_word' id='word_1_505' title='bbox 1229 4178 1309 4222; x_wconf 95' lang='lat' dir='ltr'><strong>cum</strong></span> <span class='ocrx_word' id='word_1_506' title='bbox 1335 4154 1368 4222; x_wconf 83' lang='lat' dir='ltr'><strong>el</strong></span> <span class='ocrx_word' id='word_1_507' title='bbox 1392 4153 1612 4244; x_wconf 92' lang='lat' dir='ltr'><strong>eloquentiae</strong></span> <span class='ocrx_word' id='word_1_508' title='bbox 1629 4168 1664 4223; x_wconf 93' lang='lat' dir='ltr'><strong>et</strong></span> <span class='ocrx_word' id='word_1_509' title='bbox 1684 4150 1935 4246; x_wconf 90' lang='lat' dir='ltr'><strong>Philosophiae</strong></span> <span class='ocrx_word' id='word_1_510' title='bbox 1954 4185 2105 4250; x_wconf 89' lang='lat' dir='ltr'><strong>operam</strong></span> <span class='ocrx_word' id='word_1_511' title='bbox 2121 4166 2215 4251; x_wconf 84' lang='lat' dir='ltr'><strong>daret,</strong></span> 
     </span>
     <span class='ocr_line' id='line_1_39' title="bbox 186 4251 2214 4355; baseline 0.006 -26"><span class='ocrx_word' id='word_1_512' title='bbox 186 4261 323 4330; x_wconf 91' lang='lat' dir='ltr'><strong>dendae</strong></span> <span class='ocrx_word' id='word_1_513' title='bbox 341 4270 442 4326; x_wconf 90' lang='lat' dir='ltr'><strong>erant</strong></span> <span class='ocrx_word' id='word_1_514' title='bbox 454 4251 509 4323; x_wconf 92' lang='lat' dir='ltr'><strong>his</strong></span> <span class='ocrx_word' id='word_1_515' title='bbox 524 4251 1064 4342; x_wconf 87' lang='lat' dir='ltr'><strong>narrationibusdeAugustino‚</strong></span> <span class='ocrx_word' id='word_1_516' title='bbox 1089 4279 1178 4345; x_wconf 90' lang='lat' dir='ltr'><strong>quae</strong></span> <span class='ocrx_word' id='word_1_517' title='bbox 1229 4278 1395 4343; x_wconf 89' lang='lat' dir='ltr'><strong>magnae,</strong></span> <span class='ocrx_word' id='word_1_518' title='bbox 1421 4255 1628 4344; x_wconf 90' lang='lat' dir='ltr'><strong>opulentae,</strong></span> <span class='ocrx_word' id='word_1_519' title='bbox 1651 4269 1685 4324; x_wconf 92' lang='lat' dir='ltr'><strong>et</strong></span> <span class='ocrx_word' id='word_1_520' title='bbox 1698 4257 1836 4325; x_wconf 87' lang='lat' dir='ltr'><strong>ociosae</strong></span> <span class='ocrx_word' id='word_1_521' title='bbox 1849 4260 1949 4329; x_wconf 89' lang='lat' dir='ltr'><strong>urbis</strong></span> <span class='ocrx_word' id='word_1_522' title='bbox 1964 4262 2164 4355; x_wconf 86' lang='lat' dir='ltr'><strong>illecebris,</strong></span> <span class='ocrx_word' id='word_1_523' title='bbox 2183 4290 2214 4341; x_wconf 86' lang='lat' dir='ltr'><strong>st</strong></span> 
     </span>
     <span class='ocr_line' id='line_1_40' title="bbox 186 4355 2215 4454; baseline 0.007 -26"><span class='ocrx_word' id='word_1_524' title='bbox 186 4386 268 4432; x_wconf 90' lang='lat' dir='ltr'><strong>cum</strong></span> <span class='ocrx_word' id='word_1_525' title='bbox 285 4372 428 4451; x_wconf 88' lang='lat' dir='ltr'><strong>propter</strong></span> <span class='ocrx_word' id='word_1_526' title='bbox 452 4355 620 4446; x_wconf 88' lang='lat' dir='ltr'><strong>temporis</strong></span> <span class='ocrx_word' id='word_1_527' title='bbox 633 4356 842 4424; x_wconf 89' lang='lat' dir='ltr'><strong>brevitatem</strong></span> <span class='ocrx_word' id='word_1_528' title='bbox 867 4358 1082 4425; x_wconf 84' lang='lat' dir='ltr'><strong>omittendae</strong></span> <span class='ocrx_word' id='word_1_529' title='bbox 1096 4358 1179 4439; x_wconf 91' lang='lat' dir='ltr'><strong>sint,</strong></span> <span class='ocrx_word' id='word_1_530' title='bbox 1230 4357 1371 4425; x_wconf 81' lang='lat' dir='ltr'><strong>licentia</strong></span> <span class='ocrx_word' id='word_1_531' title='bbox 1397 4369 1536 4434; x_wconf 88' lang='lat' dir='ltr'><strong>narrat,</strong></span> <span class='ocrx_word' id='word_1_532' title='bbox 1570 4371 1603 4425; x_wconf 87' lang='lat' dir='ltr'><strong>et</strong></span> <span class='ocrx_word' id='word_1_533' title='bbox 1623 4364 1706 4424; x_wconf 89' lang='lat' dir='ltr'><strong>suos</strong></span> <span class='ocrx_word' id='word_1_534' title='bbox 1725 4382 1840 4427; x_wconf 90' lang='lat' dir='ltr'><strong>mores</strong></span> <span class='ocrx_word' id='word_1_535' title='bbox 1861 4378 2051 4454; x_wconf 90' lang='lat' dir='ltr'><strong>corruptos</strong></span> <span class='ocrx_word' id='word_1_536' title='bbox 2067 4391 2163 4453; x_wconf 86' lang='lat' dir='ltr'><strong>esse,</strong></span> <span class='ocrx_word' id='word_1_537' title='bbox 2184 4392 2215 4443; x_wconf 85' lang='lat' dir='ltr'><strong>st</strong></span> 
     </span>
     <span class='ocr_line' id='line_1_41' title="bbox 185 4457 2215 4561; baseline 0.006 -28"><span class='ocrx_word' id='word_1_538' title='bbox 185 4463 291 4533; x_wconf 91' lang='lat' dir='ltr'><strong>initio</strong></span> <span class='ocrx_word' id='word_1_539' title='bbox 308 4459 480 4530; x_wconf 90' lang='lat' dir='ltr'><strong>orationis</strong></span> <span class='ocrx_word' id='word_1_540' title='bbox 495 4457 651 4526; x_wconf 90' lang='lat' dir='ltr'><strong>breviter</strong></span> <span class='ocrx_word' id='word_1_541' title='bbox 671 4457 841 4525; x_wconf 90' lang='lat' dir='ltr'><strong>admonui</strong></span> <span class='ocrx_word' id='word_1_542' title='bbox 859 4458 1111 4542; x_wconf 90' lang='lat' dir='ltr'><strong>adulescentes,</strong></span> <span class='ocrx_word' id='word_1_543' title='bbox 1138 4472 1179 4527; x_wconf 90' lang='lat' dir='ltr'><strong>ut</strong></span> <span class='ocrx_word' id='word_1_544' title='bbox 1229 4459 1442 4526; x_wconf 89' lang='lat' dir='ltr'><strong>nominatim</strong></span> <span class='ocrx_word' id='word_1_545' title='bbox 1465 4458 1627 4548; x_wconf 90' lang='lat' dir='ltr'><strong>queritur</strong></span> <span class='ocrx_word' id='word_1_546' title='bbox 1648 4458 1715 4528; x_wconf 91' lang='lat' dir='ltr'><strong>sibi</strong></span> <span class='ocrx_word' id='word_1_547' title='bbox 1746 4464 1942 4550; x_wconf 90' lang='lat' dir='ltr'><strong>spectacula</strong></span> <span class='ocrx_word' id='word_1_548' title='bbox 1969 4479 2006 4537; x_wconf 89' lang='lat' dir='ltr'><strong>et</strong></span> <span class='ocrx_word' id='word_1_549' title='bbox 2033 4493 2147 4561; x_wconf 83' lang='lat' dir='ltr'><strong>prava</strong></span> <span class='ocrx_word' id='word_1_550' title='bbox 2168 4496 2215 4545; x_wconf 83' lang='lat' dir='ltr'><strong>so·</strong></span> 
     </span>
     <span class='ocr_line' id='line_1_42' title="bbox 186 4554 2217 4667; baseline 0.003 -31"><span class='ocrx_word' id='word_1_551' title='bbox 186 4590 267 4636; x_wconf 91' lang='lat' dir='ltr'><strong>cum</strong></span> <span class='ocrx_word' id='word_1_552' title='bbox 290 4563 436 4632; x_wconf 90' lang='lat' dir='ltr'><strong>audient</strong></span> <span class='ocrx_word' id='word_1_553' title='bbox 458 4554 662 4641; x_wconf 89' lang='lat' dir='ltr'><strong>historiam,</strong></span> <span class='ocrx_word' id='word_1_554' title='bbox 696 4558 765 4647; x_wconf 89' lang='lat' dir='ltr'><strong>ipsi</strong></span> <span class='ocrx_word' id='word_1_555' title='bbox 783 4559 965 4628; x_wconf 82' lang='lat' dir='ltr'><strong>conserant</strong></span> <span class='ocrx_word' id='word_1_556' title='bbox 979 4561 1178 4652; x_wconf 89' lang='lat' dir='ltr'><strong>exemplum</strong></span> <span class='ocrx_word' id='word_1_557' title='bbox 1229 4559 1357 4626; x_wconf 89' lang='lat' dir='ltr'><strong>dalicia</strong></span> <span class='ocrx_word' id='word_1_558' title='bbox 1373 4561 1551 4640; x_wconf 88' lang='lat' dir='ltr'><strong>nocuisse,</strong></span> <span class='ocrx_word' id='word_1_559' title='bbox 1577 4584 1665 4651; x_wconf 90' lang='lat' dir='ltr'><strong>quae</strong></span> <span class='ocrx_word' id='word_1_560' title='bbox 1682 4576 1764 4631; x_wconf 92' lang='lat' dir='ltr'><strong>sunt</strong></span> <span class='ocrx_word' id='word_1_561' title='bbox 1780 4586 1985 4636; x_wconf 92' lang='lat' dir='ltr'><strong>communes</strong></span> <span class='ocrx_word' id='word_1_562' title='bbox 2003 4574 2217 4667; x_wconf 84' lang='lat' dir='ltr'><strong>corruptelae</strong></span> 
     </span>
     <span class='ocr_line' id='line_1_43' title="bbox 185 4655 2216 4761; baseline 0.006 -25"><span class='ocrx_word' id='word_1_563' title='bbox 185 4668 278 4758; x_wconf 86' lang='lat' dir='ltr'><strong>apud</strong></span> <span class='ocrx_word' id='word_1_564' title='bbox 308 4688 382 4734; x_wconf 89' lang='lat' dir='ltr'><strong>sese</strong></span> <span class='ocrx_word' id='word_1_565' title='bbox 413 4665 457 4730; x_wconf 89' lang='lat' dir='ltr'><strong>ad</strong></span> <span class='ocrx_word' id='word_1_566' title='bbox 487 4661 557 4730; x_wconf 90' lang='lat' dir='ltr'><strong>alia</strong></span> <span class='ocrx_word' id='word_1_567' title='bbox 582 4675 751 4750; x_wconf 89' lang='lat' dir='ltr'><strong>tempora.</strong></span> <span class='ocrx_word' id='word_1_568' title='bbox 812 4655 931 4729; x_wconf 92' lang='lat' dir='ltr'><strong>Audio</strong></span> <span class='ocrx_word' id='word_1_569' title='bbox 959 4676 1041 4731; x_wconf 89' lang='lat' dir='ltr'><strong>ante</strong></span> <span class='ocrx_word' id='word_1_570' title='bbox 1064 4685 1178 4730; x_wconf 90' lang='lat' dir='ltr'><strong>annos</strong></span> <span class='ocrx_word' id='word_1_571' title='bbox 1230 4660 1439 4728; x_wconf 88' lang='lat' dir='ltr'><strong>iuventutis:</strong></span> <span class='ocrx_word' id='word_1_572' title='bbox 1466 4663 1628 4729; x_wconf 91' lang='lat' dir='ltr'><strong>nondum</strong></span> <span class='ocrx_word' id='word_1_573' title='bbox 1645 4662 1741 4730; x_wconf 90' lang='lat' dir='ltr'><strong>enim</strong></span> <span class='ocrx_word' id='word_1_574' title='bbox 1760 4664 1935 4755; x_wconf 88' lang='lat' dir='ltr'><strong>baptismo</strong></span> <span class='ocrx_word' id='word_1_575' title='bbox 1959 4668 2216 4761; x_wconf 76' lang='lat' dir='ltr'><strong>initiatuserd,</strong></span> 
     </span>
     <span class='ocr_line' id='line_1_44' title="bbox 185 4757 2216 4859; baseline 0.008 -23"><span class='ocrx_word' id='word_1_576' title='bbox 185 4769 275 4837; x_wconf 91' lang='lat' dir='ltr'><strong>duos</strong></span> <span class='ocrx_word' id='word_1_577' title='bbox 298 4779 332 4837; x_wconf 88' lang='lat' dir='ltr'><strong>et</strong></span> <span class='ocrx_word' id='word_1_578' title='bbox 354 4764 482 4855; x_wconf 89' lang='lat' dir='ltr'><strong>viginti</strong></span> <span class='ocrx_word' id='word_1_579' title='bbox 507 4758 663 4832; x_wconf 89' lang='lat' dir='ltr'><strong>habitam</strong></span> <span class='ocrx_word' id='word_1_580' title='bbox 686 4776 759 4830; x_wconf 87' lang='lat' dir='ltr'><strong>esse</strong></span> <span class='ocrx_word' id='word_1_581' title='bbox 775 4763 971 4832; x_wconf 89' lang='lat' dir='ltr'><strong>orationem</strong></span> <span class='ocrx_word' id='word_1_582' title='bbox 995 4765 1040 4832; x_wconf 90' lang='lat' dir='ltr'><strong>de</strong></span> <span class='ocrx_word' id='word_1_583' title='bbox 1053 4765 1178 4852; x_wconf 91' lang='lat' dir='ltr'><strong>Augu·</strong></span> <span class='ocrx_word' id='word_1_584' title='bbox 1230 4762 1294 4830; x_wconf 90' lang='lat' dir='ltr'><strong>etsi</strong></span> <span class='ocrx_word' id='word_1_585' title='bbox 1309 4757 1549 4830; x_wconf 90' lang='lat' dir='ltr'><strong>Christianam</strong></span> <span class='ocrx_word' id='word_1_586' title='bbox 1573 4763 1779 4852; x_wconf 90' lang='lat' dir='ltr'><strong>religionem</strong></span> <span class='ocrx_word' id='word_1_587' title='bbox 1804 4768 1985 4859; x_wconf 87' lang='lat' dir='ltr'><strong>amplexus</strong></span> <span class='ocrx_word' id='word_1_588' title='bbox 1998 4790 2089 4849; x_wconf 87' lang='lat' dir='ltr'><strong>crat.</strong></span> <span class='ocrx_word' id='word_1_589' title='bbox 2144 4760 2216 4852; x_wconf 74' lang='lat' dir='ltr'><strong>Fit</strong></span> 
     </span>
     <span class='ocr_line' id='line_1_45' title="bbox 186 4860 2217 4962; baseline 0.007 -24"><span class='ocrx_word' id='word_1_590' title='bbox 186 4870 298 4954; x_wconf 92' lang='lat' dir='ltr'><strong>stino,</strong></span> <span class='ocrx_word' id='word_1_591' title='bbox 324 4893 344 4936; x_wconf 87' lang='lat' dir='ltr'><strong>a</strong></span> <span class='ocrx_word' id='word_1_592' title='bbox 366 4866 562 4936; x_wconf 90' lang='lat' dir='ltr'><strong>reverendo</strong></span> <span class='ocrx_word' id='word_1_593' title='bbox 584 4861 629 4936; x_wconf 89' lang='lat' dir='ltr'><strong>D.</strong></span> <span class='ocrx_word' id='word_1_594' title='bbox 651 4860 805 4931; x_wconf 89' lang='lat' dir='ltr'><strong>Doctore</strong></span> <span class='ocrx_word' id='word_1_595' title='bbox 829 4863 989 4934; x_wconf 91' lang='lat' dir='ltr'><strong>Martino</strong></span> <span class='ocrx_word' id='word_1_596' title='bbox 1007 4861 1179 4948; x_wconf 89' lang='lat' dir='ltr'><strong>Luthero,</strong></span> <span class='ocrx_word' id='word_1_597' title='bbox 1230 4863 1324 4932; x_wconf 92' lang='lat' dir='ltr'><strong>enim</strong></span> <span class='ocrx_word' id='word_1_598' title='bbox 1346 4863 1472 4932; x_wconf 90' lang='lat' dir='ltr'><strong>vitiosa</strong></span> <span class='ocrx_word' id='word_1_599' title='bbox 1503 4868 1721 4936; x_wconf 88' lang='lat' dir='ltr'><strong>consuetudo</strong></span> <span class='ocrx_word' id='word_1_600' title='bbox 1751 4867 1814 4951; x_wconf 90' lang='lat' dir='ltr'><strong>iis,</strong></span> <span class='ocrx_word' id='word_1_601' title='bbox 1846 4870 1908 4962; x_wconf 89' lang='lat' dir='ltr'><strong>qui</strong></span> <span class='ocrx_word' id='word_1_602' title='bbox 1930 4872 2085 4949; x_wconf 90' lang='lat' dir='ltr'><strong>liberius</strong></span> <span class='ocrx_word' id='word_1_603' title='bbox 2109 4882 2217 4953; x_wconf 78' lang='lat' dir='ltr'><strong>vivers</strong></span> 
     </span>
     <span class='ocr_line' id='line_1_46' title="bbox 185 4961 2251 5067; baseline 0.007 -29"><span class='ocrx_word' id='word_1_604' title='bbox 185 4971 420 5039; x_wconf 88' lang='lat' dir='ltr'><strong>instauratore</strong></span> <span class='ocrx_word' id='word_1_605' title='bbox 448 4965 604 5057; x_wconf 91' lang='lat' dir='ltr'><strong>purioris</strong></span> <span class='ocrx_word' id='word_1_606' title='bbox 633 4965 815 5035; x_wconf 90' lang='lat' dir='ltr'><strong>doctrinae</strong></span> <span class='ocrx_word' id='word_1_607' title='bbox 840 4961 1046 5053; x_wconf 84' lang='lat' dir='ltr'><strong>Evangelii,</strong></span> <span class='ocrx_word' id='word_1_608' title='bbox 1077 4990 1178 5055; x_wconf 87' lang='lat' dir='ltr'><strong>prae-</strong></span> <span class='ocrx_word' id='word_1_609' title='bbox 1230 4965 1437 5054; x_wconf 88' lang='lat' dir='ltr'><strong>cupiebant,</strong></span> <span class='ocrx_word' id='word_1_610' title='bbox 1479 4965 1623 5035; x_wconf 88' lang='lat' dir='ltr'><strong>differre</strong></span> <span class='ocrx_word' id='word_1_611' title='bbox 1652 4967 1868 5059; x_wconf 91' lang='lat' dir='ltr'><strong>baptismum</strong></span> <span class='ocrx_word' id='word_1_612' title='bbox 1895 4996 2010 5067; x_wconf 85' lang='lat' dir='ltr'><strong>usque</strong></span> <span class='ocrx_word' id='word_1_613' title='bbox 2044 4982 2094 5050; x_wconf 85' lang='lat' dir='ltr'><strong>ad</strong></span> <span class='ocrx_word' id='word_1_614' title='bbox 2126 5006 2217 5055; x_wconf 85' lang='lat' dir='ltr'><strong>seus-</strong></span> <span class='ocrx_word' id='word_1_615' title='bbox 2248 4972 2251 5051; x_wconf 73' lang='grc' dir='ltr'><em>Ξ</em></span> 
     </span>
     <span class='ocr_line' id='line_1_47' title="bbox 186 5064 2217 5166; baseline 0.007 -24"><span class='ocrx_word' id='word_1_616' title='bbox 186 5085 325 5162; x_wconf 90' lang='lat' dir='ltr'><strong>ceptore</strong></span> <span class='ocrx_word' id='word_1_617' title='bbox 340 5083 462 5140; x_wconf 92' lang='lat' dir='ltr'><strong>nostro</strong></span> <span class='ocrx_word' id='word_1_618' title='bbox 473 5091 609 5136; x_wconf 89' lang='lat' dir='ltr'><strong>summa</strong></span> <span class='ocrx_word' id='word_1_619' title='bbox 625 5066 753 5156; x_wconf 89' lang='lat' dir='ltr'><strong>pietate</strong></span> <span class='ocrx_word' id='word_1_620' title='bbox 768 5079 802 5135; x_wconf 90' lang='lat' dir='ltr'><strong>et</strong></span> <span class='ocrx_word' id='word_1_621' title='bbox 816 5067 1039 5135; x_wconf 87' lang='lat' dir='ltr'><strong>observantia</strong></span> <span class='ocrx_word' id='word_1_622' title='bbox 1057 5067 1178 5135; x_wconf 89' lang='lat' dir='ltr'><strong>colen·</strong></span> <span class='ocrx_word' id='word_1_623' title='bbox 1230 5079 1341 5146; x_wconf 88' lang='lat' dir='ltr'><strong>ctam,</strong></span> <span class='ocrx_word' id='word_1_624' title='bbox 1375 5081 1415 5137; x_wconf 91' lang='lat' dir='ltr'><strong>ut</strong></span> <span class='ocrx_word' id='word_1_625' title='bbox 1438 5079 1557 5157; x_wconf 91' lang='lat' dir='ltr'><strong>postea</strong></span> <span class='ocrx_word' id='word_1_626' title='bbox 1582 5069 1689 5136; x_wconf 90' lang='lat' dir='ltr'><strong>semel</strong></span> <span class='ocrx_word' id='word_1_627' title='bbox 1722 5070 1853 5142; x_wconf 89' lang='lat' dir='ltr'><strong>deleret</strong></span> <span class='ocrx_word' id='word_1_628' title='bbox 1879 5064 2080 5166; x_wconf 82' lang='lat' dir='ltr'><strong>baptismus</strong></span> <span class='ocrx_word' id='word_1_629' title='bbox 2103 5104 2217 5157; x_wconf 78' lang='lat' dir='ltr'><strong>omnes</strong></span> 
     </span>
     <span class='ocr_line' id='line_1_48' title="bbox 185 5164 2219 5263; baseline 0.009 -20"><span class='ocrx_word' id='word_1_630' title='bbox 185 5176 251 5257; x_wconf 93' lang='lat' dir='ltr'><strong>do,</strong></span> <span class='ocrx_word' id='word_1_631' title='bbox 277 5175 404 5259; x_wconf 87' lang='lat' dir='ltr'><strong>inqua</strong></span> <span class='ocrx_word' id='word_1_632' title='bbox 425 5165 609 5238; x_wconf 89' lang='lat' dir='ltr'><strong>historiam</strong></span> <span class='ocrx_word' id='word_1_633' title='bbox 631 5164 825 5256; x_wconf 85' lang='lat' dir='ltr'><strong>Augustini</strong></span> <span class='ocrx_word' id='word_1_634' title='bbox 850 5167 1001 5236; x_wconf 90' lang='lat' dir='ltr'><strong>contulit</strong></span> <span class='ocrx_word' id='word_1_635' title='bbox 1017 5169 1059 5236; x_wconf 91' lang='lat' dir='ltr'><strong>ad</strong></span> <span class='ocrx_word' id='word_1_636' title='bbox 1079 5166 1179 5236; x_wconf 88' lang='lat' dir='ltr'><strong>Psal-</strong></span> <span class='ocrx_word' id='word_1_637' title='bbox 1229 5168 1365 5257; x_wconf 89' lang='lat' dir='ltr'><strong>priores</strong></span> <span class='ocrx_word' id='word_1_638' title='bbox 1379 5169 1507 5260; x_wconf 89' lang='lat' dir='ltr'><strong>lapsus.</strong></span> <span class='ocrx_word' id='word_1_639' title='bbox 1561 5167 1777 5263; x_wconf 88' lang='lat' dir='ltr'><strong>Quanquam</strong></span> <span class='ocrx_word' id='word_1_640' title='bbox 1803 5186 1920 5244; x_wconf 89' lang='lat' dir='ltr'><strong>autem</strong></span> <span class='ocrx_word' id='word_1_641' title='bbox 1937 5177 2115 5256; x_wconf 90' lang='lat' dir='ltr'><strong>nonnihil</strong></span> <span class='ocrx_word' id='word_1_642' title='bbox 2130 5186 2219 5259; x_wconf 78' lang='lat' dir='ltr'><strong>tan-</strong></span> 
     </span>
     <span class='ocr_line' id='line_1_49' title="bbox 185 5267 2217 5383; baseline 0.007 -40"><span class='ocrx_word' id='word_1_643' title='bbox 185 5297 302 5344; x_wconf 89' lang='lat' dir='ltr'><strong>mum:</strong></span> <span class='ocrx_word' id='word_1_644' title='bbox 334 5268 465 5341; x_wconf 89' lang='lat' dir='ltr'><strong>Beatus</strong></span> <span class='ocrx_word' id='word_1_645' title='bbox 480 5270 535 5338; x_wconf 91' lang='lat' dir='ltr'><strong>vir</strong></span> <span class='ocrx_word' id='word_1_646' title='bbox 558 5269 619 5362; x_wconf 92' lang='lat' dir='ltr'><strong>qui</strong></span> <span class='ocrx_word' id='word_1_647' title='bbox 636 5292 710 5338; x_wconf 94' lang='lat' dir='ltr'><strong>non</strong></span> <span class='ocrx_word' id='word_1_648' title='bbox 727 5269 816 5337; x_wconf 90' lang='lat' dir='ltr'><strong>abiit</strong></span> <span class='ocrx_word' id='word_1_649' title='bbox 832 5267 870 5334; x_wconf 94' lang='lat' dir='ltr'><strong>in</strong></span> <span class='ocrx_word' id='word_1_650' title='bbox 887 5267 1036 5336; x_wconf 90' lang='lat' dir='ltr'><strong>consilio</strong></span> <span class='ocrx_word' id='word_1_651' title='bbox 1049 5269 1178 5360; x_wconf 90' lang='lat' dir='ltr'><strong>impio-</strong></span> <span class='ocrx_word' id='word_1_652' title='bbox 1228 5269 1279 5338; x_wconf 93' lang='lat' dir='ltr'><strong>vit</strong></span> <span class='ocrx_word' id='word_1_653' title='bbox 1294 5270 1434 5338; x_wconf 85' lang='lat' dir='ltr'><strong>frenum</strong></span> <span class='ocrx_word' id='word_1_654' title='bbox 1450 5271 1722 5361; x_wconf 90' lang='lat' dir='ltr'><strong>cupiditatibus,</strong></span> <span class='ocrx_word' id='word_1_655' title='bbox 1746 5284 1864 5344; x_wconf 89' lang='lat' dir='ltr'><strong>tamen</strong></span> <span class='ocrx_word' id='word_1_656' title='bbox 1885 5301 2003 5350; x_wconf 88' lang='lat' dir='ltr'><strong>mores</strong></span> <span class='ocrx_word' id='word_1_657' title='bbox 2027 5302 2135 5362; x_wconf 88' lang='lat' dir='ltr'><strong>erant</strong></span> <span class='ocrx_word' id='word_1_658' title='bbox 2148 5290 2217 5383; x_wconf 82' lang='lat' dir='ltr'><strong>pla-</strong></span> 
     </span>
     <span class='ocr_line' id='line_1_50' title="bbox 184 5363 2218 5479; baseline 0.009 -37"><span class='ocrx_word' id='word_1_659' title='bbox 184 5400 266 5447; x_wconf 89' lang='lat' dir='ltr'><strong>rum</strong></span> <span class='ocrx_word' id='word_1_660' title='bbox 277 5389 345 5445; x_wconf 86' lang='lat' dir='ltr'><strong>etc.</strong></span> <span class='ocrx_word' id='word_1_661' title='bbox 398 5370 441 5442; x_wconf 91' lang='lat' dir='ltr'><strong>ln</strong></span> <span class='ocrx_word' id='word_1_662' title='bbox 464 5395 534 5462; x_wconf 89' lang='lat' dir='ltr'><strong>quo</strong></span> <span class='ocrx_word' id='word_1_663' title='bbox 548 5368 690 5440; x_wconf 91' lang='lat' dir='ltr'><strong>Psalmo</strong></span> <span class='ocrx_word' id='word_1_664' title='bbox 707 5368 788 5460; x_wconf 92' lang='lat' dir='ltr'><strong>pius</strong></span> <span class='ocrx_word' id='word_1_665' title='bbox 805 5363 939 5437; x_wconf 93' lang='lat' dir='ltr'><strong>Doctor</strong></span> <span class='ocrx_word' id='word_1_666' title='bbox 954 5369 1180 5456; x_wconf 91' lang='lat' dir='ltr'><strong>describitur,</strong></span> <span class='ocrx_word' id='word_1_667' title='bbox 1229 5369 1319 5455; x_wconf 91' lang='lat' dir='ltr'><strong>cidi,</strong></span> <span class='ocrx_word' id='word_1_668' title='bbox 1344 5385 1466 5442; x_wconf 90' lang='lat' dir='ltr'><strong>etnon</strong></span> <span class='ocrx_word' id='word_1_669' title='bbox 1480 5374 1685 5465; x_wconf 90' lang='lat' dir='ltr'><strong>pugnabant</strong></span> <span class='ocrx_word' id='word_1_670' title='bbox 1697 5398 1777 5443; x_wconf 90' lang='lat' dir='ltr'><strong>cum</strong></span> <span class='ocrx_word' id='word_1_671' title='bbox 1796 5375 1933 5466; x_wconf 86' lang='lat' dir='ltr'><strong>legibus</strong></span> <span class='ocrx_word' id='word_1_672' title='bbox 1958 5383 2138 5479; x_wconf 87' lang='lat' dir='ltr'><strong>civitatis,</strong></span> <span class='ocrx_word' id='word_1_673' title='bbox 2160 5410 2218 5461; x_wconf 82' lang='lat' dir='ltr'><strong>uec</strong></span> 
     </span>
    </p>
   </div>
   <div class='ocr_carea' id='block_1_5' title="bbox 74 5469 2217 5571">
    <p class='ocr_par' dir='ltr' id='par_1_6' title="bbox 74 5469 2217 5571">
     <span class='ocr_line' id='line_1_51' title="bbox 74 5469 2217 5571; baseline 0.007 -25"><span class='ocrx_word' id='word_1_674' title='bbox 74 5565 77 5569; x_wconf 13' lang='lat'>⁸</span> <span class='ocrx_word' id='word_1_675' title='bbox 184 5478 249 5571; x_wconf 88' lang='lat' dir='ltr'><strong>qui</strong></span> <span class='ocrx_word' id='word_1_676' title='bbox 273 5497 374 5547; x_wconf 87' lang='lat' dir='ltr'><strong>verae</strong></span> <span class='ocrx_word' id='word_1_677' title='bbox 387 5469 566 5547; x_wconf 84' lang='lat' dir='ltr'><strong>Ecclesiae</strong></span> <span class='ocrx_word' id='word_1_678' title='bbox 588 5470 799 5546; x_wconf 87' lang='lat' dir='ltr'><strong>sententiam</strong></span> <span class='ocrx_word' id='word_1_679' title='bbox 823 5483 947 5542; x_wconf 90' lang='lat' dir='ltr'><strong>contra</strong></span> <span class='ocrx_word' id='word_1_680' title='bbox 961 5470 1090 5565; x_wconf 92' lang='lat' dir='ltr'><strong>impios</strong></span> <span class='ocrx_word' id='word_1_681' title='bbox 1104 5470 1181 5545; x_wconf 91' lang='lat' dir='ltr'><strong>Do·</strong></span> <span class='ocrx_word' id='word_1_682' title='bbox 1228 5495 1373 5565; x_wconf 89' lang='lat' dir='ltr'><strong>prorsus</strong></span> <span class='ocrx_word' id='word_1_683' title='bbox 1396 5475 1571 5548; x_wconf 89' lang='lat' dir='ltr'><strong>abductus</strong></span> <span class='ocrx_word' id='word_1_684' title='bbox 1591 5489 1644 5547; x_wconf 89' lang='lat' dir='ltr'><strong>est</strong></span> <span class='ocrx_word' id='word_1_685' title='bbox 1665 5474 1804 5548; x_wconf 89' lang='lat' dir='ltr'><strong>animus</strong></span> <span class='ocrx_word' id='word_1_686' title='bbox 1827 5503 1849 5550; x_wconf 91' lang='lat' dir='ltr'><strong>a</strong></span> <span class='ocrx_word' id='word_1_687' title='bbox 1871 5482 2010 5562; x_wconf 89' lang='lat' dir='ltr'><strong>studiis.</strong></span> <span class='ocrx_word' id='word_1_688' title='bbox 2023 5508 2034 5558; x_wconf 76' lang='lat' dir='ltr'>J</span> <span class='ocrx_word' id='word_1_689' title='bbox 2063 5487 2123 5563; x_wconf 88' lang='lat' dir='ltr'><strong>lbi</strong></span> <span class='ocrx_word' id='word_1_690' title='bbox 2146 5514 2217 5567; x_wconf 81' lang='lat' dir='ltr'><strong>oon</strong></span> 
     </span>
    </p>
   </div>
   <div class='ocr_carea' id='block_1_6' title="bbox 0 0 2344 6020">
    <p class='ocr_par' dir='ltr' id='par_1_7' title="bbox 0 0 2344 6020">
     <span class='ocr_line' id='line_1_52' title="bbox 0 0 2344 6020; baseline 0 0"><span class='ocrx_word' id='word_1_691' title='bbox 0 0 2344 6020; x_wconf 95' lang='lat' dir='ltr'><strong> </strong></span> 
     </span>
    </p>
   </div>
  </div>
 </body>
</html>
