4664 6022
107 324 216 404 ost
812 310 969 394 DECL.
1001 311 1079 391 DE
1109 311 1505 395 ARISTOTELE,
1614 437 1616 440 y
2098 316 2163 397 ddi

143 500 340 574 dedicasse:
366 490 432 565 'cui
455 490 667 584 epigramma
690 482 916 580 quodadhnc
931 502 1044 575 extat,
1074 489 1133 559 in·
1183 491 1311 582 probet
1336 488 1505 573 maxime,
1543 486 1627 558 satis
1658 501 1776 581 aperte
1806 488 1974 564 ostendit.
2040 483 2088 562 At
2113 485 2165 564 laic

145 601 304 694 scripsit,
336 597 375 667 in
392 618 463 690 quo
478 617 552 663 non
569 591 685 660 solum
699 588 943 661 testimonium
959 585 1134 672 honorid-
1185 606 1306 662 noster
1327 584 1535 662 methodum
1559 591 1665 660 nobis
1690 590 1879 677 informat,
1909 604 1952 663 ut
1974 604 2095 684 postea
2117 595 2166 663 di·

147 730 249 785 cum,
273 697 454 771 sedetiam
472 691 678 765 vaticinium
692 690 915 762 continetur:
1186 718 1281 779 cam,
1304 692 1530 763 utilissimam
1547 693 1591 762 ad
1613 694 1767 783 regenda
1789 691 1922 765 indicia
1946 693 1986 762 in
2008 693 2166 766 omnibus

299 804 391 871 Nulla
404 806 503 867 ferent
518 806 609 866 talene
622 803 700 862 secla
710 798 817 862 future
827 803 938 865 virum.
1186 793 1370 868 doctrinis.

81 954 85 962 ·
149 905 296 979 Mortuo
318 901 426 992 igitur
448 899 617 983 Platone,
656 919 736 966 cum
759 896 829 965 iam
852 918 944 986 pene
966 891 1137 984 attigisset
1288 893 1332 965 In
1348 889 1416 964 hoc
1431 893 1509 965 ocio
1518 893 1690 967 Graeciae
1704 896 1809 968 etiam
1822 917 1950 967 aureos
1963 894 2050 966 illos
2066 895 2165 967 libros

150 1005 357 1080 Aristoteles
381 999 689 1097 quadragesimum
711 1019 865 1080 annum,
907 1019 988 1066 cum
1010 998 1137 1066 domna
1188 1000 1232 1068 de
1246 997 1383 1069 naturis
1398 987 1636 1087 animantium
1652 997 1803 1092 scripsit,
1828 999 1971 1069 adiutus
1979 995 2165 1067 Alexandri

147 1110 225 1181 eins
240 1105 545 1177 nobilissimorum
561 1095 747 1169 hominum
764 1097 962 1193 frequentia
979 1099 1138 1168 celebra·
1188 1099 1409 1172 liberalitate.
1447 1092 1552 1193 xilem
1568 1101 1714 1190 privatis
1729 1098 1930 1192 sumptibus
1954 1111 1991 1170 et
2015 1122 2037 1169 a
2060 1098 2166 1194 paucis

150 1225 269 1287 retur,
312 1203 451 1277 scholas
478 1199 610 1275 habere
637 1200 763 1291 coepit.
833 1199 904 1273 Sed
934 1200 1034 1269 brevi
1059 1212 1138 1290 post
1189 1200 1366 1292 explorari
1397 1211 1494 1270 tanta
1515 1216 1663 1293 naturae
1686 1201 1836 1271 varietas
1858 1223 2088 1294 nequequam
2113 1223 2165 1291 po·

151 1308 339 1400 Philippus
361 1306 511 1378 Macedo
534 1303 680 1374 accersit
701 1327 780 1372 eum
803 1304 847 1372 ad
874 1326 929 1385 se,
961 1316 1003 1371 ut
1024 1302 1137 1370 tilium
1189 1304 1268 1374 suia
1319 1300 1425 1372 Misit
1440 1299 1550 1391 igitdr
1571 1303 1603 1370 ei
1619 1291 1822 1373 Alexander
1847 1301 1887 1370 in
1908 1296 2004 1371 hanc
2028 1300 2165 1394 inquisi-

151 1408 395 1482 Alexandrum
417 1406 586 1480 erudiret.
646 1403 725 1475 Hoc
748 1403 919 1475 iudicium
943 1403 1035 1492 regis
1056 1401 1138 1472 Ma·
1189 1406 1323 1479 tionem
1353 1404 1567 1472 conferenda
1597 1404 1730 1480 talenta
1758 1402 1979 1493 octingenta,
2022 1396 2165 1487 hoc-est,

150 1512 312 1583 sedonici
329 1535 369 1578 eo
381 1507 491 1599 magis
506 1507 708 1577 mirandum
724 1507 835 1589 duco,
868 1505 962 1597 quod
980 1528 1061 1573 cum
1079 1527 1139 1572 eo-
1190 1504 1447 1600 quadringenta
1464 1515 1498 1573 et
1514 1505 1690 1595 octoginta
1708 1503 1822 1574 millia
1837 1514 2112 1589 coronatorum,
2131 1502 2165 1572 ad

151 1616 232 1683 dem
253 1629 412 1703 tempore
435 1608 604 1679 lsocrates
626 1609 768 1677 floreret
789 1605 981 1698 sapientiae
1004 1605 1139 1689 et·e107
1191 1607 1442 1678 conducendos
1463 1619 1647 1677 venatores
1668 1619 1703 1675 et
1725 1608 1770 1675 ad
1793 1605 1922 1677 bestias
1940 1604 2111 1689 alendas,
2136 1614 2166 1675 tt

152 1713 315 1808 quentiae
332 1714 443 1791 fama,
470 1723 505 1781 et
521 1710 595 1800 regi
610 1710 800 1778 admodum
816 1706 949 1777 amicus
963 1719 1071 1790 esset,
1105 1719 1139 1775 et
1191 1706 1345 1802 conspici
1360 1730 1480 1777 earum
1495 1720 1642 1777 naturae
1652 1719 1805 1798 possent.
1829 1698 2166 1776 PraeclarcAlexrtt·

152 1811 243 1885 hanc
259 1815 370 1904 ipsam
393 1811 591 1882 doctrinam
617 1811 854 1900 profiteretur,
887 1831 977 1901 quae
997 1808 1043 1876 ab
1067 1806 1139 1875 illis
1191 1811 1266 1880 der.
1306 1805 1396 1877 Nam
1413 1808 1506 1877 inter
1519 1809 1723 1898 praecipuas
1738 1831 1859 1898 regum
1876 1828 1982 1877 curas
1999 1800 2166 1877 murae

151 1915 293 2007 politica
321 1916 533 1998 vocabatur,
571 1911 791 2002 maximeque
824 1910 1006 1979 videretur
1042 1907 1140 1978 utilis
1191 1914 1310 1990 decet,
1330 1909 1439 1978 vitam
1458 1903 1644 1978 bominum
1661 1903 1808 1979 honesta
1823 1908 1989 1978 doctrina
2007 1907 2166 1978 instruere

78 2002 85 2013 ³
152 2016 242 2107 regi:
286 2015 461 2104 praelatus
490 2027 608 2083 tamen
624 2006 861 2095 Aristoteles,
906 2023 1050 2100 propter
1080 2032 1140 2078 co-
1192 2026 1297 2106 atque
1322 2032 1469 2093 ornare,
1503 2010 1626 2102 idque,
1661 2023 1704 2079 ut
1728 2009 1844 2094 fieret,
1875 2007 2059 2079 divinitus
2083 2032 2166 2101 prse-

151 2118 261 2209 piam,
281 2130 321 2186 ut
335 2116 503 2196 arbitror,
526 2125 560 2182 et
575 2111 777 2182 varietatem
793 2110 988 2180 doctrinae.
1022 2108 1140 2181 Testi—
1192 2110 1488 2183 stantissimorum
1511 2110 1713 2201 principum
1738 2111 1937 2181 voluntates
1961 2109 2166 2180 subindcad

151 2218 313 2287 monium
328 2240 412 2285 vero
437 2217 481 2284 de
502 2213 662 2283 moribus
681 2205 749 2281 hoc
772 2213 942 2282 ducamus
964 2234 1038 2280 esse
1060 2234 1140 2301 gra-
1192 2229 1284 2285 artes
1304 2212 1552 2282 instaurandas
1570 2209 1737 2283 excitatae
1756 2226 1852 2285 sunt.
1903 2208 2030 2297 Atlas,
2057 2206 2166 2293 Orion,

152 2319 349 2389 vissimum.
414 2313 505 2384 Nisi'
525 2314 620 2383 enim
649 2336 709 2382 rex
737 2314 917 2400 probasset
939 2308 1142 2382 Aristotelis
1193 2314 1391 2385 doctrinam
1421 2314 1466 2382 de
1497 2313 1652 2383 motibus
1681 2313 1855 2400 siderum,
1894 2325 1929 2384 et
1953 2311 2114 2383 fortassis
2132 2312 2166 2379 dc

152 2442 285 2503 mores,
309 2441 384 2486 non
401 2417 678 2484 commendasset
702 2413 734 2481 ei
754 2414 887 2499 filium,
917 2437 1023 2506 quern
1044 2416 1141 2485 vole·
1193 2416 1280 2486 anni
1292 2414 1396 2483 metis
1410 2412 1578 2484 Graeciae
1594 2415 1827 2486 tradiderunt.
1867 2412 1942 2485 Nec
1960 2412 2086 2505 inepte
2096 2411 2165 2481 dicit

153 2524 213 2591 bat
229 2522 272 2588 ad
290 2517 461 2588 iustitiam
480 2528 514 2584 et
527 2514 827 2601 moderationem,
852 2529 893 2585 ut
908 2515 982 2605 ipse
1001 2517 1141 2605 praedi·
1194 2517 1325 2596 Iulius,
1351 2539 1387 2582 se
1402 2515 1508 2584 etiarn
1526 2514 1619 2585 inter
1635 2529 1829 2585 castrorum
1845 2512 2038 2600 fremitus,
2072 2527 2104 2586 ct
2120 2526 2164 2583 tu·

152 2621 270 2702 rabat,
302 2615 369 2688 hac
390 2616 531 2685 mitiore
545 2631 580 2686 et
594 2617 753 2685 dulciore
767 2616 928 2686 doctrina
943 2617 1141 2687 adsuefieci.
1195 2622 1320 2688 barum
1354 2615 1513 2699 classica,
1553 2629 1670 2685 tamen
1696 2615 1832 2710 aliquid
1860 2616 2029 2686 tribuere
2059 2613 2164 2687 studiis

153 2719 288 2791 Didicit
303 2720 409 2809 igitur
427 2713 628 2786 Alexander
642 2717 777 2800 literas,
810 2730 991 2807 poemata,
1017 2714 1143 2788 Philo·
1194 2718 1377 2790 doctrinae
1391 2715 1543 2788 coelesti.
1596 2714 1655 2785 Sic
1672 2716 1766 2784 enim
1784 2718 1902 2812 inquit
1917 2716 2109 2788 Lucanus:

152 2817 336 2912 sophiam,
362 2832 396 2887 el
413 2831 548 2906 partem
564 2817 720 2908 aliquam
737 2816 900 2885 Medicas
916 2819 1012 2889 artis.
1049 2817 1140 2888 Nam
1295 2823 1396 2887 Media
1410 2826 1488 2884 inter
1501 2824 1612 2913 praelia
1627 2845 1744 2904 semper

152 2918 245 2990 hanc
268 2941 409 3012 qunque
429 2930 521 2986 recte
542 2916 731 3001 iudicavit,
771 2917 920 2988 ducturo
949 2918 1141 3011 aliquando
1295 2923 1457 2988 Stellarum
1471 2927 1609 3008 coelique
1622 2927 1736 3008 plagis,
1762 2927 1938 3008 superisque
1952 2929 2077 2989 sarad.

153 3021 328 3090 exercitus
350 3040 477 3107 magno
492 3018 572 3087 usui
587 3019 674 3088 fore.
1294 3026 1409 3090 Tantus
1423 3048 1507 3088 aanor
1521 3029 1595 3093 seri.

255 3117 346 3191 Cum
378 3133 494 3188 autem
522 3142 635 3187 annos
666 3131 744 3188 octo
781 3120 876 3209 apud
900 3116 1141 3192 Alexandrum
1194 3120 1307 3192 Iullus
1328 3122 1454 3211 igitur,
1485 3136 1526 3191 ut
1547 3120 1662 3206 scitis,
1693 3119 1760 3189 toti
1782 3119 1862 3189 orbi
1885 3132 2076 3193 terrenam
2096 3116 2162 3191 bnt

154 3222 358 3300 mansisset,
390 3220 496 3289 rediit
516 3215 675 3289 Athenas
698 3217 923 3306 Aristoteles,
956 3248 997 3294 ac
1021 3245 1142 3292 rursus
1194 3225 1278 3293 anni
1304 3223 1599 3313 descriptionem,
1626 3244 1693 3315 qua
1718 3215 1888 3290 hactenus
1904 3222 2074 3308 utimur,
2094 3218 2167 3293 testi

154 3327 280 3394 docere
299 3321 440 3415 publice
456 3321 582 3412 coepit.
628 3317 706 3391 Etsi
723 3335 839 3391 autem
855 3325 971 3393 studia
989 3319 1142 3394 Athenis
1194 3324 1340 3394 curavit.
1394 3319 1534 3394 Omitto
1565 3323 1664 3396 alios.
1715 3319 1820 3393 Nunc
1852 3326 2095 3395 metuendum
2122 3334 2171 3405 cst,

153 3423 363 3519 aliquandiu
378 3423 613 3493 interturbata
629 3435 729 3506 sunt,
755 3447 835 3492 cum
846 3421 1069 3494 Macedonici
1085 3449 1141 3493 rc·
1193 3427 1395 3517 principum
1419 3424 1632 3515 negligentia
1655 3423 1784 3492 multas
1806 3416 1975 3495 honestas
2000 3440 2099 3497 artes
2127 3425 2171 3493 in·
2208 3486 2210 3493 .

154 3549 213 3615 ges
230 3549 328 3595 arma
345 3522 515 3593 Graeciae
533 3524 721 3592 inferrent:
755 3535 873 3593 temen
890 3540 1028 3616 postea,
1060 3551 1141 3596 cum
1194 3528 1359 3598 terituras
1377 3549 1461 3599 esse.
1511 3523 1627 3596 Deum
1645 3524 1752 3612 igitur
1768 3548 1929 3604 oremus,
1969 3526 2172 3598 utsaniortt

156 3624 358 3696 Alexander
373 3625 410 3692 in
430 3621 550 3699 Asiam
565 3625 721 3708 traiecit,
754 3625 964 3700 ociumfuit.
1014 3624 1142 3697 Etau-
1193 3629 1332 3721 aliquos
1347 3629 1535 3707 accendat,
1558 3639 1599 3697 ut
1616 3626 1654 3692 in
1680 3621 1745 3694 hac
1767 3648 1806 3694 re
1826 3629 2017 3697 communi
2041 3623 2174 3699 utilitati

154 3727 332 3799 toritatem
356 3721 559 3795 Aristotelis
587 3725 760 3815 profuisse
787 3722 957 3797 Graeciae
978 3752 1052 3796 non
1074 3730 1141 3797 du·
1193 3729 1331 3819 generis
1346 3724 1494 3798 hnmani
1509 3727 1707 3816 diligentia,
1733 3739 1768 3795 et
1781 3726 1966 3797 liberalius
1980 3730 2174 3800 consulant.

154 3828 254 3896 bium
279 3839 348 3909 est,
388 3848 468 3895 cum
495 3847 612 3914 regem
641 3825 810 3895 victorem
833 3827 878 3895 de
901 3828 1142 3899 moderatione
1297 3829 1367 3901 Sed
1391 3830 1496 3899 redeo
1517 3829 1561 3896 ad
1586 3824 1831 3912 Aristotelem,
1868 3827 1931 3920 qui
1955 3829 1999 3899 in
2021 3830 2090 3902 illo
2109 3828 2176 3901 odo

154 3928 322 3997 victoriae
338 3925 448 3996 multa
461 3938 638 4010 moneret,
673 3942 708 3998 et
722 3929 928 3999 accenderet
944 3932 989 3999 ad
1007 3931 1141 4001 bellum
1194 3955 1370 4001 annorum
1400 3929 1587 4014 tredecim,
1622 3952 1692 4020 quo
1719 3923 1869 3999 Athenis
1897 3929 2045 4018 docuit,
2076 3930 2176 4001 mttlte

155 4028 193 4096 in
209 4024 331 4097 Asiam
348 4026 643 4098 transferendum.
695 4024 825 4098 Extant
844 4023 953 4099 hodi'e
974 4033 1142 4123 epistolae
1194 4033 1353 4122 scripsit,
1380 4055 1531 4124 quorum
1549 4053 1628 4122 pars
1650 4053 1725 4099 non
1749 4031 2016 4101 contemnenda
2041 4053 2176 4124 prorsus

91 4199 95 4205 ,
153 4131 198 4196 sd
216 4122 460 4197 Alexandrum
478 4129 523 4196 ab
540 4128 615 4217 ipso
632 4130 802 4221 scriptae,
840 4128 1032 4226 inquibus
1056 4129 1141 4203 haec
1193 4133 1319 4226 periit,
1340 4132 1435 4203 utin
1449 4133 1556 4203 tantis
1581 4147 1616 4205 et
1635 4144 1709 4201 tam
1731 4131 1863 4200 crebris
1884 4132 2110 4205 tumultibus
2127 4155 2177 4203 re·

154 4223 401 4298 honestissima
430 4228 544 4298 oratio
567 4242 638 4313 eat,
668 4231 815 4322 imperia
838 4235 881 4301 ad
907 4235 1081 4304 iusticiam
1106 4250 1141 4305 et
1193 4259 1273 4306 rum
1291 4228 1528 4304 humanarum
1544 4258 1619 4303 nnn
1634 4233 1749 4303 solum
1765 4231 1850 4301 libri
1873 4244 1909 4303 et
1932 4227 2102 4322 chartae,
2123 4232 2178 4306 aad

154 4333 197 4399 ad
218 4329 509 4400 benefaciendum
525 4330 647 4419 generi
665 4327 823 4402 humano
846 4334 1030 4405 referenda
1054 4358 1142 4421 esse,
1194 4336 1302 4407 etiam
1326 4336 1408 4404 illae
1428 4335 1524 4428 ipsae
1544 4357 1665 4405 saxeae
1685 4333 1797 4402 moles
1815 4345 1922 4425 atque
1940 4355 2067 4424 arces,
2096 4357 2179 4431 quat

153 4454 228 4499 non
246 4432 291 4499 ad
307 4430 507 4523 superbiam
527 4445 561 4501 et
575 4426 764 4501 hominnm
782 4434 986 4524 perniciem.
1193 4439 1361 4507 adversus
1374 4460 1515 4504 ornnem
1530 4434 1700 4504 iniuriam
1714 4434 1807 4505 vitae
1824 4436 1902 4503 fore
1922 4433 2179 4521 existimantur,

250 4530 316 4602 Sic
337 4544 454 4600 autem
469 4555 593 4622 operas
612 4533 813 4620 distribuit,
840 4550 881 4605 ut
893 4560 997 4605 mane
1015 4532 1140 4607 Philo·
1193 4538 1342 4609 infinitis
1358 4537 1495 4606 casibus
1508 4536 1682 4604 obnoxiae
1695 4548 1789 4608 sunt.
1839 4531 1908 4605 Dei
1930 4549 2059 4611 tamen
2077 4541 2179 4612 beas

153 4627 314 4721 sophiam
338 4633 510 4714 traderet,
543 4634 782 4725 vespertinum
806 4650 946 4726 tempus
968 4639 1142 4707 exercitiis
1194 4639 1311 4708 licium
1338 4661 1413 4707 esse
1442 4636 1613 4716 sciamus,
1647 4637 1744 4729 quod
1766 4634 1936 4729 reliquias
1957 4661 2040 4710 non
2063 4654 2178 4713 tenues

152 4733 378 4825 eloquentiae
403 4734 586 4806 tribueret.
652 4733 808 4806 Maxime
833 4760 917 4806 vero
941 4739 1142 4809 laudandus
1194 4735 1372 4810 habemns.
1407 4735 1608 4807 lnGraecie
1623 4738 1777 4807 arbitror
1790 4732 2180 4832 post'l‘heophrastut,

153 4846 205 4901 est
220 4827 289 4902 hoc
303 4834 463 4919 noniine,
488 4837 584 4927 quod
598 4834 688 4905 insto
704 4838 831 4907 ordine
845 4838 999 4928 singulas
1016 4836 1141 4910 Philo·
1193 4865 1274 4911 cum
1288 4863 1401 4909 novae
1416 4852 1531 4907 sectae
1545 4852 1684 4909 exortae
1702 4850 1835 4921 essent,
1860 4835 1983 4909 scoies
1998 4854 2038 4913 et
2052 4838 2178 4937 Epiu-

156 4928 299 5024 sopbiae
321 4948 435 5026 partes
457 4935 623 5006 tradidit:
665 4930 699 5007 et
719 4952 890 5031 qnantum
915 4941 990 5010 lieri
1013 4941 1141 5031 potuit,
1193 4966 1264 5021 rea,
1288 4939 1564 5033 quaealevibus
1578 4939 1742 5029 ingeniis,
1767 4962 1848 5009 cum
1863 4962 1996 5030 magno
2009 4945 2178 5036 adplausu

154 5035 337 5126 complecti
356 5037 509 5125 integras
523 5051 674 5107 conatus
687 5053 750 5112 est.
787 5036 863 5110 Hac
879 5042 1063 5133 diligentia
1079 5067 1139 5112 su·
1193 5055 1353 5132 exceptae
1373 5055 1476 5125 sunt,
1517 5054 1550 5110 et
1572 5055 1613 5111 ut
1635 5035 1829 5132 Sophocles
1851 5040 1989 5134 inquita
2024 5042 2177 5118 celetas

154 5138 288 5224 perasit
319 5136 520 5220 Platonem,
550 5138 617 5230 qui
645 5139 709 5209 etsi
741 5164 864 5211 omnes
885 5139 1139 5235 Philosophiae
1191 5144 1305 5212 melae
1319 5143 1506 5233 opiniones
1522 5141 1744 5226 discurrunt,
1769 5143 1919 5230 neglecti
1939 5144 2176 5219 suntAristo·
2205 5090 2210 5245 i

152 5250 266 5325 partes
281 5236 413 5324 attigit,
434 5251 556 5306 tamen
571 5262 636 5306 nec
646 5241 789 5322 ordine,
816 5267 881 5313 nec
898 5245 1051 5336 integras
1066 5259 1139 5316 tra·
1191 5244 1270 5315 telis
1296 5244 1397 5329 libri,
1438 5267 1479 5314 ac
1512 5242 1576 5314 diu
1609 5243 1714 5312 etiarn
1739 5243 1853 5314 doctis
1884 5242 2003 5333 ignoti
2028 5250 2173 5323 fuerunt
2208 5274 2210 5299 ¹

151 5336 260 5420 didit,
299 5339 361 5405 sed
382 5338 511 5428 passim
536 5339 575 5407 in
601 5339 750 5430 dialogis
771 5344 959 5418 dilacerata
980 5349 1137 5416 membra
1189 5343 1352 5439 Cumque
1385 5346 1456 5414 iam
1489 5368 1581 5436 pene
1606 5342 1698 5412 carie
1722 5364 2044 5437 consumerentur,
2084 5349 2170 5446 Sylla

150 5437 293 5528 sparsit,
334 5452 370 5508 et
399 5439 492 5510 ludit
523 5440 664 5509 ironiis:
706 5467 770 5513 nec
793 5469 930 5539 semper
955 5450 1043 5542 quid
1063 5451 1137 5540 ipse
1188 5448 1280 5518 forte
1302 5449 1341 5516 in
1360 5445 1509 5518 Graecia
1524 5443 1660 5547 bellum
1684 5466 1827 5534 gerens,
1849 5444 2076 5527 bibliotheca
2094 5472 2169 5545 qut-
