4664 6022
1121 1328 1195 1416 ΙΙΙ.

369 1540 982 1639 nuchAMffluan
1040 1538 1357 1628 PHILIPPI
1411 1538 1944 1629 MllIlAN'PHONlS.

1034 1829 1291 1842 -ι--ι--ψ-

168 2099 236 2171 No.
260 2098 292 2166 l.

152 2191 313 2223 w

338 2296 415 2385 De
441 2295 619 2382 artibus
642 2296 924 2384 liberalibus.

203 2473 313 2530 Prodiit
332 2470 495 2545 separatim,
517 2470 646 2525 Stolilero
664 2471 761 2529 dicata.
805 2472 865 2528 Vid.
884 2492 954 2546 quac
973 2472 1088 2528 diximus
1102 2492 1130 2526 ιιι

239 2543 310 2615 Epp.
327 2541 389 2597 Vol.
401 2542 422 2596 Ι.
439 2561 467 2613 p.
480 2543 539 2609 1⁵„
563 2542 610 2595 ubi
633 2541 715 2596 babes
734 2544 875 2614 epistolam
891 2545 1129 2614 nuncupatoriam.

237 2613 345 2667 Recurs
365 2611 436 2682 apud
453 2610 568 2665 Craton.
589 2611 706 2682 Mylium
725 2632 752 2684 p.
765 2613 823 2675 ⁷1..
843 2613 871 2667 in
890 2613 947 2668 su.
965 2614 1043 2672 Deci.
1062 2613 1096 2668 Τ.
1110 2611 1130 2667 l.

239 2684 350 2754 Mil„
367 2683 396 2735 in
408 2681 451 2734 ed.
464 2679 544 2736 Serv.
556 2683 579 2735 1.
593 2700 619 2753 p.
627 2682 687 2737 280.
700 2692 728 2737 ct
742 2682 871 2739 Richard.
882 2682 915 2738 T.
930 2686 952 2738 l.
967 2704 996 2756 p.
1005 2686 1032 2738 2.

953 2123 1003 2168 an.
1024 2098 1121 2165 1517.

950 2190 1122 2218 νων

147 2866 196 2936 lle
226 2859 374 2935 ortibus
399 2856 618 2934 liberalibus
646 2866 791 2951 oratio,
824 2885 850 2934 α
877 2861 996 2937 Phil.
1026 2868 1130 2938 Mel.

345 2960 536 3061 'ltrbinpee
549 2960 681 3034 habita
698 2986 798 3071 ιιιιιιο
815 2963 926 3040 151Ί.

144 3107 316 3208 Egregius
336 3113 449 3183 animi
466 3113 522 3183 vir
538 3111 640 3184 Plato
657 3110 863 3187 Athenaeus
882 3132 918 3187 et
937 3119 1130 3212 sapientiae

143 3220 281 3289 nomine
298 3217 524 3303 venerabilis,
547 3217 586 3285 in
602 3216 849 3289 dissertatione
864 3245 970 3315 quam
986 3217 1130 3297 Erastas

140 3344 198 3392 seu
214 3324 259 3389 de
271 3314 504 3410 Philosophia
521 3319 715 3411 inscripsit,
742 3319 913 3394 Socraten
929 3325 980 3395 ait
994 3325 1128 3415 ingres-

140 3447 214 3493 sum
230 3422 268 3491 in
282 3421 434 3516 Dionysi
450 3419 701 3507 Grammatici,
726 3437 898 3514 spectasse
919 3425 995 3501 illic
1017 3428 1131 3517 geniis

141 3525 404 3616 elegantissimis
423 3525 564 3596 nobiles
585 3549 732 3616 pueros,
757 3541 851 3597 etex
871 3528 916 3597 iis
931 3530 1022 3600 forte
1038 3533 1128 3601 duos

142 3630 227 3699 ultro
258 3652 299 3697 ac
333 3626 423 3697 citro
457 3629 728 3698 contendentes:
762 3626 850 3701 Esse
884 3635 1055 3725 quaedam
1083 3636 1127 3703 de

146 3728 365 3819 Anaxagorae
389 3732 447 3801 vel
470 3725 683 3823 Oenopidae
707 3733 803 3803 scitis
828 3750 1054 3805 controversa
1072 3736 1128 3805 vi-

143 3834 321 3905 debantur.
374 3830 434 3903 Sic
458 3834 554 3902 enim
583 3833 620 3902 in
645 3834 732 3905 ludo
755 3835 808 3904 illi
836 3838 939 3907 orbes
969 3840 1127 3930 pingere,

142 3935 283 4007 flexuras
302 3936 467 4021 ductare,
492 3936 679 4006 versilihus
702 3939 843 4028 punctis
864 3940 987 4027 finire,
1013 3956 1048 4012 et
1070 3966 1127 4011 ar-

142 4038 214 4109 tifici
236 4061 349 4109 mann
372 4038 566 4128 variegatas
588 4039 749 4133 undique
771 4042 921 4113 lineolas
944 4044 1127 4117 imitarier.

142 4136 245 4224 llaec,
272 4141 325 4210 uti
344 4141 497 4226 solebat,
517 4141 637 4233 penito
657 4146 915 4235 contemplatus
934 4146 1052 4216 animo
1073 4171 1127 4216 se-

144 4267 216 4327 nex,
255 4242 398 4313 cuidam
432 4244 713 4316 efamiliaribus
747 4271 939 4338 puerorum
972 4250 1128 4335 adsedit,

146 4344 264 4415 blande
293 4345 397 4415 illum
424 4346 542 4417 officio
574 4348 684 4418 cubiti
714 4350 937 4421 admonitum
965 4352 1126 4423 scitatus:

147 4444 232 4535 Quid
262 4442 349 4533 hoc,
387 4451 484 4544 quod
507 4449 727 4521 meditentur
757 4453 995 4524 adolescentes
1027 4468 1127 4526 tanto

148 4551 251 4621 studio
264 4564 301 4621 et
314 4552 423 4622 cura?
446 4549 541 4623 Num
560 4547 747 4623 honestum
762 4578 801 4624 ac
816 4556 1011 4647 magnum?
1030 4554 1128 4629 Con-

148 4650 234 4723 tinuo
254 4653 321 4724 iste
346 4654 492 4745 nugari,
517 4655 635 4724 neseio
656 4680 765 4748 quae,
790 4659 934 4747 cognitu
959 4661 1126 4732 sublimia

149 4766 176 4866 ιι
187 4756 352 4849 quasdam
366 4750 617 4850 Philosophias
630 4759 775 4847 garrire.
828 4759 987 4833 Socrates
1004 4777 1126 4834 contra

150 4858 391 4948 mpudentiam
414 4858 607 4931 demiratus
630 4855 806 4948 hominis,
831 4878 1014 4952 contatur,
1039 4892 1125 4937 num

151 4978 217 5047 crgo
239 4974 342 5052 turpe
364 4962 471 5032 ducat
490 4962 528 5032 id
552 4965 648 5058 quod
674 4963 746 5053 agit
771 4966 938 5038 iuventus
966 4964 1127 5060 philoso-

150 5052 247 5145 phari.
285 5061 425 5135 Aderat
439 5063 490 5135 ibi
504 5066 680 5158 quispiam
696 5091 769 5137 non
784 5070 900 5139 malus
915 5071 988 5156 vir,
1011 5071 1041 5140 is
1059 5071 1126 5140 im-

151 5166 245 5246 probe
257 5167 384 5238 dolens
397 5190 606 5261 responsum
621 5167 771 5252 Socrati,
793 5186 825 5244 et
843 5174 1030 5244 autoritate
1046 5189 1128 5245 tan-

152 5269 288 5355 leviro,
312 5283 349 5340 et
371 5270 416 5339 de
437 5270 628 5363 sapientiae
651 5272 777 5343 studiis
799 5277 957 5347 modesta
976 5280 1127 5368 roganti,

151 5374 358 5443 commodum
392 5371 599 5445 intervenit:
640 5373 778 5446 Socrati
807 5377 874 5463 ait,
910 5380 1124 5453 mittendum

1183 2087 1364 2164 hominem
1398 2092 1603 2173 sordidum,
1639 2087 1882 2183 squalentibus
1915 2089 2082 2159 obrutum
2114 2116 2179 2160 vo-

1182 2197 1400 2288 luptatibus,
1426 2210 1462 2266 et
1479 2194 1666 2282 indignum
1685 2191 1809 2283 plane,
1834 2190 1897 2284 qui
1913 2216 1993 2262 cum
2013 2187 2177 2263 Philoso-

1183 2296 1289 2392 phiae
1316 2298 1510 2390 disputatio
1541 2294 1833 2366 communicetur.
1892 2290 2093 2364 Prudenter
2117 2296 2177 2364 ille

1183 2402 1327 2496 quidem
1343 2426 1417 2471 non
1432 2403 1474 2471 ad
1491 2421 1614 2469 omnes
1627 2396 1806 2489 pertinere
1820 2409 2074 2466 sacrosanctam
2089 2422 2175 2479 rem,

1183 2505 1390 2596 sapientiam
1420 2502 1631 2584 arbitratus,
1667 2490 1837 2591 ἀμύητον
1868 2496 1946 2567 iure
1974 2498 2174 2569 solennium

1182 2607 1378 2681 interdixit.
1431 2605 1528 2675 ldem
1545 2626 1609 2692 ego
1630 2602 1886 2693 propemodum
1909 2614 2066 2686 acturus,
2088 2626 2175 2673 num

1183 2712 1294 2780 ardna
1310 2733 1386 2797 res,
1412 2732 1498 2779 num
1520 2700 1687 2797 pulchra,
1713 2728 1799 2772 num
1818 2703 1996 2773 laudanda
2012 2699 2177 2774 Philoso-

1183 2807 1288 2904 phia,
1312 2806 1486 2882 eos‘mihi
1503 2807 1684 2878 auditores
1703 2804 1780 2876 dari
1804 2804 1928 2896 cupio,
1951 2831 2104 2900 quorum
2128 2806 2175 2877 ita

1181 2916 1254 2986 sint
1269 2916 1412 2985 allectae
1428 2923 1582 2997 mentes,
1608 2924 1648 2979 ut
1664 2921 1790 3001 sponte
1805 2921 1965 2978 orantem
1982 2912 2080 3002 sequi
2099 2933 2176 2980 cer-

1182 3033 1269 3092 tent.
1329 3016 1370 3089 si
1396 3016 1476 3112 quis
1500 3040 1539 3084 ea
1565 3012 1751 3097 barbarie,
1790 3035 1830 3081 ea
1857 3011 2097 3098 immanitate,
2137 3025 2176 3081 ut

1182 3122 1373 3214 splendore
1394 3145 1435 3191 ac
1459 3112 1726 3211 pulchritudine
1752 3113 1945 3204 sapientiae
1975 3110 2068 3207 trahi
2102 3138 2175 3184 non

1182 3225 1310 3318 possit,
1336 3225 1406 3293 iam
1427 3221 1601 3311 relegatus
1623 3233 1714 3302 esto,
1743 3217 1813 3284 iam
1835 3240 1993 3311 quasque
2015 3216 2176 3312 cycladas

1181 3341 1244 3397 aut
1255 3349 1381 3422 gyaras
1396 3325 1510 3410 malis,
1531 3345 1636 3417 quam
1653 3318 1811 3389 ardentis
1825 3313 2078 3410 Philosophiae
2094 3318 2174 3387 vnl-

1183 3443 1249 3499 tus.
1300 3428 1423 3522 Neque
1444 3451 1527 3494 vero
1556 3419 1614 3492 hic
1640 3421 1806 3491 facundia
1828 3420 1968 3490 luditur
1989 3420 2173 3511 peregrina

1181 3532 1342 3622 ferrugo,
1367 3552 1483 3623 neque
1505 3528 1614 3596 fastus
1640 3522 1786 3615 ingenii.
1839 3519 1917 3615 lpsa
1941 3546 2016 3592 sese
2038 3547 2093 3593 res
2113 3546 2174 3613 ge-

1179 3635 1291 3704 nuina
1307 3633 1395 3704 facie
1411 3630 1515 3703 honis
1530 3628 1711 3700 mentibus
1732 3626 1885 3719 probare
1905 3625 2011 3711 solet,
2037 3651 2108 3719 quo
2128 3627 2175 3709 lit,

1179 3752 1220 3808 ut
1236 3751 1271 3807 et
1283 3750 1402 3828 aperta
1419 3733 1531 3823 magis
1546 3756 1585 3801 ac
1598 3729 1746 3821 simplex
1759 3752 1837 3798 mea
1853 3728 1898 3798 sit
1913 3728 2032 3797 sutura
2049 3726 2174 3799 oratio.

1178 3838 1283 3911 Artes
1307 3839 1462 3932 primum
1488 3836 1728 3926 dependemus
1757 3831 1984 3901 administras
2009 3826 2174 3901 Philoso-

1179 3938 1297 4036 phiae.
1348 3939 1488 4013 Deinde
1508 3938 1606 4006 illam
1631 3935 1742 4027 ipsam
1759 3958 1901 4028 qnoque
1918 3933 1947 4001 si
1964 3933 2079 4002 visum
2095 3933 2173 4003 lue-

1179 4046 1242 4131 rit,
1271 4069 1360 4139 quae
1375 4042 1490 4113 maius
1502 4040 1637 4134 aliquid
1660 4035 1842 4107 communi
1861 4030 2050 4106 hominum
2068 4058 2172 4105 sensu

1179 4149 1337 4240 spirans,
1370 4158 1475 4237 caput
1502 4143 1596 4212 inter
1620 4140 1743 4212 nubila
1775 4138 1916 4210 condit:
1950 4134 2003 4207 Ea
2029 4152 2082 4207 est
2104 4163 2171 4207 vox

1180 4249 1379 4323 Daemonii.
1421 4243 1578 4319 Omnem
1597 4239 1738 4315 isthnnc
1754 4244 1884 4329 locum,
1909 4240 2039 4334 opinor
2055 4254 2088 4310 et
2105 4233 2173 4308 hoc

1179 4378 1296 4439 anno,
1321 4375 1442 4423 mense
1454 4347 1568 4435 Iulio,
1594 4346 1765 4417 concione
1786 4345 1939 4438 quadam
1956 4369 1975 4413 a
1991 4342 2097 4411 nobis
2113 4365 2173 4411 er-

1180 4458 1348 4549 plicatum
1373 4453 1561 4543 cognostis.
1613 4448 1692 4519 Iloc
1719 4463 1794 4520 tum
1823 4459 1898 4516 erat
1920 4445 2058 4527 studio,
2092 4466 2170 4511 cnm

1180 4584 1198 4628 e
1216 4560 1288 4629 suis
1304 4557 1465 4627 sontibus
1481 4554 1678 4623 derivarem
1694 4565 1804 4635 artes,
1829 4562 1870 4618 ιιι
1892 4547 2002 4617 animi
2023 4558 2170 4613 naturae

1179 4663 1400 4732 ostenderem
1417 4657 1522 4727 insita
1538 4679 1657 4726 earum
1674 4654 1788 4736 initia,
1809 4650 1943 4720 scilicet
1957 4644 2048 4717 hanc
2060 4648 2169 4715 lacem

1179 4766 1292 4857 prima
1314 4766 1375 4835 lux
1400 4775 1433 4831 et
1448 4760 1648 4847 aevintegra
1667 4755 1846 4826 mentibus
1863 4751 2030 4821 humanis
2050 4751 2171 4818 soene-

1179 4882 1243 4942 rat.
1294 4865 1387 4939 Dein
1404 4878 1444 4935 ut
1467 4861 1621 4953 imperiti
1638 4872 1785 4929 naturae
1805 4855 1958 4940 iudices,
1984 4868 2022 4923 ut
2040 4846 2171 4921 abhor-

1178 4985 1295 5042 rentes
1311 4994 1331 5039 a
1348 4981 1506 5037 veterum
1524 4958 1699 5047 historiis,
1725 4960 1785 5054 qui
1803 4982 1910 5027 unam
1926 4970 2083 5044 gentem,
2111 4968 2169 5022 ant

1178 5098 1289 5143 unum
1307 5072 1455 5140 sortasse
1469 5064 1659 5161 Marsyan,
1685 5060 1855 5157 primitiis
1871 5061 2000 5129 artium
2018 5059 2170 5147 dignan-

1179 5189 1248 5249 tur.
1302 5171 1394 5242 Nam
1423 5185 1465 5241 ut
1490 5173 1612 5240 eadem
1644 5165 1810 5256 gentibus
1839 5162 2026 5244 omnibns,
2066 5173 2171 5252 atque

1178 5282 1265 5349 adeo
1284 5275 1383 5348 omni
1402 5272 1501 5344 coelo
1515 5269 1618 5365 aequi
1640 5268 1798 5362 bonique
1815 5266 1925 5349 ratio,
1956 5263 2064 5332 iidem
2087 5259 2170 5328 iusti

1177 5385 1311 5465 sontes,
1337 5378 1387 5448 sic
1410 5377 1531 5447 eadem
1553 5370 1686 5467 ubique
1710 5383 1857 5441 naturae
1873 5366 2038 5449 scientia,
2064 5361 2170 5431 modo

1513 5472 1570 5548 1*
