4664 6022
143 314 220 399 m
319 274 322 279 .

141 494 274 575 ebus,
310 493 373 588 qui
405 517 481 564 nou
510 491 957 589 intelligatqualecunque
987 493 1147 565 studium

141 598 344 670 ornandae.
362 598 498 688 patriae
533 599 629 665 bono
662 597 740 666 viro
778 597 1025 688 dignissimum
1061 618 1147 680 esse,

141 700 451 796 quemadmodum
468 712 502 769 et
517 698 628 771 Polita
646 700 781 794 inquit:

300 836 341 904 Et
353 846 423 925 pius
439 855 483 904 est
498 844 610 925 patriae
623 843 702 905 faeta
717 845 827 906 referre
840 845 938 909 labor.

140 966 285 1045 Deinde
308 991 396 1063 'cum
424 967 618 1043 multarum
650 969 847 1042 utilitatum
872 992 976 1038 causa
1005 991 1145 1040 summo

144 1062 268 1145 studio
298 1064 506 1165 peregrinae
534 1064 706 1141 historiae
729 1073 977 1167 inquirantur,
1011 1085 1144 1165 quanto

142 1174 260 1267 magis
289 1173 390 1244 decet
431 1197 496 1243 nos
534 1198 677 1266 operam
714 1176 817 1256 dare,
858 1188 899 1246 ut
934 1174 1145 1245 domesticas

141 1273 425 1371 cognoscamus?
466 1274 557 1346 Nam
583 1271 648 1345 hae
679 1278 790 1368 magis
818 1276 977 1346 afficiunt
1006 1276 1145 1348 anianus

142 1396 309 1465 nostros,
332 1391 515 1471 propterea
535 1381 630 1472 quod
651 1378 740 1449 sicut
763 1381 914 1449 aliarum
936 1403 1072 1463 rerum,
1096 1380 1143 1451 ita

142 1485 253 1557 etiam
284 1480 419 1573 gloriae
441 1480 616 1550 maiorum
648 1498 851 1554 nostrorum
875 1476 1074 1552 haereditas
1099 1485 1142 1552 ad

143 1610 214 1659 uos
237 1584 404 1678 pertinet.
457 1582 573 1675 Magis
594 1596 711 1654 autem
736 1584 912 1654 allicimur
928 1584 1060 1653 nostris
1078 1587 1144 1656 bo-

144 1689 217 1775 uis,
239 1710 346 1783 quam
364 1686 499 1754 alienis.
537 1685 691 1757 Minime
709 1687 818 1778 igitur
832 1687 1040 1778 negligenda
1060 1701 1145 1757 sunt

145 1790 255 1865 nobis
280 1789 473 1859 domestica
498 1791 673 1881 exempla,
705 1792 911 1881 praesertim
934 1813 1015 1858 cum
1039 1792 1142 1860 maslti

143 1894 370 1968 Francorum
394 1889 577 1982 Principes
606 1893 703 1962 omni
735 1893 905 1962 virtutum
937 1914 1065 1980 genere
1095 1894 1142 1962 ita

143 1994 397 2075 excelluerint,
419 2009 459 2065 ut
474 2018 554 2063 cum
574 1995 880 2087 praestantissimis
895 2008 1053 2067 veterum
1071 1994 1143 2067 Re·

145 2124 234 2194 gum
249 2095 403 2169 conferri
421 2096 567 2189 possint.
614 2095 765 2167 Prodest
780 2123 821 2168 eo
838 2097 944 2168 ctiam
959 2120 1014 2165 res
1029 2099 1142 2169 maio·

144 2226 234 2275 rum
252 2215 390 2279 tenere,
417 2199 500 2292 quia
517 2199 554 2267 in
571 2194 637 2269 hac
655 2200 795 2290 imperii
811 2201 947 2279 forma,
973 2200 1085 2269 multa
1102 2225 1141 2270 ex

149 2303 408 2379 recentioribus
433 2296 591 2371 historiis
615 2302 765 2372 iudicari
786 2302 920 2387 solent,
943 2302 983 2371 iu
1000 2319 1144 2374 contro-

146 2406 276 2501 nentis
288 2404 378 2476 iuris
393 2404 527 2496 publici
542 2418 575 2475 et
591 2405 817 2495 religionum.

252 2527 326 2599 Sed
349 2524 454 2596 initio
476 2524 616 2593 veniam
638 2549 657 2593 a
682 2525 784 2595 vobis
806 2542 905 2617 peto,
929 2528 961 2597 si
981 2539 1143 2620 expecta-

146 2629 241 2705 tioni
253 2640 390 2701 vestrae
404 2650 477 2697 non
492 2626 691 2697 satisfacere
706 2640 841 2719 potero.
873 2627 938 2701 Est
951 2631 1046 2699 enim
1062 2652 1144 2720 per-

145 2732 309 2807 difficilis
332 2742 534 2800 nostrarum
556 2725 785 2801 historiarum
804 2733 1002 2824 explicatio.
1052 2730 1141 2802 Nam

145 2838 175 2909 si
190 2834 352 2909 Graecas
366 2846 428 2903 aut
441 2829 622 2904 Romanas
634 2828 800 2904 historias
812 2836 1007 2922 recitarem,
1029 2858 1145 2928 quan·

145 2956 183 3015 to
205 2961 266 3008 me
286 2937 409 3007 labore
432 2935 592 3005 levarent
614 2935 896 3029 eloquentissimi
908 2954 942 3008 et
956 2936 1146 3029 sapientis·

145 3040 231 3115 simi
249 3038 462 3130 scriptores,
485 3037 652 3132 aquibus
667 3051 701 3107 et
715 3062 771 3107 res
787 3053 821 3109 et
838 3063 949 3129 genus
972 3039 1144 3110 orationis

143 3142 310 3219 mutuari
330 3140 494 3233 possem?
545 3138 588 3211 ln
605 3139 736 3209 nostris
754 3157 872 3211 autem
889 3165 945 3212 res
961 3142 1086 3233 procul
1103 3165 1145 3210 ex

143 3248 262 3319 variis
283 3258 319 3317 et
341 3242 522 3313 indisertis
546 3242 778 3332 scriptoribus
800 3246 1022 3338 quaerendae
1049 3256 1145 3315 suut.

146 3350 294 3425 Deinde
316 3361 351 3417 et
375 3346 411 3414 in
435 3345 633 3415 elocutione
654 3339 746 3415 mihi
767 3346 968 3416 sudandum
994 3360 1061 3416 est:
1087 3369 1144 3414 ca-

150 3448 541 3523 renteuisnliterarum
557 3446 712 3531 lumine,
740 3471 780 3517 ac
798 3448 984 3543 pleraeque
998 3471 1054 3518 res
1078 3442 1145 3516 bo-

149 3565 277 3627 nestae
299 3550 456 3642 indiguis
480 3550 596 3619 modis
616 3550 876 3621 contaminatae
897 3565 980 3631 sunt
996 3551 1146 3643 scripto-

144 3680 235 3731 rum
256 3653 413 3747 ineptiis.

253 3768 330 3843 Has
344 3770 570 3842 difficultates
584 3794 663 3840 cum
680 3770 799 3840 animo
818 3769 1063 3863 prospicerem,
1083 3770 1147 3838 ‹liu

144 3899 294 3951 mecum
316 3873 545 3953 dubitabam,
570 3896 616 3942 au
639 3867 707 3943 hoc
727 3885 975 3964 argumentum
990 3885 1149 3965 pertexe-

146 4003 250 4064 rem,
275 3978 335 4047 sed
353 3976 438 4046 vicit
451 3999 552 4045 asrsor
569 3976 725 4066 patriae,
751 4001 791 4045 ac
808 3976 982 4067 perpulit,
1009 3989 1047 4045 ut
1064 3969 1149 4045 hasce

146 4080 417 4181 qualiacunque
431 4078 646 4166 colligerem.
700 4076 812 4172 ldque
827 4103 868 4148 eo
885 4078 949 4147 feci
968 4078 1149 4161 libentius,

148 4186 254 4283 quod
274 4182 469 4253 sentiebam
493 4204 549 4250 me
575 4179 758 4249 mirificam
781 4205 905 4272 capere
920 4181 1150 4271 voluptatem,

149 4312 197 4364 ex
214 4284 426 4358 tractatione
440 4278 548 4353 huius
561 4283 776 4371 argumenti,
803 4297 837 4353 et
850 4284 1062 4371 cogitatione
1076 4283 1150 4350 vir-

148 4390 244 4466 tutis
263 4387 437 4457 maiorum
467 4399 691 4468 nostrorum,
724 4410 938 4479 aquarum
964 4384 1150 4459 considero
1250 4446 1259 4462 ,

148 4506 330 4591 quantum
347 4487 554 4559 Germanici
570 4484 755 4577 Principes
776 4483 843 4556 hac
867 4498 979 4558 aetate
1001 4488 1151 4577 degene-

149 4596 290 4676 rarint,
315 4616 390 4662 nou
413 4612 554 4682 possum
577 4591 850 4681 noodeplorare
870 4584 999 4659 horum
1015 4603 1153 4681 tempo-

148 4723 240 4773 rum
259 4695 533 4766 infoelicitatem.
584 4689 676 4762 Nam
692 4692 842 4763 maiores
858 4716 980 4761 eorum
1004 4715 1079 4761 non
1095 4716 1153 4761 so·

150 4804 234 4875 lum
258 4797 398 4868 viribus
418 4820 510 4891 quae
534 4818 608 4864 non
630 4797 760 4865 desunt
775 4810 920 4865 nostrae
940 4794 1066 4879 aetati,
1092 4796 1152 4864 sed

150 4899 404 4989 multomagis
426 4898 536 4968 accinti
561 4897 824 4987 magnitudine,
849 4895 1000 4968 consilio
1016 4910 1051 4967 et
1070 4922 1155 4967 con·

160 5005 291 5081 cordia
311 5003 399 5072 hocs
418 4999 557 5091 imperii
581 5000 825 5093 protulerunt,
849 5012 885 5069 et
907 4998 1069 5069 barbaris
1092 5022 1156 5068 na·

148 5107 323 5188 tionibus
336 5104 482 5174 domitis
498 5116 608 5173 totam
621 5098 806 5193 Europam
829 5115 1018 5191 pacamnt,
1043 5115 1079 5171 et
1096 5126 1158 5193 pa„

150 5234 239 5288 cem
264 5207 423 5298 legibus,
456 5204 665 5297 disciplina,
697 5203 871 5295 religione
892 5203 1103 5277 munierunt
1125 5216 1160 5272 et

152 5324 356 5393 ornarunt,
379 5309 517 5402 fuitque
539 5322 634 5378 tauta
655 5305 844 5376 admiratio
866 5305 1077 5396 sapientiae,
1104 5307 1160 5374 iu-

155 5415 282 5493 sticias
308 5427 343 5485 et
369 5410 592 5481 fortitudinis
618 5433 762 5490 eorum,
788 5421 828 5478 nt
846 5419 982 5475 exterae
1001 5407 1162 5478 nationes

707 314 869 396 nuel.
903 314 981 392 DE
1010 309 1290 391 ENCOMIO
1323 311 1634 389 unlustau

2123 323 2201 396 886

1199 513 1306 582 quam
1326 488 1468 562 uostris.
1522 487 1641 580 Quam
1657 490 1706 560 ob
1730 514 1871 562 causam
1887 489 1990 564 ltalia
2009 493 2100 566 illud
2117 491 2197 566 Au·

1199 603 1339 680 gustum
1365 615 1497 662 nomen
1519 593 1649 662 summi
1678 594 1819 687 imperii
1844 619 1863 664 a
1889 593 2035 667 Graecis
2057 600 2101 668 ad
2127 624 2196 670 no-

1197 709 1289 765 stros
1312 689 1475 762 homines
1500 695 1691 766 transtulit.
1750 693 1827 766 Hos
1849 699 1964 771 voluit
1989 723 2063 769 esse
2088 703 2195 773 duces

1197 796 1333 887 publici
1354 798 1496 866 consilii
1520 798 1616 868 inter
1632 822 1757 868 omnes
1772 796 1907 889 Reges,
1934 816 1969 872 et
1984 804 2194 895 praecipuos

1197 899 1371 984 custodes,
1391 923 1467 968 non
1481 900 1597 969 solum
1611 926 1802 991 regnorum
1818 903 1990 989 omnium,
2007 908 2068 975 sed
2087 907 2193 976 etiam

1196 997 1394 1085 Ecclesiae,
1420 1001 1551 1095 quibus
1574 1003 1716 1072 iudiciis
1740 1005 1826 1097 quid
1845 1020 1959 1096 potest
1979 1007 2063 1076 ullis
2080 1007 2191 1100 Regi-

1197 1105 1265 1173 bus
1282 1105 1486 1194 contingere
1500 1105 1712 1194 gloriosius?
1753 1105 1833 1176 Hoc
1848 1107 1956 1197 igitur
1970 1110 2077 1180 decus
2094 1135 2192 1184 nuuc

1196 1208 1285 1275 adeo
1303 1230 1376 1275 non
1391 1220 1543 1291 tuemur,
1568 1232 1642 1278 non
1656 1210 1771 1278 solum
1787 1223 1824 1279 ut
1840 1211 1928 1280 foris
1943 1235 2018 1280 noo
2035 1215 2191 1285 retines·

1197 1333 1275 1377 mers
1289 1309 1471 1401 antiquam
1491 1309 1631 1400 imperii
1655 1312 1929 1402 possessionem,
1956 1317 2016 1384 sed
2033 1332 2073 1387 ut
2091 1315 2191 1386 Tur·
2228 1401 2235 1409 ι

1196 1434 1252 1479 cas
1280 1411 1317 1479 in
1345 1408 1557 1497 Germania,
1595 1425 1628 1482 et
1654 1414 1702 1483 ob
1728 1415 1850 1484 oculos
1876 1429 2016 1486 nostros
2043 1417 2191 1509 impune

1195 1515 1343 1603 grassari
1358 1514 1527 1588 sinamus.
1580 1512 1728 1585 interim
1747 1518 1907 1611 plerique
1923 1532 1984 1588 aut
2003 1545 2066 1612 per
2089 1522 2190 1611 igna-

1196 1617 1289 1685 viam
1305 1617 1441 1686 dedunt
1455 1638 1492 1686 se
1509 1617 1772 1710 voluptatibus,
1798 1633 1859 1689 aut
1880 1621 2042 1713 impediti
2069 1627 2190 1716 priva-

1196 1719 1239 1787 tis
1262 1718 1477 1803 adfectibus,
1502 1743 1577 1791 non
1600 1722 1759 1790 referunt
1781 1723 1930 1792 consilia
1952 1748 2014 1794 sua
2031 1729 2074 1793 ad
2092 1751 2190 1797 com·

1196 1845 1337 1891 munem
1354 1822 1521 1906 salutem,
1548 1824 1644 1916 quod
1664 1823 1891 1915 Principibus
1910 1827 1994 1895 viris
2013 1841 2048 1898 et
2068 1823 2189 1897 heroi-

1195 1947 1236 1992 co
1260 1947 1386 2013 genere
1407 1924 1696 2013 indignissimum
1714 1939 1776 1996 est.
1827 1926 1902 1996 llas
1922 1930 2105 2022 quaerelas
2124 1932 2190 2002 do·
2225 1984 2228 1991 .

1195 2026 1251 2095 lor
1268 2019 1355 2093 mihi
1369 2027 1554 2117 expressit,
1581 2028 1646 2098 etsi
1659 2028 1810 2099 sciebam
1828 2054 1885 2100 sas
1903 2056 1976 2102 non
1994 2056 2188 2124 congruere

1194 2128 1367 2199 orationis
1382 2130 1541 2202 exordio.

1297 2260 1389 2333 Cum
1414 2278 1531 2334 autem
1548 2264 1668 2337 deceat
1689 2291 1756 2337 nos
1774 2265 1975 2341 Germanos
1996 2297 2077 2342 vere
2093 2272 2188 2344 Ger-

1198 2389 1339 2448 manos,
1365 2379 1400 2435 et
1417 2380 1540 2438 mutuo
1556 2392 1677 2438 amore
1692 2370 1875 2440 devinctos
1891 2397 1980 2458 esse,
2006 2398 2107 2466 spero
2122 2403 2187 2447 vo-

1197 2468 1249 2536 bis
1264 2493 1404 2562 quoque
1417 2468 1587 2540 Franciae
1602 2471 1723 2541 laudes
1739 2497 1813 2542 ιιοιι
1831 2474 1985 2566 ingratas
2000 2480 2087 2563 fore,
2105 2503 2186 2549 cum

1195 2565 1281 2641 haec
1296 2573 1393 2641 nertio
1411 2573 1592 2642 communi
1607 2570 1823 2646 Germanico
1838 2578 1977 2648 nomini
1994 2604 2123 2670 magno
2143 2583 2190 2656 sit

1196 2687 1423 2752 ornamento,
1448 2688 1483 2744 et
1495 2676 1625 2745 multas
1639 2701 1696 2745 res
1709 2679 1864 2768 gesserit,
1890 2682 2019 2781 quibus
2036 2682 2189 2755 Germa-

1197 2774 1292 2845 niam
1310 2776 1470 2847 reddidit
1494 2776 1736 2854 illustriorem.
1787 2778 1864 2873 Ego
1885 2809 2027 2878 quoque
2047 2801 2189 2861 nostros

1196 2874 1360 2948 homines
1384 2877 1431 2947 ita
1455 2883 1593 2953 ornabo
1616 2883 1689 2951 suis
1714 2884 1930 2973 praeconiis,
1964 2882 2058 2958 nihil
2081 2902 2120 2959 ut
2145 2892 2189 2961 de

1195 2981 1311 3050 aliena
1337 2979 1442 3050 laude
1464 2984 1670 3075 decerpam,
1708 2987 1769 3055 sed
1797 2988 1914 3078 potius
1943 3013 1984 3059 ex
2007 2987 2189 3064 Francieis

1196 3083 1313 3176 aliqua
1331 3084 1520 3173 praeconia
1536 3087 1580 3155 ad
1598 3087 1684 3154 alias
1703 3089 1865 3159 nationes
1880 3091 2061 3168 derivabo.

1296 3213 1473 3309 Equidem
1498 3243 1572 3288 non
1597 3220 1699 3289 valde
1727 3221 1891 3314 improbo
1916 3227 2075 3301 studium
2107 3231 2189 3303 illo·

1197 3343 1296 3403 rum,
1319 3319 1382 3412 qui
1403 3320 1541 3409 ignotas
1561 3321 1735 3410 origines,
1761 3327 1806 3394 ad
1824 3326 2037 3400 clarissimos
2053 3327 2190 3422 heroas,

1198 3419 1375 3493 autetiam
1391 3422 1538 3492 coeleste
1552 3423 1696 3517 aliquod
1716 3450 1870 3512 numen,
1894 3442 1935 3498 ut
1952 3431 2017 3521 ipsi
2034 3434 2190 3529 loquun-

1199 3544 1274 3609 tur,
1300 3525 1472 3610 referunt,
1495 3538 1536 3594 ut
1552 3526 1679 3615 cogitet
1692 3530 1888 3619 posteritas,
1913 3532 2087 3608 divinitus
2104 3563 2191 3610 con·

1198 3627 1318 3699 stituta
1342 3649 1415 3696 esse
1430 3650 1555 3719 regua,
1582 3643 1675 3699 amet
1696 3632 1858 3722 patriam,
1881 3635 2014 3706 maiore
2030 3663 2113 3711 cura
2129 3624 2198 3713 de-¹

1199 3731 1320 3801 fendat
1333 3729 1457 3819 legesa
1474 3730 1669 3802 maioribus
1692 3749 1869 3827 acceptas,
1890 3737 1977 3829 ipsis
1998 3743 2102 3812 etiam
2116 3740 2193 3818 Re-

1199 3834 1314 3924 gibus,
1333 3844 1502 3927 tanquam
1521 3836 1723 3927 propagatis
1739 3862 1757 3905 a
1775 3837 1896 3908 divina
1912 3841 2032 3934 stirpe,
2058 3869 2193 3921 numen

1200 3935 1344 4028 aliquod
1371 3935 1484 4003 inesse
1510 3936 1695 4012 existimet.
1745 3936 1835 4008 Nam
1854 3955 1885 4010 et
1909 3942 1983 4034 ipse
2005 3945 2052 4021 ita
2066 3950 2195 4037 sentio,

1201 4036 1306 4127 regn'a
1324 4037 1497 4106 divinitus
1514 4039 1703 4126 constitui,
1728 4057 1953 4131 uergentem
1974 4048 2107 4131 ullam,
2132 4066 2195 4124 ant

1202 4139 1356 4228 Regem,
1381 4139 1457 4208 siue
1479 4140 1620 4212 coelesti
1641 4156 1740 4213 matu
1756 4158 1860 4238 atque
1875 4147 2027 4232 adflatu,
2052 4150 2195 4246 Respu.

1203 4243 1311 4312 blicas
1326 4241 1512 4326 fraudasse,
1539 4258 1574 4314 et
1598 4243 1735 4332 legibus
1753 4270 1792 4315 ac
1806 4248 1994 4341 disciplina
2013 4257 2196 4343 muniisse,

1202 4359 1235 4415 et
1257 4342 1364 4413 saluti
1385 4344 1598 4435 posteritatis
1620 4346 1792 4418 foeliciter
1817 4353 2047 4431 consuluisse.
2097 4355 2196 4431 Haec

1203 4469 1298 4515 eorm
1313 4459 1393 4515 stsot
1408 4446 1571 4517 coelestia
1586 4448 1773 4531 beneficia,
1804 4477 1894 4546 quae
1910 4449 2006 4526 Dens
2021 4480 2084 4547 per
2098 4481 2195 4530 sum-

1205 4573 1281 4616 mos
1303 4541 1430 4618 heroas
1452 4548 1609 4640 impertit
1625 4545 1782 4624 humano
1796 4555 1937 4641 generi,
1965 4573 2003 4627 ut
2024 4574 2057 4628 et
2077 4583 2195 4634 sacrae

1207 4651 1328 4721 literae
1347 4653 1495 4734 docent,
1527 4666 1560 4722 et
1583 4653 1832 4743 sapientissimi
1850 4652 2057 4749 Philosophi
2083 4664 2198 4737 faten-

1208 4771 1276 4824 tur.
1331 4750 1383 4822 lta
1404 4751 1677 4827 Lacedaemonii
1705 4781 1784 4829 cum
1817 4752 1988 4831 haberent
2010 4759 2124 4854 Reges
2152 4750 2197 4841 ab

1207 4854 1362 4924 Hercule
1380 4868 1488 4940 ortus,
1510 4855 1699 4946 diligenter
1714 4859 1902 4939 cavebant,
1928 4866 2051 4957 nequi
2069 4892 2199 4963 propa.

1208 4957 1280 5049 gati
1301 4958 1346 5026 ab
1367 4957 1436 5025 alia
1457 4957 1566 5049 stirpe
1591 4962 1827 5051 succederent.
1880 4960 1965 5035 Fuit
1982 4981 2012 5035 et
2031 4966 2201 5043 Macedo.

1210 5059 1300 5128 uicis
1314 5055 1474 5150 Regibus
1492 5056 1665 5133 Hercules
1679 5061 1818 5151 generis
1835 5077 1948 5139 autor.
1988 5067 2058 5139 Sed
2073 5074 2201 5147 οιιιῖιιο

1210 5161 1390 5254 exempla,
1415 5184 1506 5255 quae
1519 5174 1604 5233 suot
1619 5162 1905 5242 innumerabilia.

1313 5293 1405 5367 Cum
1429 5308 1548 5367 autern
1570 5295 1700 5368 Franci
1725 5311 1840 5368 tantos
1861 5293 2052 5375 habuerint
2070 5332 2207 5379 succes-

1214 5421 1293 5484 sus,
1318 5412 1353 5469 et
1370 5422 1516 5487 regnum
1533 5400 1571 5469 in
1586 5396 1707 5470 Gallia
1722 5401 1983 5488 constituerint,
2008 5411 2103 5500 quod
2122 5413 2208 5503 legi.

157 5517 274 5592 nullis
289 5511 448 5602 Regibus
470 5512 618 5586 salutem
637 5534 738 5582 suam
761 5508 984 5582 committere
1002 5510 1164 5595 mallent,
1216 5504 1286 5577 bos
1314 5514 1353 5573 et
1377 5499 1549 5573 institutis
1573 5502 1679 5591 longe
1704 5516 1858 5594 praestat
1889 5506 2057 5578 erunibus
2091 5514 2209 5604 regnis

215 5616 404 5689 Mensaru-
431 5618 539 5684 Oeen.
564 5616 649 5683 Vos.
677 5616 741 5681 xl.

1618 5601 1670 5677 ιδ
