4664 6022
51 286 100 364 dd
547 280 709 359 DECb.
740 278 816 357 DE
851 275 1128 355 ENCOMlO
1162 274 1602 373 ELOQUENTIAE.
2045 290 2095 363 os

49 461 154 534 facile
171 472 225 531 est
244 457 413 529 iudicare.
453 455 527 530 Nec
543 457 638 527 videt
655 480 758 527 senex
776 456 838 525 ille
862 450 1048 552 synthesiu
1101 480 1181 525 cnm
1216 454 1377 524 nondum
1407 453 1480 525 sint
1511 454 1677 547 perpoliti
1712 455 1835 546 primis
1866 461 2091 536 rudimentis.

50 589 122 636 esse
138 560 428 653 grammaticam,
454 585 534 631 ctam
558 559 765 630 universum
782 583 902 630 sexum
918 557 1047 653 plurali
1095 556 1216 629 'Deum
1231 556 1483 636 immortalem,
1509 582 1615 651 quam
1633 558 1846 631 infoeliciter
1860 565 1961 634 cessit
1978 566 2091 636 maio-

50 666 162 738 rerbu
180 662 439 756 complectitur.
491 661 630 733 Similia
646 658 774 732 horum
797 662 954 754 exempla
976 685 1048 728 nou
1100 652 1200 729 ribus
1217 659 1348 728 nostris
1371 653 1457 728 haec
1479 659 1758 752 praecipitantia.
1809 661 1958 735 Nullum
1981 690 2091 757 genus

50 793 130 842 rara
164 765 409 858 suppeditabit
443 764 672 859 quotidianus
705 763 920 855 scriptorum
954 786 1050 838 usus.
1100 762 1228 833 artium
1253 759 1495 852 superioribus
1517 763 1644 832 seculis
1665 788 1739 833 non
1754 764 1857 835 foede
1879 791 2093 860 conspurca-

50 870 240 943 Postremo
256 891 362 962 quam
378 865 484 935 aliam
510 867 557 936 ob
579 890 717 937 causam
733 861 921 958 Sophistae
943 864 1050 934 sacris
1100 878 1176 934 tum
1201 877 1252 934 est
1271 865 1316 933 ab
1340 859 1414 948 his,
1440 862 1503 956 qui
1523 887 1603 933 cum
1625 866 1855 956 elegantiores
1875 868 1995 940 literas
2017 897 2091 943 non

51 973 153 1045 libris
182 969 373 1059 ablegatis,
405 990 539 1039 novum
566 962 783 1059 Theologiae
812 991 922 1061 genus
949 991 1051 1058 repe-
1101 965 1307 1055 attigissent,
1322 966 1689 1061 inoptimasquasque
1704 985 1736 1039 ct
1752 969 2093 1058 gravissimasdisci-

53 1099 138 1155 rere,
161 1096 273 1166 quam
291 1072 386 1164 quod
402 1069 548 1140 illorum
564 1092 777 1155 sermonem,
803 1084 838 1140 et
853 1068 1047 1140 disserendi
1103 1068 1216 1160 pliuas
1236 1068 1568 1161 tanquaminrosas
1585 1070 1680 1159 porci
1697 1072 1889 1147 irruerunt.
1931 1071 2093 1146 Theolo-

28 1189 31 1199 '
56 1178 229 1251 rationem
244 1196 320 1242 non
334 1171 640 1264 adsequebantur?
660 1170 823 1261 Quorum
839 1171 1049 1264 exemplum,
1101 1172 1156 1260 gia
1178 1168 1294 1239 stultis
1317 1185 1349 1239 et
1373 1170 1490 1260 impiis
1513 1173 1779 1263 quaestiouibus
1797 1198 1939 1264 prorsus
1963 1179 2090 1249 obruta

62 1279 205 1373 siquem
224 1299 243 1346 a
261 1275 425 1344 barbarie
439 1298 512 1343 raon
526 1275 697 1358 deterret,
719 1272 748 1342 is
761 1274 947 1352 fustuario,
975 1297 1050 1341 non
1101 1285 1162 1343 est.
1216 1270 1289 1361 Qui
1306 1266 1574 1363 Philosophiam
1596 1273 1743 1364 professi
1767 1289 1870 1360 sum,
1897 1300 1943 1346 ne
1960 1302 2092 1350 nomen

59 1380 219 1451 oratioue
237 1378 461 1466 castigandus
479 1389 546 1444 est:
574 1399 654 1443 naua
672 1375 701 1444 si
717 1375 907 1467 perrexerit
924 1372 1051 1444 iuven·
1101 1373 1245 1466 quidem
1271 1373 1356 1443 artis
1379 1373 1462 1444 satis
1478 1375 1734 1447 intellexerunt
1787 1372 1840 1446 De
1857 1379 1952 1464 iure,
1978 1406 2091 1475 aequo

56 1498 107 1555 us
117 1482 241 1553 bonas
259 1478 378 1548 literas
392 1491 627 1563 contemnere,
653 1472 748 1547 haud
764 1478 873 1548 dubie
889 1478 1049 1547 futurum
1102 1501 1141 1544 ac
1160 1478 1256 1544 bono
1273 1475 1347 1544 lieri
1370 1500 1443 1546 non
1463 1477 1595 1566 potnit,
1622 1492 1660 1548 ut
1675 1478 1869 1571 quidquam
1892 1482 1970 1550 sani
1995 1508 2093 1553 com-

55 1598 119 1675 est,
148 1579 300 1675 optimis
321 1580 507 1670 neglectis,
533 1593 573 1650 ut
590 1603 712 1650 rursus
729 1603 844 1651 sacrae
866 1582 1050 1671 bonaeque
1103 1577 1374 1647 miniscecentur
1397 1574 1454 1664 hi,
1480 1579 1543 1672 qui
1560 1580 1784 1668 elegantioris
1807 1582 2009 1653 literaturae
2030 1611 2093 1656 ru-

55 1710 106 1758 res
129 1706 261 1756 omnes
282 1705 421 1774 pessum
448 1694 541 1754 cant.
592 1679 746 1752 Fallitur
774 1681 868 1751 enim
893 1679 1052 1774 quisquis
1103 1681 1164 1746 des
1180 1694 1295 1749 erant:
1319 1683 1415 1772 quod
1431 1695 1464 1750 et
1481 1682 1596 1772 ipsum
1613 1682 1820 1773 disciplinae
1836 1707 1946 1773 genus
1963 1711 2003 1756 ex
2018 1712 2094 1757 me-
2135 1727 2141 1734 ·

56 1788 174 1859 verbis
197 1799 356 1869 tantum,
387 1806 463 1852 non
484 1783 589 1853 etiam
612 1778 732 1853 mente¹
756 1785 927 1855 barbaros
944 1783 1050 1851 fuisse
1103 1781 1172 1849 diis
1187 1777 1418 1852 humanitatis
1433 1783 1567 1853 artibus
1583 1784 1781 1854 derivatum
1796 1785 1858 1871 sit,
1884 1801 1920 1858 et
1935 1803 2092 1859 veterum

57 1887 337 1979 'l'heologastros
356 1887 442 1955 istos
457 1899 585 1961 censet.
637 1885 710 1954 lam
726 1886 912 1979 siquando
928 1882 1052 1955 Eccle-
1103 1880 1439 1955 Iurisconsultorum
1466 1885 1588 1955 literae
1614 1888 1737 1977 plenae
1759 1886 1831 1958 sint
1852 1889 2004 1978 priscae,
2032 1916 2094 1961 ve·

56 1992 238 2064 siastirum
271 1990 397 2077 dogma
429 1989 601 2058 tuendum
636 1986 761 2067 fuerit,
803 1987 888 2081 quid
923 2010 1051 2080 quaeso
1104 2010 1232 2078 raeque
1265 1985 1489 2057 eruditionis.
1543 1985 1667 2081 Neque
1699 2014 1795 2059 ntrnc
1828 2013 1891 2079 ego
1920 1995 2093 2063 sermonis

57 2090 254 2189 praestabit
274 2090 322 2176 is,
347 2088 510 2183 quiquid
529 2089 671 2173 sentiat,
698 2089 870 2180 explicare
888 2113 961 2156 non
986 2112 1051 2178 po-

59 2196 150 2269 test?
186 2191 249 2264 An
268 2192 516 2261 confusaneam
533 2191 687 2284 aliquam
702 2214 741 2260 ac
756 2189 902 2260 stoicam
919 2190 1053 2259 oratio·

59 2323 140 2370 nem
168 2296 324 2379 adferet,
348 2292 386 2361 in
406 2293 535 2386 quade
558 2295 745 2362 verborum
765 2287 1053 2383 interpunctione

59 2396 221 2475 rixettn'f
254 2391 314 2465 Ab
333 2391 401 2465 hoc
425 2395 568 2464 auditor
590 2418 671 2464 cum
699 2394 888 2488 expectarit
919 2393 1054 2484 perspi-

59 2526 163 2576 cuam
200 2498 289 2568 sacri
324 2495 498 2585 dogmatis
531 2497 793 2581 tractationem,
837 2497 981 2585 perinde
1016 2520 1054 2564 ac

60 2602 166 2679 bians
182 2622 312 2670 corvus
327 2600 500 2682 discedet,
526 2599 587 2667 diu
607 2599 733 2670 frustra
752 2600 907 2670 molestis
926 2598 1054 2668 distin-

61 2704 241 2782 ctionibus
258 2700 432 2790 fatigatus.
472 2698 592 2795 ltaque
607 2727 695 2794 quos
713 2701 850 2793 pietatis
868 2714 963 2771 tenet
979 2714 1053 2769 stu-

61 2813 183 2893 dium,
206 2803 233 2872 ii
254 2803 310 2872 vel
323 2798 484 2886 Christo,
511 2803 567 2871 vel
592 2804 752 2893 publicae
773 2803 969 2874 necessitati
984 2800 1054 2871 Ec-

64 2911 186 2984 clesiae
204 2902 273 2976 hoc
285 2919 463 2996 praestent
475 2904 601 2989 oflicii,
626 2920 664 2975 ut
681 2919 774 2976 recte
789 2906 889 3000 loqui
907 2905 1056 2975 discant.

66 3013 174 3083 Vocat
188 3005 262 3079 huc
278 3007 382 3077 etiam
392 3004 535 3090 Paulus,
561 3032 641 3074 cum
658 3007 694 3074 in
704 3005 903 3078 Corinthiis
917 3007 1057 3095 liugua-

65 3140 143 3187 rum
159 3109 321 3182 studium
338 3110 485 3199 probat,
510 3108 610 3177 carius
630 3111 798 3179 autoritas
820 3111 945 3178 merito
962 3110 1056 3199 apud

64 3240 126 3288 sos
150 3213 269 3285 valere
294 3212 420 3295 debet,
447 3211 577 3304 quibus
600 3210 638 3279 in
663 3227 815 3282 oretum
841 3213 973 3281 multus
997 3226 1057 3280 est.

64 3313 228 3391 lndicavi
252 3312 372 3404 paucis
397 3312 483 3407 quid
514 3313 559 3381 ad
584 3312 765 3382 literarum
792 3308 1056 3403 prophanatum

65 3447 104 3494 sc
131 3438 313 3490 utrarum
338 3413 581 3484 tractationem
605 3416 779 3484 conducat
802 3429 892 3484 recte
918 3413 1056 3482 dicendi

67 3520 226 3595 scientia.
277 3514 382 3587 Nunc
397 3531 552 3586 vestrum
569 3527 619 3584 est
640 3539 720 3585 cum
743 3517 956 3605 elegantiore
979 3516 1058 3584 lite-

66 3640 189 3697 ratnra
205 3619 243 3690 in
259 3618 406 3710 gratiam
422 3618 558 3703 redire,
579 3641 726 3710 eamque
741 3618 868 3708 cupide
886 3617 1060 3704 amplecti.

69 3727 185 3796 Video
210 3722 398 3815 plerosque
421 3719 669 3809 intempestive
698 3743 886 3810 properare
910 3721 952 3788 ad
981 3743 1060 3809 gra-

70 3829 206 3909 viores,
231 3838 272 3895 ut
293 3835 440 3906 vocant,
464 3821 688 3912 disciplinas,
716 3825 887 3914 quosdam
910 3825 953 3890 ad
980 3821 1058 3890 lura

69 3929 260 4011 discenda,
284 3925 329 3993 ad
346 3921 564 3993 Medicinam
587 3945 664 4014 spes
682 3939 845 4015 quaestus
862 3925 973 4012 rapit,
1000 3924 1060 3993 alii

69 4036 111 4106 ad
127 4025 365 4117 Theologiam
379 4027 617 4108 contendunt,
643 4027 848 4118 priusquam
866 4026 976 4094 robur
997 4027 1063 4094 ali·

71 4134 166 4231 quod
182 4129 333 4201 fecerint
345 4127 383 4195 in
399 4125 516 4196 studio
530 4127 658 4196 artium
674 4126 826 4197 dicendi.
864 4125 935 4215 Qui
954 4127 984 4194 si
999 4152 1062 4197 suo

72 4256 233 4333 quaeque
247 4229 375 4300 ordine
390 4229 675 4318 adgrederentur,
698 4231 791 4299 bone
806 4226 913 4313 Deus,
930 4245 1063 4322 quanto

73 4363 145 4410 rem
170 4331 334 4405 foelicius
352 4329 539 4420 gererent?
575 4327 679 4401 Nunc
701 4331 791 4399 male
813 4345 946 4401 tentato
967 4356 1065 4401 com-

75 4438 205 4533 pendio
222 4434 289 4526 ipsi
307 4456 380 4502 sese
396 4444 593 4501 morantur.

175 4537 261 4609 Fuit
285 4536 380 4626 apud
405 4558 469 4603 nos
486 4531 607 4602 Morio
629 4533 821 4625 quispiam,
849 4533 910 4627 qui
934 4535 971 4602 in
988 4529 1066 4603 heri

10 4626 15 4645 '
76 4643 231 4714 culinam
255 4662 295 4706 ex
321 4659 419 4705 more
439 4634 534 4724 ligna
556 4637 706 4705 ferebat:
752 4636 782 4704 is
806 4636 931 4705 solitus
952 4649 1003 4706 est
1026 4661 1064 4706 er

10 4807 18 4817 ..
78 4745 197 4815 infima
214 4754 321 4822 strue,
343 4761 381 4808 ea
397 4738 575 4816 revellere,
597 4761 686 4828 quae
700 4737 835 4806 moseri
851 4738 925 4805 sine
940 4763 1066 4827 magno

10 4902 21 4916 ..
80 4843 315 4937 negociouon
333 4851 505 4931 poteraut.
551 4836 860 4932 Interrogatusque
876 4865 939 4908 cur
955 4840 989 4907 id
1008 4843 1067 4908 fte-

10 4928 23 5027 2'
81 4963 141 5033 ret,
167 4941 373 5037 respondit,
398 4965 437 5010 se
452 4939 682 5009 difficilimam
698 4941 828 5009 laboris
845 4956 976 5029 partem
997 4944 1067 5031 pri-

10 5093 27 5135 ῑ.
82 5074 174 5118 ιιιιιιιι
203 5045 465 5126 confecturum,
496 5066 631 5109 statuma
665 5041 725 5109 illa
753 5042 890 5111 facilins
918 5046 1068 5115 moveri:

10 5194 20 5233 ξ
84 5175 143 5220 nec
158 5149 251 5219 sidit
263 5158 434 5238 quantum
452 5145 616 5227 referret,
642 5142 777 5232 singula
793 5145 919 5212 ordine
935 5147 1069 5219 tollere.

10 5274 30 5333 ‘aa
85 5244 303 5321 llniusmihi
325 5245 519 5337 persimiles
538 5244 721 5328 ridentur,
749 5245 809 5337 qui
828 5247 992 5314 fastiditis
1015 5244 1071 5316 his

1103 2087 1311 2178 spurciciam
1326 2104 1462 2159 tantum
1480 2089 1518 2158 in
1536 2092 1666 2159 artium
1685 2090 1942 2181 professoribus
1959 2119 2095 2181 accuso,

1103 2192 1163 2259 sed
1188 2188 1485 2283 imprudentiam,
1518 2216 1537 2260 a
1564 2216 1635 2284 qno
1658 2216 1694 2261 se
1719 2194 1803 2262 vitio
1828 2195 1987 2264 adserere
2019 2222 2091 2267 non

1105 2305 1264 2381 possunt,
1287 2316 1438 2384 quorum
1457 2292 1596 2383 ingenia
1613 2293 1755 2363 dicendi
1770 2295 1905 2365 artibus
1922 2321 1995 2366 non
2010 2314 2094 2370 sunt

1105 2393 1252 2466 exculta.
1304 2391 1424 2482 Quare
1442 2418 1515 2464 non
1538 2418 1633 2464 cesso
1651 2419 1712 2464 vos
1735 2393 1933 2477 adhortari,
1960 2402 2003 2467 ad
2021 2401 2094 2471 ele-

1104 2495 1242 2584 gantiae
1271 2520 1462 2589 earumque
1494 2495 1623 2567 artium
1654 2499 1830 2582 studium,
1864 2499 1939 2568 sine
1964 2503 2095 2593 quibus

1105 2598 1312 2690 disciplinae
1339 2598 1496 2691 reliquae
1519 2624 1592 2668 non
1625 2614 1773 2688 possunt
1785 2624 1867 2691 *non
1900 2600 2094 2674 infoelicis-

1105 2701 1192 2770 sime
1207 2700 1368 2783 tractari,
1393 2703 1524 2793 quoda
1543 2700 1643 2770 vobis
1661 2725 1724 2791 par
1741 2715 1802 2783 est,
1828 2715 1866 2770 ut
1882 2704 1937 2771 vel
1955 2706 2095 2794 publica

1106 2803 1290 2872 necessitas
1306 2805 1480 2896 impetret.
1514 2800 1604 2872 Nam
1620 2804 1681 2873 ubi
1697 2803 1900 2894 disciplinas
1916 2808 2096 2894 graviores

1106 2904 1240 2977 vitiarit
1263 2905 1462 2988 barbaries,
1495 2905 1682 2995 periclitari
1705 2907 1818 2977 solent
1845 2920 1878 2977 et
1909 2902 2095 2979 hominum

1107 3032 1235 3078 mores.
1292 3004 1358 3077 Est
1381 3008 1475 3076 enim
1504 3007 1616 3076 madtu
1643 3007 1758 3076 verius
1784 3003 1869 3091 hoc,
1899 3013 2096 3101 comparari

1108 3134 1224 3178 mores
1245 3134 1286 3178 ex
1307 3109 1488 3193 doctrina,
1515 3133 1619 3201 quam
1635 3112 1728 3201 quod
1748 3106 1849 3180 Plato
1872 3110 2029 3201 scripsit,
2055 3138 2096 3183 es

1109 3210 1331 3281 Musicorum
1355 3210 1527 3281 cantibus.
1578 3207 1673 3280 Dixi.

1135 3586 1202 3662 No.
1219 3590 1254 3661 7.
1329 3541 1334 3549 Ι

1117 3685 1288 3715 Μ

1461 3790 1539 3876 De
1569 3789 1753 3910 lepidus.

1181 3969 1263 4093 Apsud
1279 3967 1439 4091 CrabTMlyl.
1456 3966 1544 4089 pi⁷l5d5
1557 3966 1845 4090 :qqhiphllqslprmplb
1858 3967 1926 4090 1⁴18.
1939 3984 1965 4038 p.
1977 3969 2056 4036 tot,
2072 3972 2100 4025 in

1217 4048 1473 4188 lslhllbeoldlinlepfad
1485 4054 1662 4174 Beaalnllml.
1674 4056 1734 4158 Vbl.
1743 4073 1764 4160 l.
1779 4121 1807 4174 p.
1815 4045 2006 4162 tldseelbiff
2015 4047 2103 4179 ,ἔοῖ

1216 4188 1340 4248 tempore
1353 4178 1382 4230 in
1395 4176 1520 4256 menibus
1532 4172 1620 4230 habeo
1634 4174 1767 4246 μιλέτην,
1785 4193 1837 4247 qna
1851 4176 1884 4228 de
1898 4177 2002 4246 legibus
2014 4178 2101 4232 dicam

1217 4245 1567 4373 3„'',¹.¹1l,¹,',⁶},ssl¹,⁸ss¹,l,⁸ssvv
1580 4245 1653 4300 Naro
1677 4245 1764 4314 legem
1782 4244 1910 4309 tulimus,
1936 4256 1965 4300 ut
1989 4245 2104 4318 singulis

1293 4478 1353 4546 De
1374 4471 1517 4570 lepidus
1535 4479 1658 4546 oratio
1682 4469 1798 4544 Phil.
1825 4435 1924 4544 Mel.

1116 4619 1337 4700 Desiderant
1358 4625 1397 4693 in
1422 4648 1477 4693 me
1493 4623 1693 4714 plusculum
1713 4625 1859 4693 fortasse
1879 4622 2025 4713 pudoris
2040 4622 2107 4690 ali-

1117 4733 1197 4826 qui,
1220 4754 1300 4800 curn
1326 4727 1475 4796 assiduis
1500 4725 1835 4808 declamationibus,
1862 4738 1895 4795 et
1919 4723 2105 4795 infantiam

1119 4857 1233 4902 meam
1266 4831 1371 4918 vulgo
1407 4830 1572 4907 traduco,
1605 4840 1640 4896 et
1674 4821 1938 4896 humanissimis
1971 4828 2006 4895 in
2042 4822 2107 4895 hac
2169 4846 2184 4861 ‘

1119 4931 1257 5014 schola,
1285 4927 1619 5022 patientissimisque
1632 4928 1856 4998 auditoribus
1870 4929 1972 4998 toties
1988 4929 2109 4996 odiose

1119 5039 1296 5126 obstrepo.
1345 5028 1421 5121 Ego
1439 5056 1520 5100 vero
1545 5054 1695 5121 agnosco
1718 5053 1873 5098 mearum
1891 5030 2019 5098 virium
2041 5029 2110 5097 im·

1120 5138 1366 5219 heriditatem,
1393 5156 1542 5226 meoque
1561 5157 1616 5201 me
1637 5134 1725 5224 pede
1746 5132 1888 5202 metior:
1913 5144 2043 5200 etcum
2064 5132 2108 5199 de

1121 5240 1255 5329 meipso
1277 5260 1460 5308 censuram
1483 5259 1566 5324 ago,
1601 5233 1715 5302 sentio
1741 5257 1846 5328 quam
1870 5257 1942 5301 non
1973 5232 2111 5301 satisfa-

10 5392 21 5433 e
88 5355 216 5422 auibus
239 5350 284 5417 ad
305 5347 470 5416 sublimia
495 5349 692 5436 promtam.
753 5345 844 5416 Naro
873 5362 1073 5438 etatagemr
1122 5343 1212 5410 ciam
1249 5337 1469 5430 politissimis
1500 5338 1726 5429 quorundam
1762 5333 1918 5405 auribus.
1979 5330 2110 5402 Verum

10 5498 21 5537 ρ
90 5451 241 5523 discendi
258 5451 376 5532 labor,
400 5460 434 5518 et
448 5448 708 5517 incommodius
724 5447 844 5516 omnia
867 5463 1073 5533 tractantur,

135 5554 324 5626 Mrcauru.
350 5552 457 5619 Orsa.
485 5554 568 5620 Vos.
596 5553 657 5618 xl.

1124 5469 1203 5515 cum
1221 5435 1469 5534 provehendae
1486 5437 1537 5506 rei
1559 5436 1736 5508 literariae
1753 5458 1874 5521 causa,
1900 5429 1986 5520 hoc,
2013 5435 2114 5529 quic-

1511 5535 1535 5610 5
