4664 6022
123 312 211 393 ttr
532 318 694 406 DECL.
726 320 803 400 DE
835 316 1037 397 utero:
1077 318 1359 400 ATTENDE
1390 316 1679 399 Lucutottt
1703 336 1790 429 truc.
2124 312 2192 396 tta

244 482 609 615 fflfflssffl¹l³⁰⁰¹⁰
629 488 1147 618 ⁸5¹9⁶¹⁰t⁸³¹⁰¹1¹¹gn³³÷¹⁸⁰⁸0p¹⁰⁸¹
1196 493 1339 583 theom,
1363 495 1468 567 vobis
1485 518 1662 589 propono:
1689 492 1846 567 Attende
1870 484 2044 578 lectioni,
2068 484 2194 564 adhor-

249 623 333 682 trott.
349 623 414 685 tot.
429 562 874 706 pcloeptagppesnuttemtorg.
936 561 999 621 Μ’
1013 561 1065 634 ⁵⁹⁶
1114 580 1145 616 ‘⁹
1197 600 1326 674 tatiani
1355 612 1389 670 et
1421 596 1614 671 doctrinae.
1673 594 1756 669 Hoc
1783 609 2017 690 praeceptum
2037 593 2136 666 inter
2159 620 2195 669 ce

155 773 282 849 Oratio
309 768 523 869 [synodico]
548 772 596 847 dc
623 772 724 847 dicto
747 776 861 847 Paccii
891 774 923 850 1.
936 768 1149 847 Timotlwl:
1196 699 2196 895 33:233?ssoqmupisapepppeeppupepp:2:123:

155 870 321 953 Attente
340 877 513 971 lectioni,
539 880 782 951 consolationi
802 887 842 949 et
865 874 1062 949 doctrinm
1079 882 1150 949 etc.
1200 909 1284 977 fnde
1302 930 1414 1000 „sque
1429 930 1448 974 ἃ
1466 905 1643 998 mincip„
1655 906 1693 975 3„
1704 901 1861 975 pectas,
1878 926 1985 998 ,ηερε
1998 903 2196 996 repetitum,

158 994 323 1090 Salutari
345 1010 494 1080 consilio
516 1010 631 1103 prima
646 1005 805 1080 Ecclesia
822 1007 939 1077 statim
956 1004 1152 1097 Apostolo·
1199 1009 1291 1081 Nam
1307 1007 1355 1079 ita
1372 1006 1645 1079 Deuteronomii
1667 1021 1763 1078 sexto
1781 1007 1902 1101 inquit
1918 1004 2041 1077 Deus:
2067 1000 2196 1079 Erunt·

157 1138 239 1190 rum
252 1113 469 1205 temporibus
479 1108 575 1184 hunc
591 1136 725 1182 morem
741 1110 917 1193 instituit,
942 1124 982 1179 ut
998 1121 1152 1202 quotan·
1201 1136 1270 1207 que
1283 1113 1392 1181 verba
1406 1106 1514 1195 haee,
1540 1132 1629 1203 qnae
1646 1132 1710 1198 ego
1728 1108 1906 1202 praecipio
1924 1108 1996 1182 tibi
2014 1102 2146 1194 hodie,
2164 1108 2196 1179 in

160 1219 218 1292 nis
243 1216 282 1286 in
302 1216 460 1311 qualibet
481 1214 664 1308 provincia
686 1227 844 1304 pastores
862 1211 1061 1281 vicinarum
1081 1205 1153 1279 Ee·
1203 1215 1407 1298 cordetuo,
1433 1225 1467 1282 et
1481 1211 1643 1282 narrabis
1652 1234 1692 1280 ea
1707 1212 1789 1281 liliis
1803 1213 1892 1296 tuis,
1919 1224 1956 1283 et
1970 1210 2196 1283 meditaberis

76 1352 80 1361 ⁴
162 1319 349 1394 clesiarum
379 1342 399 1389 a
431 1341 495 1387 suo
517 1311 752 1408 gubernatore
778 1327 1077 1398 convocarentur,
1114 1323 1156 1380 ut
1204 1318 1329 1387 sedens
1344 1315 1384 1384 in
1399 1316 1508 1385 domo
1525 1328 1602 1399 tna,
1628 1328 1662 1385 et
1679 1314 1865 1385 ambulans
1883 1313 1922 1383 in
1944 1313 2103 1400 itinere,
2124 1314 2197 1385 dor·

161 1429 261 1496 fieret
287 1420 457 1513 inspectio
480 1419 660 1489 doctrinae
686 1432 720 1487 et
752 1440 915 1500 morum,
955 1430 988 1485 et
1015 1415 1156 1484 delibe—
1204 1418 1318 1488 miens
1342 1431 1377 1488 et
1399 1439 1565 1506 surgens,
1598 1429 1632 1488 et
1657 1415 1784 1505 ligabis
1807 1440 1848 1486 ea
1874 1418 1980 1511 quasi
2007 1415 2196 1506 signnmio

163 1527 319 1600 rationes
352 1526 397 1594 de
431 1521 510 1591 aliis
543 1521 648 1589 rebus
662 1519 886 1588 ”necessariis
926 1513 1156 1587 haberentur.
1206 1545 1312 1591 manu
1333 1533 1416 1604 tua,
1449 1533 1491 1589 ur
1513 1519 1587 1590 sint
1605 1518 1644 1586 in
1675 1532 1884 1610 conspectu,
1915 1530 1954 1589 ep
1976 1518 2195 1591 {mesphaa

163 1628 299 1722 Estque
315 1623 547 1696 rectissimum
570 1622 683 1692 ordiri
705 1617 772 1690 hos
789 1633 985 1690 conventus
1000 1643 1018 1686 a
1034 1641 1157 1710 preca·
1205 1623 1325 1695 limini
1340 1637 1374 1694 et
1388 1621 1488 1693 ostiis
1505 1621 1633 1691 domur
1647 1631 1741 1694 tuae,

163 1736 282 1814 tione,
307 1743 341 1800 et
357 1727 475 1819 aliqua
492 1724 549 1814 pia
572 1723 927 1793 commonefactione:
953 1721 1035 1791 ideo
1051 1720 1156 1790 initio
1303 1721 1401 1795 Haec
1417 1724 1526 1795 verba
1539 1736 1626 1795 nota
1640 1745 1714 1791 esse
1729 1721 1897 1793 omnibus
1910 1721 2102 1811 arbitror,
2123 1746 2194 1821 qno·

164 1858 303 1906 mecum
320 1829 414 1900 veris
429 1840 464 1896 et
481 1826 687 1896 ardentibus
704 1825 906 1894 animorum
927 1823 1021 1893 votis
1036 1845 1159 1914 preca·
1206 1852 1287 1899 rum
1303 1826 1477 1896 sententia
1492 1826 1617 1896 crebro
1634 1823 1764 1893 deinde
1781 1826 1931 1918 repetita
1946 1840 2017 1900 est.
2061 1824 2198 1900 UtPsrl-

117 2012 121 2018 ,
164 1936 273 2008 mini:
306 1932 361 2002 Te
376 1928 600 2019 omnipotens
616 1927 733 2009 Deus,
758 1940 899 1995 aeterne
917 1939 951 1994 et
969 1926 1073 1994 unice
1096 1948 1160 2016 pa·
1207 1955 1265 2000 mo
1281 1929 1415 2021 primo:
1444 1926 1486 1997 ln
1507 1926 1584 2018 lege
1607 1927 1682 1998 eius
1704 1927 1939 2000 meditabitur
1952 1928 2023 2000 die
2040 1942 2198 2002 ‚cnm

167 2054 222 2111 ter
238 2033 387 2107 Domini
403 2030 515 2101 nostri
533 2029 611 2098 lesu
633 2025 786 2107 Christi,
813 2028 978 2098 conditor
998 2026 1158 2097 omniurn
1208 2028 1262 2103 Ae
1282 2045 1324 2102 ut
1341 2028 1457 2101 multa
1483 2029 1664 2115 omittam,
1689 2054 1759 2098 vox
1781 2030 1915 2101 aeterni
1935 2030 2057 2123 patris
2075 2034 2120 2103 da
2138 2032 2198 2103 filio

167 2163 308 2221 rerum,
333 2149 368 2204 et
381 2144 607 2203 conservator
621 2142 656 2198 et
668 2130 882 2221 opitulator,
907 2129 1075 2199 conditor
1089 2124 1160 2197 Ec·
1210 2133 1366 2203 clamitat
1390 2133 1436 2201 ad
1455 2132 1662 2201 universum
1688 2155 1798 2220 genus
1815 2127 2047 2205 humanum,
2078 2132 2197 2207 ΗΜ

168 2243 294 2313 clesiae
315 2252 413 2319 tuae,
440 2258 510 2303 una
533 2257 614 2302 curn
635 2232 710 2301 filio
727 2245 790 2301 tuo
806 2244 1009 2318 coaeterno,
1032 2228 1161 2301 Domi·
1209 2236 1303 2305 filius
1324 2255 1424 2303 meus
1447 2233 1615 2313 dilectus,
1649 2228 1746 2303 huuc
1766 2236 1897 2306 audite.
1961 2234 2196 2330 Quat-epm·

167 2370 215 2414 uo
232 2354 353 2411 nostro
366 2336 445 2406 lesu
456 2330 618 2417 Christo,
643 2347 676 2402 et
693 2331 831 2425 Spiritu
847 2346 986 2418 sancto,
1011 2333 1161 2425 sapiens,
1209 2352 1350 2428 ceptum
1376 2336 1421 2405 de
1443 2336 1685 2425 cognoscenda
1708 2337 1887 2429 doctrina,
1920 2362 2023 2432 quae
2039 2335 2193 2411 Eutaia

167 2444 281 2526 bone,
306 2438 521 2521 misericors,
548 2460 671 2515 verax,
698 2436 809 2520 iuste,
835 2435 1034 2515 liberrime,
1059 2434 1162 2503 sortis
1210 2437 1322 2510 aDeo
1338 2437 1467 2508 tradita
1485 2451 1554 2523 est,
1576 2459 1716 2528 semper
1727 2440 1961 2529 praecipuum
1978 2440 2065 2514 fnit.

168 2563 202 2618 et
217 2547 333 2626 iudex,
355 2563 508 2617 oramus,
524 2536 843 2628 utpropterlesum
852 2533 1037 2607 Christum
1047 2536 1160 2605 filiurn
1310 2536 1446 2610 Eadem
1463 2552 1498 2610 et
1516 2539 1691 2609 sententia
1714 2554 1765 2611 est
1782 2538 1961 2611 Paulinae
1979 2543 2102 2630 vocis,
2119 2566 2191 2639 quae

169 2667 271 2720 tuum
304 2642 500 2715 Dominum
536 2655 718 2719 nostrum,
761 2640 964 2708 crucifixum
995 2662 1061 2728 pro
1094 2662 1162 2705 uo-
1211 2643 1350 2712 cumde
1366 2664 1405 2710 re
1424 2641 1574 2710 maxima
1593 2641 1843 2723 concionetur,
1878 2656 2188 2719 attentatam

101 2774 109 2787 ‘
167 2752 223 2823 bis
245 2762 282 2819 et
305 2743 568 2820 resuscitatum,
600 2735 684 2837 λόγε
705 2736 769 2811 καὶ
789 2734 915 2811 εἰκόνα
938 2736 1063 2810 ἀΐδιον
1079 2760 1161 2823 σου,
1211 2745 1423 2814 sideremus:
1455 2757 1490 2812 et
1513 2744 1610 2835 quod
1631 2743 1730 2812 iubet
1750 2744 1825 2835 ipse
1841 2742 2006 2831 Paulus,
2029 2750 2184 2822 attender-

168 2876 273 2945 qnem
291 2845 435 2916 voluisti
452 2867 514 2933 pro
529 2838 632 2910 nohis
648 2865 721 2911 esse
737 2843 915 2910 victimam
931 2836 995 2911 καὶ
1007 2836 1161 2932 μεσίτην
1210 2848 1297 2915 dum
1320 2865 1394 2913 esse
1416 2843 1578 2928 lectioni,
1612 2845 1647 2913 id
1672 2845 1842 2915 faciamus
1861 2847 1899 2915 in
1922 2843 1998 2920 hoe
2015 2851 2174 2944 ipsolin

169 2949 232 3025 καὶ
249 2946 392 3039 ἱκέτην,
426 2958 467 3014 ut
482 2946 650 3012 accendas
665 2944 770 3012 corda
790 2957 910 3012 nostra
926 2943 1063 3034 Spiritu
1081 2966 1162 3011 san·
1211 2942 1365 3030 horest,
1391 2969 1473 3015 curn
1489 2947 1643 3038 quadam
1660 2946 1859 3017 intentione
1874 2949 1994 3020 animi
2014 2955 2179 3026 consider·

170 3068 226 3126 rto
242 3065 323 3135 tuo,
349 3064 383 3118 et
398 3044 542 3135 colligas
558 3045 623 3114 tibi
637 3041 832 3114 Ecclesiam
851 3058 1029 3113 aeternam
1048 3045 1085 3112 in
1105 3040 1161 3113 his
1211 3072 1290 3120 mus
1304 3048 1391 3141 quid
1402 3047 1506 3122 dicat.
1548 3045 1695 3118 Initium
1710 3063 1826 3119 autem
1841 3054 2187 3128 enarrationssw

169 3154 301 3224 nostris
324 3150 547 3240 regionibus,
583 3171 731 3240 eamque
751 3169 851 3235 regas
875 3159 909 3215 et
932 3168 1064 3231 serves,
1097 3170 1162 3216 nec
1211 3142 1816 3242 turareprehensionefalsissirnae
1832 3155 2101 3243 persuasionis,
2120 3176 2189 3251 qtttt

170 3259 266 3327 siuas
289 3251 446 3340 extingui
464 3250 579 3319 lucem
592 3245 781 3338 Evangelii
803 3248 875 3330 tui,
901 3261 935 3317 et
950 3249 1080 3319 tuearis
1096 3251 1164 3318 do·
1211 3254 1408 3322 multorum
1429 3251 1569 3320 animos
1591 3274 1766 3343 sempera
1787 3254 1928 3346 scriptis
1941 3256 2193 3353 prophetiam

170 3360 305 3430 ctrinae
328 3352 488 3424 coelestis
514 3352 630 3421 studia
655 3364 689 3420 et
715 3350 960 3440 disciplinam,
988 3351 1163 3419 etdesen-
1211 3353 1415 3446 apostolicis
1436 3352 1600 3439 abduxit,
1626 3367 1661 3424 et
1676 3356 1830 3427 abducit.
1882 3355 2004 3431 Multi
2019 3362 2194 3435 doctrinm

170 3464 232 3531 das
253 3483 292 3528 ac
317 3457 491 3547 gubernes
512 3447 665 3544 hospitia
681 3448 938 3537 Ecclesiarnm,
971 3464 1010 3522 ut
1026 3475 1163 3543 semper
1212 3459 1255 3525 de
1271 3455 1451 3538 moribus,
1484 3479 1574 3548 quae
1591 3457 1750 3526 nascitur
1772 3457 1989 3553 nobiscum,
2014 3486 2082 3537 seu
2096 3460 2195 3537 Phih-

169 3563 208 3630 iu
223 3557 280 3630 his
295 3558 500 3647 regionibus
515 3555 588 3625 siut
606 3554 655 3645 pii
671 3568 790 3623 coetus
808 3566 843 3622 te
859 3577 941 3622 vere
958 3554 1163 3625 invocantes
1211 3551 1375 3648 sophiam
1399 3557 1564 3627 sulficere·
1586 3558 1787 3630 existimant
1813 3562 1858 3629 ad
1881 3564 2118 3652 agnitionem
2134 3562 2196 3639 lici:

171 3679 206 3733 et
232 3662 457 3730 celebrantes.
529 3653 690 3748 Cumque
722 3655 870 3724 dixeris:
912 3653 1064 3746 Propter
1095 3679 1163 3738 me,
1212 3683 1278 3728 nec
1301 3673 1480 3750 praeterea
1504 3659 1601 3728 aliud
1627 3681 1737 3749 genus
1758 3662 2197 3760 doctrinaeexpetunt,tt

171 3776 318 3856 propter
336 3762 395 3828 'ure
415 3759 559 3840 faciam,
591 3771 717 3825 utnon
743 3750 984 3846 blasphemer,
1011 3756 1163 3848 supplici
1212 3755 1381 3830 horribili
1399 3762 1564 3851 superbia
1590 3775 1824 3834 contemnunt
1841 3767 2109 3856 patefactiones
2126 3768 2198 3843 diti·

170 3879 311 3958 pectore
326 3884 486 3945 oramus,
507 3873 546 3928 ut
560 3872 704 3949 propter
719 3857 869 3946 gloriam
887 3871 1001 3942 tuam,
1021 3871 1164 3931 aeterne
1211 3885 1295 3948 nas,
1321 3863 1450 3955 scripta
1465 3857 1671 3953 prophetica
1694 3878 1730 3936 et
1753 3867 1968 3957 apostolica,
1996 3886 2036 3944 et
2057 3873 2198 3945 minista-

168 3965 286 4050 Deus,
310 3962 396 4034 haec
417 3964 509 4033 bona
527 3961 632 4030 nobis
647 3974 819 4051 praestes,
846 3960 974 4030 Amen.
1106 3963 1125 3995 “
1213 3965 1306 4034 mum
1330 3964 1583 4053 evangelicum.
1633 3964 1743 4037 Multi
1761 3968 1883 4052 etiam,
1909 3971 1978 4061 qui
2004 3973 2106 4048 vitae
2119 3996 2199 4071 prat·

271 4065 374 4136 Hauc
390 4063 625 4156 precationem
642 4061 705 4131 etsi
720 4061 823 4130 initio
841 4077 1037 4131 conventus
1049 4063 1163 4133 lacere
1212 4079 1310 4157 cepta
1335 4060 1592 4158 in‘prophauis
1611 4065 1749 4156 legibus
1772 4082 1806 4139 et
1819 4070 1964 4162 scriptis
1987 4080 2201 4161 condones

169 4195 266 4240 rrunc
291 4167 442 4235 maxime
463 4164 647 4247 convenit,
682 4180 802 4233 tamon
821 4164 959 4232 assidue
977 4165 1161 4236 uobiscum
1212 4181 1286 4237 arte
1303 4170 1457 4260 quadam
1473 4169 1663 4238 distributa
1683 4193 1756 4239 esse
1779 4171 1918 4252 vident,
1946 4174 2065 4270 longe
2086 4178 2201 4253 anteis-

170 4286 388 4363 repetamus,
414 4291 487 4335 nou
503 4266 617 4335 solum
640 4266 678 4333 iu
703 4265 843 4355 templis
860 4280 895 4334 et
910 4267 1062 4356 publicis
1076 4292 1164 4335 cou-
1212 4283 1297 4338 nrnt
1312 4293 1372 4339 eos
1382 4270 1493 4339 libros
1513 4271 1696 4341 doctrinae
1712 4272 1874 4353 coelesti,
1897 4298 2011 4368 quam
2028 4306 2110 4355 non
2123 4278 2201 4356 indi·

169 4375 364 4465 gressibus,
398 4368 585 4436 sedetiam
610 4393 690 4435 cum
713 4367 941 4449 solisumus,
967 4367 1161 4458 cogitantes
1213 4384 1294 4441 cant
1310 4371 1419 4440 simili
1435 4372 1673 4461 diligentia,et
1688 4387 1764 4442 arte
1779 4373 1947 4467 scriptam
1965 4403 2060 4455 esse.

169 4480 214 4546 de
230 4489 348 4545 nostra
366 4471 495 4549 salute,
522 4483 557 4539 et
573 4469 617 4536 de
632 4465 809 4547 Ecclesia,
836 4469 1003 4541 omnibus
1022 4470 1110 4541 locis
1128 4486 1162 4542 et
1314 4471 1412 4561 Quid
1431 4472 1556 4561 igitur,
1588 4474 1775 4568 inquiunt,
1799 4496 1890 4567 opus
1908 4494 1965 4552 est
1978 4486 2202 4576 parastum

169 4577 399 4669 iemporlbffi·
692 4583 695 4589 ’
1211 4571 1304 4644 Dei?
1348 4573 1562 4662 Quidlibris
1585 4570 1800 4668 propheticis
1820 4593 1855 4650 et
1878 4587 2118 4672 apostolicis?
2149 4584 2203 4657 Vi·

270 4677 361 4749 Cum
382 4689 496 4744 autem
513 4686 547 4740 et
562 4672 852 4743 courmoncsactio
867 4667 936 4742 hoc
951 4674 1029 4743 loco
1048 4677 1092 4744 de
1106 4676 1161 4744 os·
1211 4680 1298 4746 dent
1330 4679 1451 4745 eadem
1481 4677 1559 4746 sine
1587 4677 1700 4748 literis
1730 4673 1894 4750 homines
1917 4682 2127 4779 ingeniosi,
2153 4700 2204 4763 tnl

168 4781 247 4848 ficio
270 4794 450 4869 pastorum
473 4774 633 4842 facienda
657 4774 721 4857 sit,
747 4788 781 4842 et
801 4774 888 4844 alias
908 4783 952 4843 de
976 4777 1044 4844 alia
1062 4791 1160 4867 parte
1211 4793 1302 4849 certe
1318 4777 1509 4847 iucundius
1530 4780 1661 4850 tradita
1685 4782 1810 4870 legunt
1825 4804 1845 4850 a
1862 4783 2008 4858 disertis
2031 4776 2204 4887 scriptori·

168 4881 276 4950 officii
297 4877 487 4949 dicendum
511 4876 574 4959 sit,
601 4890 642 4944 ut
663 4875 701 4942 in
718 4874 785 4944 alia
811 4879 947 4970 syuodo
966 4880 1009 4945 de
1029 4881 1161 4948 tuenda
1211 4882 1277 4950 bus
1293 4878 1432 4950 Latinis
1454 4893 1488 4949 et
1511 4877 1684 4951 Graecis?
1723 4878 2046 4974 Odeplorandam
2070 4895 2203 4967 caeciu-

167 5005 271 5050 verae
293 4980 475 5050 doetrinae
498 4977 706 5058 concordia,
737 4977 933 5047 orationem
957 4975 1084 5049 habui:
1112 4981 1160 5051 ita
1211 4997 1280 5052 tem
1298 4982 1436 5069 generis
1450 4974 1622 5072 humani,
1642 5009 1664 5053 o
1680 4985 1889 5074 flagitiosam
1899 4987 2203 5080 ingr-atimdtne„⁴

116 5093 119 5097 ’
166 5108 264 5152 nunc
288 5095 460 5151 cessantes
486 5083 530 5148 ad
547 5079 704 5148 studium
723 5081 924 5160 doctrinae,
951 5083 993 5149 ad
1012 5082 1159 5171 legenda
1209 5081 1303 5153 Num
1333 5082 1444 5151 levem
1466 5106 1541 5152 rem
1567 5101 1601 5155 et
1622 5087 1781 5156 ociosum
1804 5094 2055 5178 spectaculum
2082 5104 2205 5173 ducunt

164 5187 292 5275 scripta
318 5176 521 5275 prophetica
550 5195 582 5248 et
607 5180 818 5270 apostolica,
852 5195 884 5250 et
911 5182 988 5273 pias
1015 5207 1159 5253 enarra-
1210 5208 1283 5253 esse
1306 5185 1382 5266 isti,
1415 5187 1511 5276 qrrod
1536 5181 1633 5255 Deus
1656 5212 1697 5257 ex
1719 5188 1862 5260 illasua
1884 5205 2204 5295 arcanasedepro·

164 5290 278 5357 tiones
298 5279 479 5353 adhortari
498 5304 560 5350 vos
581 5281 738 5361 decrevi,
766 5285 861 5374 quod
879 5297 919 5353 ut
942 5285 1159 5375 intelligatis,
1209 5287 1327 5364 diens,
1362 5287 1479 5355 statim
1511 5286 1615 5357 initio
1646 5305 1680 5361 et
1701 5292 1866 5382 deinceps
1898 5316 2026 5388 saepe,
2054 5305 2160 5375 ρρηῑς
2176 5314 2204 5372 ee

162 5388 316 5480 praecipi
343 5409 416 5454 non
439 5406 515 5451 mea
542 5408 643 5465 voce,
681 5384 740 5451 sed
759 5408 844 5454 voce
862 5385 1016 5477 Spiritus
1033 5389 1156 5468 sancti,
1209 5388 1407 5456 illustribus
1431 5388 1643 5459 testimoniis
1665 5414 1702 5460 se
1720 5393 1841 5481 generi
1857 5385 2022 5471 humano
2038 5406 2202 5496 patefecit,

161 5493 315 5574 dictum,
349 5484 446 5581 quod
469 5499 561 5555 extat
582 5486 620 5553 in
641 5480 804 5576 Epistola
825 5484 929 5559 Pauli
958 5490 1006 5559 ad
1030 5487 1156 5559 'l'imo-
1210 5513 1273 5559 uos
1293 5489 1469 5562 allocutus
1497 5504 1569 5577 est,
1602 5493 1807 5565 mirandum
1836 5495 2025 5574 decretum
2051 5507 2199 5599 ignotum
