4664 6022
148 435 355 521 icultatem,
377 449 417 507 ut
437 437 542 528 longe
560 438 697 511 minore
712 442 896 534 impendio
914 445 1008 514 bona
1026 470 1131 540 quarn

147 537 232 608 mala
267 560 333 608 vos
365 563 501 630 sperem
535 557 766 616 assecuturos.
830 543 1001 636 Deligunt
1033 549 1133 618 vobis

145 651 388 734 praeceptores
410 643 517 712 vestri
542 668 631 735 quae
653 668 694 714 ex
717 670 785 716 usu
799 661 851 719 est
870 649 977 732 scire,
1004 651 1132 719 frivola

144 755 351 823 secernunt,
383 756 489 837 atque
510 745 537 813 ii
559 743 690 817 Latina
715 750 882 842 quidem,
916 751 1024 821 simul
1051 776 1131 821 cum

145 843 280 916 Latinis
290 842 429 915 Graeca
447 846 556 931 disci,
581 861 614 917 et
631 850 780 934 debent,
805 864 841 923 et
854 853 957 922 facilc
971 869 1131 945 possunt.

144 945 252 1018 blodo
276 944 468 1017 succisivas
489 949 625 1042 aliquot
651 946 756 1022 horas
773 951 920 1024 Graecis
941 957 1041 1048 date,
1068 979 1130 1046 ego

144 1051 215 1120 iano
238 1049 366 1118 studio
389 1073 429 1119 ac
453 1050 576 1120 labore
602 1076 700 1138 meo,
733 1078 780 1123 ne
800 1080 906 1148 opera
932 1081 995 1127 vos
1017 1072 1131 1128 vestra

146 1154 346 1224 lustretur.
397 1150 526 1223 Statim
553 1154 649 1222 enim
681 1157 726 1224 ab
755 1158 860 1228 initio
888 1160 1130 1230 difficultatem

150 1255 193 1324 rei
217 1251 487 1324 Grammaticae
516 1256 733 1347 optimorum
761 1254 951 1331 authorum
980 1263 1132 1332 lectione

147 1357 372 1446 temperabo,
395 1368 436 1424 ut
456 1359 551 1448 quod
566 1358 641 1427 illic
656 1360 795 1449 regula,
820 1358 877 1431 hic
894 1365 1051 1455 exempla
1065 1366 1131 1435 do-

144 1473 251 1528 ceant.
319 1455 474 1527 Accedet
511 1460 628 1529 obiter
663 1462 702 1529 in
741 1458 953 1534 authoribus
988 1467 1131 1536 interim

142 1563 230 1654 qood
260 1560 307 1627 ad
330 1583 464 1645 mores,
496 1561 553 1630 vel
575 1586 695 1631 rerum
717 1580 928 1636 secretarum
949 1569 1130 1639 scientiam

142 1663 311 1754 pertinet:
344 1663 464 1731 omnia
485 1663 513 1730 si
541 1666 777 1752 contuleritis,
804 1664 1045 1759 pulcherrime
1066 1672 1131 1741 ab·

141 1762 279 1835 solvent
292 1764 417 1833 orbem
433 1764 644 1835 studiorum.
695 1765 777 1839 Erit
790 1771 886 1838 enim
904 1797 1007 1842 curae
1030 1770 1131 1858 mihi,

142 1881 179 1936 ot
199 1890 267 1958 pro
296 1884 452 1959 requae
485 1866 653 1937 videntur
684 1870 1129 1961 diligenter⁸admoneam

141 1966 344 2039 Homerum
357 1962 530 2039 habemur
543 1971 582 2038 in
599 1972 782 2067 manibus,
798 1969 970 2044 habemus
986 1991 1019 2047 et
1027 1976 1130 2047 Pauli

140 2066 340 2162 Epistulam
359 2070 405 2137 ad
423 2067 561 2144 Titum.
611 2068 682 2141 Hic
703 2087 858 2166 spectare
874 2077 977 2146 vobis
1001 2078 1131 2164 licebit,

142 2185 316 2266 quantum
333 2172 507 2241 sunnonis
526 2176 740 2265 proprietas,
767 2179 810 2245 ad
830 2179 1059 2270 intelligenda
1075 2203 1131 2249 sa-

143 2296 283 2344 crorum
297 2274 485 2367 mysteria,
510 2276 683 2345 conferat:
708 2279 795 2370 quid
807 2281 892 2350 item
912 2281 1053 2353 intersit
1073 2283 1131 2352 in-

143 2390 194 2447 ter
225 2377 438 2465 interpretes
456 2368 592 2448 Graece
622 2379 761 2465 doctos,
797 2394 831 2451 et
863 2382 1035 2454 indoctos.
1089 2381 1130 2454 ln

142 2476 218 2549 aliis
234 2493 322 2548 nota
336 2478 429 2547 mala
445 2499 516 2569 pro
535 2479 638 2550 bonis
652 2481 846 2568 ducantur,
871 2485 909 2553 iu
934 2481 1002 2556 boc
1023 2510 1132 2576 nego-

143 2582 195 2652 cio
208 2582 350 2651 diutius
363 2580 451 2650 citra
467 2581 639 2651 iacturam
655 2584 806 2674 ineptire
822 2609 896 2658 non
917 2587 1010 2660 licet.
1062 2586 1131 2658 Ca-

142 2683 267 2776 pessite
283 2704 368 2771 ergo
385 2704 469 2752 sana
492 2685 626 2768 studia,
653 2696 686 2755 et
704 2689 799 2779 quod
823 2713 842 2757 a
866 2687 975 2762 Poeta
994 2691 1129 2761 dictum

143 2801 209 2870 est,
240 2787 364 2854 animo
386 2783 536 2855 volvite:
576 2782 776 2857 Dimidium
805 2791 889 2860 sacti
912 2793 976 2886 qui
1002 2794 1131 2883 coepit,

142 2883 256 2957 babet.
319 2885 452 2976 Sapere
478 2888 626 2972 audete,
662 2904 796 2959 veteres
830 2890 978 2963 Latinos
1012 2896 1129 2974 colite,

142 2987 276 3060 Graeca
297 2988 568 3080 amplexamini,
593 2990 669 3059 sine
689 2993 820 3085 quibus
837 2991 966 3066 Latina
989 2998 1130 3068 tractari

141 3106 232 3162 recte
247 3102 445 3184 nequeunt.
496 3087 548 3160 Ea
571 3116 636 3182 pro
653 3096 814 3164 omnium
838 3096 1021 3171 literarum
1051 3123 1130 3184 usu,

140 3194 326 3283 ingenium
340 3192 437 3262 alent
451 3192 593 3277 mitius,
617 3219 657 3264 ac
680 3197 872 3286 elegantius
894 3201 1132 3295 undequaque

140 3297 304 3367 reddent.
364 3292 491 3364 Paucis
515 3295 619 3364 annis
648 3299 811 3385 prodiere
832 3301 870 3367 in
901 3300 1034 3387 lucem,
1069 3305 1129 3396 qui

140 3399 243 3468 vobis
268 3410 304 3466 et
328 3394 489 3488 exemplo
511 3410 545 3467 et
567 3398 710 3468 stimulo
739 3401 827 3470 sint:
874 3399 1009 3471 Videor
1035 3404 1129 3472 enim

142 3501 262 3570 ridere
278 3493 371 3568 mihi
385 3499 512 3569 tacitus
527 3498 664 3592 aliquot
685 3499 773 3570 locis
797 3503 1020 3573 reflorescere
1037 3502 1130 3575 Ger-

142 3603 319 3682 maniam,
354 3600 530 3694 planeque
555 3601 716 3672 moribus
745 3616 780 3673 et
803 3606 986 3675 communi
1011 3601 1132 3675 homi·

143 3729 227 3775 num
243 3725 351 3772 seusu
366 3701 568 3783 mitescere,
587 3717 621 3775 et
638 3705 740 3797 quasi
753 3706 920 3791 cicurari,
935 3733 1025 3803 quae
1041 3707 1131 3778 Bar-

143 3806 237 3877 baris
254 3805 344 3875 olim
359 3804 558 3897 disciplinis
579 3805 705 3891 effera,
729 3809 848 3879 nescio
868 3810 955 3904 quid
976 3812 1131 3880 immane

144 3910 243 3980 solita
263 3923 316 3976 est
331 3907 476 3998 spirare.
531 3905 687 3977 Proinde
704 3910 867 3981 locabitis
878 3936 1039 4002 operam,
1056 3937 1130 3982 non

143 4014 247 4081 modo
267 4011 456 4079 commodo
471 4021 607 4094 vestro,
631 4034 745 4105 eoque
761 4014 805 4082 ad
822 4028 980 4104 posteros
1001 4038 1128 4105 propa-

144 4115 278 4203 gando,
313 4113 375 4180 sed
408 4111 557 4180 omnino
582 4112 715 4201 gloriae
743 4138 818 4183 non
842 4118 1146 4187 intermoriturae‘

143 4214 321 4303 Principis
338 4213 500 4283 omnium
517 4237 691 4283 consensu
708 4216 853 4307 optimi,
880 4219 942 4310 qui
958 4215 1051 4287 nihil
1068 4221 1131 4288 ad-

144 4316 301 4388 serendis
316 4315 421 4385 bonis
437 4315 550 4385 literis
566 4310 673 4387 babet
687 4319 816 4408 potius.
840 4316 1015 4414 Equidem
1035 4322 1128 4413 quod

145 4423 184 4490 sd
222 4444 279 4488 me
308 4419 454 4501 attinet,
480 4412 574 4486 nihil
598 4442 673 4487 non
697 4421 880 4507 connitar,
911 4447 955 4492 ne
980 4425 1131 4493 defuisse

145 4522 196 4592 vel
212 4520 426 4612 pientissimi
442 4518 618 4610 Principis
633 4521 827 4607 voluntati,
852 4525 908 4593 vel
930 4525 1056 4596 studiis
1071 4549 1132 4593 ve·

143 4625 223 4697 stris
237 4623 365 4714 optimi
380 4618 572 4692 Auditores
586 4623 718 4698 videar.
770 4624 889 4718 Atque
905 4621 972 4695 hoc
989 4650 1044 4694 me
1065 4652 1132 4695 uo·

144 4728 239 4796 mine
264 4725 365 4795 vobis
381 4721 579 4793 Clarissimi
597 4725 685 4809 viri,
711 4722 922 4797 Academiae
939 4727 1132 4799 Saxonicae

143 4826 348 4917 Principes,
380 4827 506 4896 addico
522 4850 562 4895 ac
579 4827 754 4912 devoveo,
775 4843 931 4900 vestrum
956 4832 1024 4900 erit
1044 4832 1132 4899 adu-

144 4930 348 5002 lescentiam
364 4952 479 4996 meam
496 4929 601 4997 bonis
615 4929 726 4998 literis
743 4947 996 5013 consecratam,
1024 4933 1132 5000 mini-

146 5056 199 5102 me
230 5031 337 5100 malis
371 5031 509 5099 artibus
542 5030 736 5116 imbutam,
775 5035 929 5128 denique
961 5035 998 5103 in
1026 5035 1131 5102 fidem

147 5148 298 5204 vestram
324 5133 449 5201 sedulo
464 5133 762 5217 commendatam,
787 5137 940 5228 benigne
957 5137 1132 5206 officiose-

146 5259 210 5328 que
224 5233 320 5306 tueri
337 5257 377 5303 ac
393 5256 611 5308 conservare.
663 5232 758 5308 Dixi.

706 265 869 346 DECL.
902 267 979 347 DE
1012 268 1440 350 MAXlMlLlANO
1471 275 1627 355 CAES.

2127 285 2179 360 26

1996 486 2045 528 an.
2063 465 2157 536 1519.

1998 556 2169 588 Μ

1378 655 1453 741 De
1481 654 1821 743 Maximiliono
1851 656 1976 749 Caes.

1223 449 1289 523 No.
1307 451 1341 523 8.

1201 547 1373 578 Μ

1253 831 1402 904 separatim
1423 831 1510 898 edita,
1530 831 1582 888 sid.
1603 832 1672 903 Epp.
1695 831 1757 888 Vol.
1781 837 1804 892 l.
1829 856 1855 906 p.
1875 839 1938 907 69„
1963 841 2011 894 ubi
2029 843 2170 914 epistolam

1288 905 1513 967 nuncupatoriam
1525 901 1557 956 ad
1574 901 1795 958 Herabaimerum
1809 906 1942 967 dedimus.
1975 909 2081 967 Resusa
2100 913 2171 983 apud

1287 969 1399 1025 Craton.
1415 971 1484 1041 Mpl.
1497 987 1524 1040 p.
1538 970 1616 1037 4³1„
1634 973 1662 1024 io
1680 974 1728 1029 sel.
1748 973 1824 1028 Deci.
1845 976 1929 1032 '1:11.
1948 997 1974 1050 p.
1985 979 2046 1039 567.
2082 981 2115 1034 ln
2126 980 2169 1036 ed.
2265 981 2268 985 ’

1284 1039 1399 1095 Sersesl.
1412 1038 1447 1094 ll.
1467 1061 1492 1114 p.
1511 1041 1562 1094 587
1578 1060 1621 1112 sq.
1656 1040 1785 1097 Richard.
1799 1043 1833 1096 ll.
1852 1063 1879 1116 p.
1893 1046 1954 1102 653.

1184 1203 1310 1273 Oratio
1347 1197 1519 1296 funebris
1563 1200 1669 1275 dicta
1702 1199 1787 1275 diuo
1826 1193 2181 1282 Maatmsttano'

1183 1306 1358 1395 caesari,
1388 1302 1837 1485 Wittenberpaelplgbil.
1857 1309 2168 1402 Melanchthone,

1577 1431 1639 1480 on.
1769 1457 1779 1481 .

1184 1545 1234 1632 Si
1251 1584 1421 1654 unquam,
1437 1554 1883 1654 illustrissimiPrincipes,
1898 1561 2079 1654 Magistri,
2095 1563 2168 1638 Re-

1183 1678 1313 1742 ctores,
1347 1663 1638 1753 praestantissimi
1671 1665 1760 1749 viri,
1800 1689 1899 1735 casus
1931 1667 2061 1759 aliquis
2093 1691 2166 1738 uon

1184 1766 1290 1834 modo
1307 1765 1492 1834 universae
1509 1762 1743 1846 Germaniae,
1768 1768 1828 1836 sed
1847 1769 1995 1838 omnino
2012 1769 2077 1838 toti
2091 1766 2169 1840 Eu-

1183 1890 1289 1957 ropae
1322 1868 1467 1936 acerbus
1494 1868 1661 1936 accidisse
1691 1869 1805 1937 videri
1828 1882 1964 1962 potest,
1992 1865 2050 1940 hic
2077 1885 2170 1942 certe

1183 1970 1296 2038 multo
1311 1969 1480 2052 maxime,
1501 1970 1625 2060 optimi
1644 1969 1818 2061 Principis
1839 1972 1914 2041 divi
1930 1970 2169 2041 Maximiliaui

1184 2071 1347 2142 interitus
1361 2071 1514 2163 publicis
1523 2073 1684 2141 omnium
1700 2068 1891 2168 lachrymis
1904 2074 2088 2144 deflendus
2104 2087 2168 2146 est.

1182 2172 1274 2243 Nam
1299 2186 1438 2264 ereptus
1464 2186 1514 2242 est
1539 2175 1645 2243 terris
1665 2198 1758 2243 unus
1775 2176 1960 2263 omnium,
1987 2177 2050 2268 qui
2074 2174 2168 2247 Ger-

1184 2275 1297 2344 manis
1318 2274 1583 2365 imperaverunt
1598 2274 1825 2366 Principum,
1850 2277 1964 2347 multo
1979 2278 2168 2369 sapientis·

1183 2379 1294 2447 simus
1320 2390 1354 2446 et
1383 2376 1617 2461 fortissimus,
1646 2379 1691 2446 ad
1723 2372 1790 2447 hoc
1813 2402 1854 2447 eo
1884 2393 2062 2470 tempore,
2097 2404 2197 2472 quo·

1183 2481 1344 2549 noudum
1366 2480 1465 2548 aliud
1497 2478 1566 2548 fuit
1594 2478 1652 2546 vel
1684 2480 1906 2550 commodius
1936 2481 2169 2551 declarandae

1184 2583 1306 2652 virtuti
1328 2578 1578 2666 Caesarianae,
1605 2580 1663 2649 vel
1686 2582 1798 2671 magis
1821 2582 2074 2668 necessarium,
2106 2607 2167 2653 cu-

1184 2685 1239 2754 ius
1260 2684 1322 2753 ille
1343 2683 1529 2773 ambiguos
1548 2705 1648 2752 casus
1669 2683 1841 2775 sapientia
1864 2707 1926 2754 sua
1947 2696 2168 2776 temperaret.

1183 2785 1290 2874 Quod
1307 2785 1402 2855 enim
1416 2785 1486 2856 suit
1501 2786 1657 2855 seculum
1673 2787 1718 2853 ab
1734 2785 1812 2876 ipso
1830 2782 2044 2856 Germaniae
2059 2809 2168 2874 regno

1183 2891 1363 2968 dedicato,
1398 2913 1469 2982 quo
1504 2887 1561 2955 vel
1587 2884 1765 2956 Ecclesiae
1799 2911 1884 2978 opes
1916 2888 2168 2980 periculosiore

1184 2993 1262 3062 loco
1285 2991 1439 3074 suerint,
1471 2986 1527 3056 vel
1550 2989 1687 3059 turbidi
1709 2989 1836 3058 modus
1863 2991 1993 3082 certius
2020 2990 2167 3061 exitium

1183 3095 1368 3163 universae
1383 3088 1568 3184 Europae,
1594 3093 1726 3160 nedum
1744 3087 1959 3161 Germaniae
1978 3093 2168 3184 portende·

1183 3195 1280 3265 rint?
1330 3190 1462 3262 Horret
1485 3193 1624 3262 animus
1647 3192 1779 3261 dicere:
1805 3189 2080 3263 Crudelissimus
2101 3216 2169 3262 no-

1183 3299 1289 3366 minis
1320 3290 1514 3366 Christiani
1549 3290 1661 3365 hostis
1686 3292 1804 3363 Tusca
1837 3294 2000 3365 imminet
2034 3291 2168 3366 Italiae.

1183 3397 1298 3469 Roma
1322 3396 1361 3466 in
1383 3397 1509 3465 mediis
1530 3396 1698 3466 fluctibus
1720 3387 1969 3484 ἀλαόσκοπος,
1995 3419 2083 3488 quae
2105 3399 2169 3465 de-

1183 3500 1288 3569 bebat
1302 3497 1468 3568 universo
1486 3496 1582 3581 orbi,
1609 3496 1714 3564 nobis
1728 3508 1845 3565 autern
1862 3496 2033 3581 maxime,
2055 3496 2169 3569 veluti

1183 3601 1362 3696 quoddam
1386 3597 1626 3682 domicilium,
1650 3611 1685 3667 et
1710 3619 1772 3666 arx
1791 3596 2053 3688 trepidantibus
2072 3599 2168 3668 salu-

1183 3705 1261 3777 tari.
1314 3698 1455 3772 Galliae
1472 3700 1615 3795 quaein
1631 3699 1739 3769 armis
1754 3721 1868 3768 anuos
1883 3699 1953 3769 iam
1973 3701 2046 3769 sere
2061 3700 2169 3794 quin-

1183 3805 1349 3900 quaginta
1367 3827 1386 3872 a
1402 3801 1532 3874 Carolo
1548 3825 1661 3896 usque
1677 3813 1801 3871 octavo
1816 3800 1887 3890 agit
1902 3801 2058 3887 assidua,
2071 3825 2169 3872 nun·

1183 3932 1289 4001 quam
1305 3929 1422 3998 neque
1436 3906 1584 3974 maiores
1600 3903 1724 3984 animi,
1749 3926 1816 3972 nec
1830 3925 1909 3995 spes
1922 3902 2167 3995 impotentior,

1184 4034 1297 4102 neque
1317 4008 1453 4077 occasio
1475 4007 1645 4097 amplior,
1676 4028 1792 4098 neque
1813 4005 1956 4075 fortuna
1978 4005 2170 4096 indulgeu-

1183 4113 1254 4182 tior
1268 4111 1345 4181 fuit.
1396 4106 1527 4199 Reguli
1544 4105 1759 4178 Germaniae
1774 4105 1903 4198 passim
1927 4106 2081 4198 patriae,
2106 4131 2168 4175 ve-

1183 4237 1312 4308 raeque
1335 4200 1569 4281 Germanicae
1592 4207 1733 4279 virtutis
1756 4207 1998 4294 immemores,
2028 4208 2167 4280 intesti-

1183 4318 1239 4385 nis
1273 4315 1377 4386 bellis
1408 4337 1469 4382 sua
1503 4312 1714 4382 labefactare
1745 4322 1949 4402 coeperunt.
2005 4307 2085 4379 Hoc
2103 4310 2168 4379 illo

1184 4435 1341 4510 tempore
1358 4415 1518 4485 sublatus
1534 4428 1585 4484 est
1601 4437 1642 4482 ex
1661 4411 1774 4482 oculis
1789 4411 1977 4504 mediaque
1994 4408 2168 4482 luceCae-

1183 4545 1259 4603 sar,
1286 4513 1582 4609 orphanispater,
1604 4515 1705 4584 cuius
1718 4513 1905 4603 prudentia
1917 4526 1953 4582 et
1965 4510 2169 4582 incredibili

1184 4621 1425 4692 moderatione
1450 4618 1580 4702 animi,
1612 4630 1652 4687 ut
1680 4614 1905 4684 foelicissimo
1926 4613 2086 4704 prosectu
2110 4636 2171 4682 eo-

1184 4749 1252 4818 que
1266 4746 1374 4813 prope
1390 4745 1496 4812 supra
1514 4721 1638 4802 tidem,
1662 4718 1700 4786 in
1716 4712 1812 4787 hunc
1831 4739 1944 4807 usque
1963 4715 2057 4784 diem
2076 4710 2170 4785 Ger-

1185 4826 1320 4897 maniae
1345 4824 1468 4893 laudes
1492 4845 1646 4913 opesque
1669 4832 1790 4889 auctae
1815 4831 1913 4886 sunt:
1942 4817 1989 4886 ita
2008 4816 2078 4885 nisi
2104 4814 2168 4885 illo

1184 4930 1260 5019 ipso
1275 4926 1408 4996 arbitro
1425 4937 1458 4993 et
1482 4936 1678 5003 servatore,
1702 4934 1794 4990 stare
1816 4942 1890 4986 non
1916 4931 2045 4988 temere
2067 4930 2169 5010 pote·

1184 5041 1283 5100 runt.
1337 5026 1418 5097 Iure
1440 5027 1548 5114 igitur
1569 5023 1762 5093 dolendum
1786 5035 1837 5090 est
1862 5021 1988 5090 amisso
2010 5017 2170 5102 Caesare,

1184 5146 1220 5202 et
1237 5131 1332 5199 bono
1349 5129 1532 5220 Principe,
1556 5139 1590 5195 et
1605 5127 1701 5193 bono
1718 5123 1815 5206 viro,
1842 5148 1913 5216 qno
1930 5122 2012 5191 vivo
2028 5132 2069 5191 ut
2086 5120 2169 5213 pul-

1184 5228 1358 5302 cherrime
1392 5231 1591 5299 floruerunt
1623 5225 1838 5297 Germaniae
1871 5223 2072 5307 commoda,
2119 5220 2168 5291 ita

1185 5348 1345 5415 mortuo,
1376 5356 1451 5401 non
1480 5342 1627 5423 possunt
1656 5350 1731 5396 non
1751 5326 1812 5395 illa
1837 5347 2079 5395 emarcescere.
2130 5315 2167 5390 Ο

1185 5436 1422 5507 miserabilem
1443 5430 1599 5526 Reipub.
1627 5442 1797 5514 mortem,
1829 5451 1851 5497 o
1872 5426 1996 5497 acerba
2016 5421 2168 5494 Germa-
