4664 6022
139 299 218 383 655
803 283 964 363 DECL
1003 281 1077 362 DE
1113 282 1503 366 ARISTOTELE.
1559 326 1567 339 ·
1992 222 1995 227 Ι
2093 290 2159 366 666

143 473 251 548 terias
284 466 532 559 explicandas,
570 473 612 532 nt
639 457 748 530 catuli
774 458 1001 550 panniculos:
1044 459 1132 531 libet
1285 459 1382 548 Quid
1397 459 1537 529 dulcius
1554 458 1625 529 dici
1641 461 1774 553 potnit,
1798 485 1903 556 qnam
1923 460 2074 533 virtutes
2097 484 2161 532 esse

146 576 242 646 enim
263 571 319 643 uti
332 568 493 639 Platonis
515 561 761 634 similitudine.
815 559 908 631 Vere
932 586 1008 630 eam
1030 560 1131 633 Plato
1183 561 1464 632 mediocritates?
1497 562 1591 654 quod
1607 585 1648 630 eo
1666 563 1840 649 inculcat,
1872 578 1913 634 ut
1933 577 2077 635 moneat
2098 563 2161 631 fre

146 674 315 747 laudibus
336 670 455 755 effert,
479 664 663 759 inquiens,
690 662 887 755 igniculum
911 687 1003 747 esse,
1028 687 1132 757 quem
1183 664 1321 735 nandos
1347 676 1383 732 et
1407 663 1644 733 moderandos
1669 688 1743 734 esse
1769 667 1933 735 ardentes
1967 664 2161 734 animorum

148 769 381 848 Prometheus
399 768 529 838 eroelo
546 765 719 844 attulerit,
745 779 785 834 ut
806 765 844 833 in
865 766 1045 835 mentibus
1066 761 1133 833 bo·
1184 767 1346 858 impetus.
1398 763 1516 851 Quam
1533 765 1691 834 eruditae
1711 766 1956 836 distinctiones
1970 764 2163 838 suntiusti·

149 880 289 949 minum
315 875 435 943 lumen
459 870 665 938 accenderet
687 868 732 936 ad
765 879 857 935 recte
892 867 1134 963 iudicandum.
1185 867 1280 952 ciae,
1298 871 1345 934 ‘et
1364 866 1614 958 aequalitatum
1638 864 1880 937 Geometricae
1903 881 1939 938 et
1958 861 2163 939 Arithmeti·

147 979 219 1052 Sed
235 975 319 1046 artis
335 984 518 1064 praecepta
539 992 713 1062 nusquam
735 967 854 1042 tradit.
912 966 1041 1038 Carere
1068 967 1134 1055 igi·
1186 992 1264 1048 cae,
1297 967 1391 1049 doli,
1431 967 1576 1056 culpae,
1617 969 1747 1036 summi
1780 970 1869 1040 iuris
1905 983 1941 1040 et
1973 963 2164 1049 ἐπιεικείας.

149 1095 209 1152 tur
217 1073 418 1147 Aristotelis
436 1069 678 1155 monumentis
691 1094 764 1138 non
779 1091 979 1161 possumus.
1017 1068 1134 1139 Stoica
1187 1071 1350 1162 Cumque
1370 1094 1436 1138 nos
1455 1071 1499 1137 de
1514 1068 1590 1137 Deo
1613 1070 1826 1141 admoneant
1850 1071 2026 1142 virtutum
2048 1070 2162 1140 debui·

150 1205 224 1250 non
247 1189 384 1257 extant,
422 1189 456 1244 et
479 1175 624 1263 adparet
649 1171 831 1241 intricatos
852 1165 1075 1266 labyrinthos
1102 1184 1136 1240 et
1187 1174 1320 1256 tiones,
1358 1194 1463 1263 quam
1487 1183 1623 1259 gratum
1648 1183 1698 1239 est
1724 1171 1892 1262 intelligi,
1933 1170 2163 1265 iustitiamjn

146 1279 366 1370 corruptelas
381 1277 467 1347 artis
481 1274 604 1357 luisse,
632 1297 707 1341 non
729 1271 922 1363 simplicem
940 1271 1137 1342 disserendi
1183 1271 1263 1342 ‘Deo
1278 1273 1524 1364 aequalitatem
1541 1294 1627 1340 esse:
1645 1271 1803 1365 *ideoque
1819 1297 1899 1342 vere
1918 1297 2015 1356 eram,
2034 1286 2076 1343 ut
2084 1270 2163 1343 Pan·

150 1384 262 1463 viam,
287 1378 412 1449 utilem
433 1373 657 1464 explicationi
675 1395 880 1461 magnarum
899 1399 1028 1443 rerum.
1066 1370 1137 1440 Va·
1187 1375 1243 1443 lus
1261 1372 1398 1464 inquit,
1430 1372 1521 1441 velle
1537 1395 1660 1441 omnes
1678 1368 1840 1443 homines
1854 1376 1971 1444 salvos
1985 1373 2084 1459 fieri,
2114 1398 2163 1465 ps·

150 1485 212 1553 uio
229 1482 273 1549 ad
282 1475 444 1573 Physica.
469 1475 565 1545 Haec
581 1475 644 1544 etsi
661 1470 805 1544 inchoat
822 1474 860 1541 in
869 1473 1015 1544 Timaeo
1025 1474 1138 1556 Plato,
1188 1477 1275 1544 riter
1289 1474 1403 1543 odisse
1420 1475 1570 1557 scelera,
1602 1473 1733 1564 pariter
1754 1476 1909 1567 recipere
1934 1475 2164 1565 confugientes

150 1599 269 1656 tamen
290 1580 339 1648 ita
364 1577 517 1647 involvit
540 1577 698 1645 numeris
720 1589 754 1645 et
783 1577 1058 1666 aenigmatibus,
1098 1586 1138 1643 ut
1189 1577 1233 1645 ad
1259 1574 1488 1645 constitutum
1510 1575 1767 1645 Mediatorem?
1826 1576 1944 1666 Quam
1964 1575 2077 1648 utiles
2097 1588 2165 1646 sunt

152 1680 338 1754 vaticinari
357 1680 493 1770 potius,
520 1702 625 1771 quam
642 1679 766 1746 ducere
782 1677 956 1752 videatur.
997 1675 1138 1747 Aristo·

152 1787 238 1858 teles
256 1782 441 1852 artificiose
462 1778 605 1848 deducit
626 1802 692 1848 nos
714 1780 758 1847 ad
779 1778 1018 1869 aspiciendam
1035 1791 1140 1846 natu-

152 1911 229 1957 ram
252 1896 348 1952 certo
371 1881 512 1961 ordine,
546 1879 661 1970 prima
683 1901 825 1949 sumens
843 1881 984 1949 exordia
1002 1904 1042 1948 ex
1058 1901 1140 1968 geo—

153 1985 310 2056 metricis
324 1983 704 2064 demonstrationibus,
725 2000 813 2072 quae
826 1982 1019 2051 ostendunt
1035 2002 1141 2048 mun-

156 2090 243 2157 dum
265 2084 405 2153 linitum
431 2105 514 2151 esse.
572 2080 649 2151 Hac
669 2077 857 2176 hypothesi
879 2083 1069 2152 constituta
1085 2094 1142 2148 to-

155 2204 362 2259 tamrerum
382 2182 512 2252 molem
528 2183 689 2273 partitur.
741 2181 904 2252 Tandem
929 2179 1085 2252 hominis
1108 2193 1143 2248 et

157 2288 365 2360 animalium
383 2284 635 2377 descriptiones
652 2285 766 2354 addit:
794 2299 828 2355 et
844 2299 884 2355 ut
898 2279 1038 2353 homini
1059 2307 1143 2374 pro-

96 2458 100 2464 .
156 2391 253 2483 prias
270 2387 424 2459 actiones
441 2387 627 2466 attribuat,
654 2385 774 2455 adiicit
783 2383 932 2472 Etbica,
956 2386 1143 2477 inquibus

157 2492 332 2561 virtutum
365 2511 486 2557 causas
519 2500 552 2559 et
584 2488 744 2556 ordinem
775 2487 812 2555 in
843 2503 969 2557 natura
995 2484 1143 2579 quaerit.

157 2591 231 2664 Nec
252 2614 314 2679 ego
338 2611 426 2678 nego
450 2588 602 2678 plurima
628 2591 721 2679 apud
739 2584 922 2658 Platonem
939 2583 1065 2658 Etbica
1087 2612 1145 2655 re-

159 2692 269 2785 periri
285 2690 540 2781 sapientissime
556 2689 715 2777 cogitata.
774 2688 844 2759 Sed
863 2714 1040 2759 sermones
1063 2701 1146 2758 sunt

159 2793 317 2882 ambigui
331 2791 435 2859 multi
453 2791 602 2858 diversis
616 2790 702 2857 locis
716 2791 847 2879 sparsi,
873 2793 1018 2883 quidam
1042 2790 1144 2859 etiarn

161 2896 201 2964 in
216 2893 367 2983 speciem
381 2890 538 2961 absurdi.
578 2889 731 2958 Minime
745 2915 829 2960 vero
844 2892 1042 2982 exemplum
1059 2892 1147 2960 utile

161 3008 214 3065 est
229 2995 268 3060 iu
276 2989 444 3069 Ecclesia,
469 2991 690 3059 adsuefacere
704 2993 845 3080 ingenia
858 2996 901 3060 ad
919 2989 1010 3062 hanc
1025 2993 1147 3081 dispu-

163 3095 265 3166 tandi
281 3092 478 3175 licentiam,
504 3104 543 3159 ut
556 3093 706 3160 absurda
723 3094 968 3177 defendantur,
995 3107 1034 3164 ut
1050 3094 1148 3161 labe-

164 3195 340 3266 factentur
355 3207 465 3276 certa,
489 3206 530 3260 ut
546 3192 718 3282 ambiguis
736 3194 966 3284 opinionibus
986 3208 1149 3263 serantur

162 3293 367 3367 cenamiua.
419 3291 646 3363 Academiam
671 3294 779 3382 igitur
803 3289 1014 3389 Pyrrhoniis
1030 3295 1148 3370 ,relin-

162 3419 332 3491 quamus,
366 3419 405 3463 ac
427 3394 678 3483 simpliciorem
693 3393 957 3487 Philosophiam
981 3419 1150 3479 amemus,

164 3523 254 3592 quae
271 3520 345 3564 non
360 3495 452 3563 ludit
469 3494 611 3585 proprie
637 3520 678 3564 ac
693 3498 822 3568 diserte
839 3499 1027 3590 quodvult
1044 3521 1151 3586 expo-

165 3600 238 3682 nit,
263 3622 302 3666 ac
318 3591 482 3686 scapham
497 3597 583 3663 dicit
597 3592 771 3685 scapham.
828 3596 906 3668 Etsi
928 3614 1047 3669 autem
1070 3598 1150 3693 qui-

165 3704 250 3772 dam
266 3695 549 3788 perspicuitatem
575 3696 613 3763 in
632 3695 822 3770 Aristotele
843 3701 1062 3784 desiderant,
1095 3713 1150 3769 ta-

170 3822 251 3868 men
268 3797 351 3889 quia
368 3797 492 3882 ordine
508 3795 685 3885 disputat,
716 3811 751 3868 et
772 3799 967 3894 plerunque
990 3824 1151 3893 pronun-

168 3901 238 3970 ciat
253 3899 340 3991 quid
354 3897 498 3979 sentiat,
524 3910 559 3966 et
573 3920 733 3993 sermone
754 3900 868 3970 utitur
889 3927 980 3993 puro
1006 3927 1044 3971 ac
1069 3926 1152 3992 pro-

168 4001 259 4092 prio,
282 4022 439 4068 summae
456 4021 576 4066 rerum
592 3998 636 4068 ab
650 3998 694 4067 iis
707 4002 769 4093 qui
784 4026 857 4070 non
873 4018 956 4072 sunt
967 4004 1150 4072 literarum

168 4102 294 4178 rudes,
334 4111 427 4168 certe
450 4098 600 4186 intelligi
624 4116 781 4191 possunt.
847 4102 938 4173 Nam
961 4107 1056 4198 quod
1079 4104 1153 4193 ipse

166 4201 325 4292 scripsit,
352 4199 462 4267 editas
479 4212 514 4267 et
528 4223 601 4271 non
615 4202 725 4270 editas
741 4226 814 4274 esse
835 4227 916 4278 suas
938 4207 1152 4299 disputatio-

169 4326 249 4383 nes,
275 4301 312 4368 id
331 4324 406 4369 non
421 4323 462 4368 eo
480 4299 589 4380 dixit,
616 4305 712 4394 quod
729 4305 852 4374 volens
865 4308 1055 4378 sententias
1073 4328 1153 4375 suas

169 4403 380 4474 involverit:
414 4401 474 4483 sed
499 4403 593 4493 quod
611 4404 701 4473 vidit
716 4407 846 4476 multos
863 4408 998 4478 irruere
1014 4408 1052 4476 iu
1066 4402 1154 4476 Phi-

169 4500 367 4594 losophiam
392 4502 502 4571 illotis
526 4504 707 4589 manibus,
745 4521 786 4576 ut
808 4509 956 4595 dicitur,
997 4505 1065 4578 hoc
1092 4520 1154 4591 est,

171 4608 262 4675 male
292 4616 534 4697 praeparatos,
574 4606 634 4697 qui
664 4608 740 4675 sine
764 4608 894 4678 iudicio
916 4605 1001 4679 baec
1029 4608 1154 4678 lecturi

168 4706 281 4781 erasit.
326 4704 452 4776 Graeci
468 4705 608 4788 dicunt,
627 4704 853 4778 Aristotelem
867 4712 1077 4780 scribentem
1095 4734 1154 4778 so-

172 4808 275 4876 litum
297 4821 414 4875 mente
438 4807 613 4874 calamum
637 4807 789 4896 tingere,
825 4805 895 4882 τὸν
915 4805 1085 4904 κάλαμον
1106 4812 1155 4890 εὶς

171 4911 267 4978 νοῦν
280 4903 501 5001 ἀποβρέχειν
508 4956 520 4989 ,
545 4905 582 4974 id
600 4920 651 4976 est
660 4958 671 4991 ,
700 4909 877 4997 sapienter
891 4913 1056 5004 cogitatas
1072 4937 1155 4981 sen-

172 5008 319 5085 tentias,
346 5022 380 5077 et
395 5007 563 5095 sagaciter
577 5031 618 5075 ex
635 5008 720 5097 ipsis
736 5023 883 5080 naturae
899 5015 1058 5085 sontibus
1075 5038 1156 5083 eru-

171 5121 224 5179 tas
240 5109 415 5198 prolerre,
447 5120 488 5176 ut
509 5121 593 5177 suut
615 5111 880 5181 venustissimae
900 5115 1156 5206 disputationes

170 5211 265 5298 apud
283 5231 364 5277 eum
381 5211 424 5277 de
439 5231 622 5278 causarum
638 5211 783 5294 ordine,
809 5237 889 5283 cum
907 5218 1033 5307 prohat
1049 5241 1157 5307 opor-

171 5309 301 5407 toreio
315 5332 386 5378 una
402 5308 534 5400 prima,
558 5309 660 5379 cuius
675 5311 766 5381 vires
781 5313 852 5384 sint
869 5315 1082 5402 immensae,
1100 5340 1157 5386 re-

169 5411 259 5483 sisti.

1190 1677 1321 1746 virium
1335 1676 1475 1746 animae
1488 1674 1766 1759 distributiones,
1793 1703 1897 1771 quam
1914 1677 2081 1749 eruditae
2094 1689 2165 1749 ten·

1191 1790 1475 1870 peramentorum
1495 1800 1536 1846 ac
1559 1772 1747 1847 humorum
1771 1780 2055 1870 descriptiones?
2105 1776 2165 1849 llos

1191 1881 1287 1948 locos
1307 1878 1338 1946 si
1353 1879 1431 1971 quis
1447 1878 1593 1971 propius
1607 1878 1751 1969 aspiciet
1767 1881 1806 1950 iu
1820 1878 2039 1965 Aristotele,
2074 1904 2166 1971 agno-

1192 1994 1263 2050 scet
1278 2004 1352 2049 non
1369 1980 1445 2047 sine
1463 2003 1566 2049 causa
1589 1981 1723 2049 dictum
1746 2006 1835 2068 esse,
1868 1984 2051 2053 calamum
2071 1984 2115 2053 ab
2135 2004 2166 2051 eo

1192 2095 1309 2151 mente
1325 2081 1475 2150 tinctum
1491 2105 1579 2150 esse:
1612 2083 1673 2150 sed
1689 2082 1802 2154 lector
1819 2085 1927 2155 etiam
1943 2099 2104 2157 mentem
2118 2084 2166 2155 ad·

1192 2185 1299 2267 ferat,
1322 2195 1358 2252 et
1373 2182 1510 2274 aliquid
1527 2183 1723 2255 literarum.

1295 2315 1365 2387 Sed
1389 2316 1481 2387 dicet
1501 2316 1647 2410 aliquis:
1690 2315 1788 2406 Quid
1805 2313 1970 2412 Physicis
1994 2332 2032 2391 et
2050 2316 2166 2391 Ethicit

1195 2441 1284 2510 opus
1306 2432 1359 2488 est
1383 2415 1586 2488 Ecclesiae?
1636 2416 1733 2487 Haec
1752 2421 1988 2510 iuterrogatio
2016 2446 2099 2493 vere
2117 2436 2166 2500 est,

1195 2536 1235 2591 ut
1258 2519 1346 2589 olim
1368 2520 1569 2605 dicebatur,
1599 2518 1758 2591 σκυθῶν
1778 2522 1892 2614 ῥῆσις.
1944 2521 2046 2594 Cum
2068 2520 2169 2595 Eccle-

1197 2622 1285 2691 siam
1302 2618 1370 2690 Dei
1385 2623 1553 2692 decentet
1568 2622 1701 2711 optime
1718 2636 1890 2692 moratam
1915 2648 2018 2712 esse,
2053 2639 2089 2698 et
2107 2626 2169 2718 pul·

1196 2718 1370 2795 cherrima
1386 2722 1597 2791 instructum
1615 2722 1726 2790 literis
1748 2747 1787 2793 ac
1811 2724 1969 2812 artibus,
2002 2752 2096 2821 quas
2114 2728 2169 2820 ipse

1198 2848 1278 2891 vere
1293 2823 1460 2912 intelligit
1475 2847 1548 2892 esse
1561 2819 1628 2892 Dei
1643 2826 1755 2905 dona,
1783 2840 1926 2917 propter
1944 2829 2106 2920 ingentis
2117 2827 2170 2899 nti·

1199 2925 1316 2994 litotes
1341 2925 1510 2994 attributa
1533 2925 1654 3013 generi
1677 2918 1854 3008 humano,
1894 2931 2018 3022 qualis
2044 2930 2170 3003 stulttia

1198 3040 1249 3096 est
1264 3048 1431 3119 quaerere
1458 3027 1543 3117 quid
1567 3027 1672 3095 nobis
1690 3051 1779 3117 opus
1802 3030 1848 3098 sit
1870 3033 2044 3104 doctrina
2071 3037 2165 3105 dere·

1199 3153 1277 3198 rum
1296 3140 1440 3209 natura,
1467 3130 1511 3195 de
1533 3127 1711 3208 numeris,
1744 3131 1788 3197 de
1810 3135 2013 3218 mensuris,
2050 3138 2169 3207 deest·

1199 3229 1347 3298 lestibus
1364 3229 1535 3313 motibus,
1561 3231 1605 3296 de
1621 3229 1806 3318 regionum
1823 3232 2029 3306 intervallis
2053 3262 2094 3309 ac
2113 3258 2173 3329 spt-

1201 3332 1264 3400 cils
1288 3331 1327 3397 in
1355 3324 1419 3397 bac
1445 3344 1564 3400 nostra
1586 3354 1683 3416 area,
1726 3332 1889 3403 videlicet
1917 3335 1960 3405 in
1987 3350 2069 3409 tota
2092 3355 2177 3419 tem,

1201 3455 1305 3523 quam
1330 3427 1427 3499 Deus
1448 3425 1605 3500 humano
1629 3433 1748 3519 generi
1770 3435 1955 3505 colendam
1986 3440 2111 3526 dedit,
2145 3442 2177 3508 de

1201 3527 1359 3600 bominis
1375 3533 1534 3622 partibus
1552 3547 1586 3603 et
1602 3557 1723 3602 earum
1740 3535 2013 3622 functionibus,
2037 3543 2085 3612 de
2100 3564 2178 3613 mor·

1202 3635 1329 3702 horum
1346 3635 1458 3704 causis
1476 3648 1509 3703 et
1532 3635 1717 3716 remediis,
1749 3637 1793 3704 de
1814 3638 2026 3728 plantarum
2050 3646 2180 3722 viribnt.

1203 3737 1246 3802 de
1263 3734 1379 3823 legum
1395 3749 1428 3804 et
1448 3736 1607 3803 civilium
1628 3736 1826 3806 officiorum
1849 3740 2042 3830 fontibus,
2073 3747 2117 3816 de
2138 3740 2182 3814 hi·
2213 3774 2216 3823 t

1203 3836 1310 3904 storia
1338 3836 1498 3904 omnium
1525 3838 1749 3928 temporum?
1800 3838 1983 3913 Utilitates
2009 3860 2184 3919 versertur
2213 3826 2216 3851 Ι

1203 3940 1251 4006 ob
1268 3937 1401 4008 oeulos.
1449 3932 1552 4006 Esset
1568 3938 1662 4005 enim
1677 3940 1839 4010 confusio
1854 3942 1999 4016 infinita
2021 3944 2184 4021 humanae

1205 4038 1315 4120 vitae,
1341 4038 1370 4104 si
1388 4050 1503 4106 certae
1517 4039 1604 4106 anni
1627 4053 1740 4109 metae
1766 4043 2016 4134 nescirentur,
2051 4065 2086 4122 et
2109 4066 2186 4123 tem·

1204 4162 1330 4229 pomm
1346 4137 1454 4208 series
1469 4139 1589 4227 ignota
1605 4155 1704 4214 esset.
1734 4141 1915 4233 Singulari
1932 4151 2093 4225 consilio
2106 4152 2188 4227 Dent

1204 4239 1358 4310 statima
1379 4241 1502 4310 mundi
1523 4243 1666 4311 exordio
1690 4267 1765 4311 eam
1788 4250 1956 4318 annotari
1980 4254 2120 4341 voluit,
2156 4268 2189 4328 nt
2214 4250 2216 4285 ¹

1204 4354 1299 4410 retro
1317 4341 1429 4431 legere
1449 4342 1551 4412 initia
1569 4344 1761 4433 possimus,
1787 4361 1821 4419 et
1836 4349 2049 4429 testimonia
2064 4382 2106 4429 sc
2119 4382 2190 4453 pm·

1205 4442 1425 4533 pagationem
1442 4443 1656 4533 religionum
1671 4460 1706 4516 et
1722 4447 1852 4518 artium
1870 4452 2119 4536 considerare.
2214 4496 2216 4527 t

1307 4574 1440 4645 Terrae
1458 4579 1738 4667 magnitudinem
1761 4596 1794 4652 et
1816 4585 2009 4675 regionum
2032 4595 2124 4667 sitns
2140 4618 2192 4667 ne·
2214 4578 2216 4583 Ι

1206 4677 1314 4761 scire,
1341 4692 1392 4749 est
1407 4702 1504 4747 suam
1524 4681 1670 4751 domum
1687 4682 1860 4771 ignorare.
1900 4684 1998 4761 Nam
2014 4694 2049 4765 si
2065 4695 2193 4769 infinie
2212 4752 2215 4757 -

1206 4779 1317 4849 moles
1335 4777 1566 4868 cogitaretur,
1592 4783 1622 4849 si
1639 4784 1789 4853 nescires
1803 4789 1865 4855 ubi
1882 4786 2111 4887 Prophetae,
2139 4796 2193 4873 ull

1206 4875 1369 5050 Cbrilqtus
1379 4881 1611 5030 poncionatus
1623 4884 1680 4972 sit,
1702 4900 1853 4979 quantae
1864 4906 1984 4967 essent
1997 4900 2194 4975 animem

1207 4995 1287 5052 tene
1314 5005 1391 5051 rae.

1282 5156 1285 5161 ·
1308 5113 1439 5186 Nostra
1454 5116 1634 5191 invocatio
1650 5146 1743 5208 non,
1774 5135 1817 5194 ut
1840 5128 2029 5219 gentium,
2059 5150 2216 5237 vagatur,

1208 5217 1331 5304 ignara
1347 5241 1451 5311 quem
1461 5215 1577 5290 Deum
1594 5222 1806 5316 alloquatur.
1846 5225 2030 5305 lmmensa
2045 5238 2193 5311 bonitate

1210 5320 1373 5409 patefecit
1395 5342 1431 5388 se
1448 5316 1545 5391 Deus
1566 5324 1670 5393 certis
1693 5329 1913 5418 temporibus
1933 5350 1969 5407 et
1984 5339 2094 5411 certis
2107 5338 2191 5422 loeis.

1209 5434 1246 5491 et
1278 5421 1464 5513 proposuit
1478 5526 1483 5533 ι
1497 5423 1694 5494 doctrinam
1726 5449 1828 5501 suam
1862 5432 1970 5508 editis
2001 5439 2189 5515 illustribus

2200 5518 2216 5986 l
