4664 6022
37 210 46 229 ’
136 290 212 365 sss
283 332 294 349 .
658 248 822 364 naci.
858 250 937 359 nn
975 254 1315 374 nnannaro
1347 260 1648 361 rannone,
2101 289 2181 366 ιιι

141 490 199 550 ra,
232 466 276 534 ut'
299 486 381 533 cnm
410 452 461 532 ait
489 454 670 531 Christus:
713 456 788 547 Qui
817 460 996 528 confessus
1025 456 1136 530 fuerit
1186 448 1440 553 Evangelium‚
1480 472 1513 530 et
1544 461 1677 531 abolita
1706 466 1759 533 est
1775 457 2053 561 ‘eldmlopusflm
2134 462 2181 537 Et

141 591 199 636 me
214 588 332 636 coram
347 560 571 659 hominibus,
597 561 792 632 confitebor
807 580 888 631 eum
905 574 1135 657 corampatre
1186 564 1318 634 nostris
1341 560 1510 633 Ecclesiis
1538 585 1613 631 non
1643 565 1772 635 desunt
1797 565 2001 639 testimonia
2024 564 2182 657 Spiritus

144 668 296 739 coelesti.
356 664 520 736 Breviter
541 662 696 735 indicavi
721 663 817 733 bona
833 686 940 756 opera
958 660 1137 733 emendati
1187 666 1315 750 sancti3
1349 665 1512 735 videmus
1539 665 1652 753 enim,
1686 678 1819 761 quanta
1852 666 2061 739 constantia¹
2077 668 2181 739 multi

144 769 306 845 latronis.
357 767 461 839 Nunc
482 790 630 861 quaeso,
659 779 701 837 ut
720 767 922 853 universam
943 762 1136 835 Ecclesiam
1188 766 1240 860 pii
1255 766 1427 860 supplicia
1440 767 1630 857 perferant.
1677 767 1912 839 Meminimus
1924 765 2095 840 honestas
2109 794 2181 840 ma-

145 873 221 943 eius
243 871 412 963 temporis
434 868 677 939 consideretis:
712 864 828 936 Filius
857 866 924 939 Dei
947 870 1077 958 pendet
1098 867 1137 935 in
1188 883 1309 938 tronas
1325 868 1472 939 luctatas
1488 892 1567 939 cum
1586 870 1782 941 terroribus
1804 873 1947 958 mortis,
1971 872 2091 961 egisse
2104 870 2178 943 Deo

146 998 266 1059 cruce,
298 996 373 1041 non
396 972 466 1039 iam
488 971 677 1041 ostendens
690 970 883 1061 potentiam
905 992 1005 1038 suam
1024 970 1139 1039 admi-
1190 971 1335 1060 gratias,
1377 973 1474 1065 qnod
1505 964 1719 1060 'agnoverint
1749 969 1885 1044 Christi
1917 974 2110 1059 beneficia,
2147 989 2176 1046 et

145 1076 267 1147 randis
279 1074 379 1143 factis
403 1086 445 1143 ut
461 1084 581 1158 antea,
607 1094 717 1165 quare
737 1072 917 1140 deridetur
932 1094 972 1140 ac
987 1071 1139 1162 despici·
1189 1095 1315 1161 magna
1339 1073 1596 1166 tranquillitate
1619 1074 1748 1160 animi,
1779 1077 1865 1144 dum
1884 1077 2037 1146 recitant
2061 1076 2175 1147 laudes

147 1191 207 1248 tur
241 1177 286 1245 ab
317 1174 445 1267 impiis.
514 1171 681 1267 Apostoli
706 1196 768 1243 seu
794 1172 1035 1258 dubitatione,
1079 1194 1140 1242 seu
1190 1197 1232 1243 ac
1253 1170 1407 1268 hymnos
1430 1174 1527 1260 Deo,
1553 1175 1718 1267 spiritum
1741 1171 1939 1258 exhalasse,
1961 1189 2002 1248 nt
2020 1176 2173 1271 satisap-

147 1291 244 1349 metu
274 1276 403 1368 dilapsi
435 1289 545 1345 erant.
602 1272 742 1345 Multos
772 1275 949 1345 auditores
972 1275 1084 1343 movit
1107 1287 1141 1344 et
1191 1291 1330 1368 pareret
1347 1278 1386 1344 in
1402 1273 1452 1345 cis
1475 1276 1660 1346 coelestem
1684 1278 1859 1346 laeticiam
1874 1274 2082 1349 inchoatam
2099 1302 2173 1365 esse,

146 1380 238 1451 illud
255 1380 351 1473 quod
373 1377 520 1448 dicitur:
552 1372 681 1447 Exitus
697 1391 773 1447 acta
790 1377 936 1468 probat,
966 1377 1030 1471 qui
1045 1375 1140 1466 cogi·
1192 1391 1382 1473 antequam
1406 1402 1425 1447 c
1447 1400 1594 1469 corpore
1615 1379 1846 1450 discederent.
1897 1376 2012 1452 Addit
2034 1382 2133 1451 Dens
2146 1396 2173 1453 et

148 1484 272 1552 tabant
299 1476 396 1549 hunc
417 1484 649 1572 lnequaquam
676 1476 845 1548 Messiam
873 1500 963 1563 esse,
995 1479 1140 1547 cumin
1192 1480 1261 1549 alia
1284 1480 1503 1561 testimonia,
1535 1483 1631 1574 quod
1657 1482 1869 1552 mirabiliter
1890 1495 2006 1552 servat
2028 1477 2095 1552 has
2115 1481 2173 1554 Ec-

149 1597 247 1654 tanta
271 1582 472 1653 calamitate
495 1581 674 1651 videretur
696 1604 715 1649 a
739 1579 816 1650 Deo
839 1581 996 1651 desertus
1022 1592 1055 1649 et
1077 1582 1140 1649 ab·
1192 1581 1328 1650 clesias:
1361 1596 1595 1675 aspernantur
1616 1606 1737 1653 veram
1755 1583 1954 1653 doctrinam
1979 1579 2102 1653 hostes
2118 1608 2174 1655 no-
2216 1626 2220 1649 .

150 1686 361 1755 iectnsesse.
410 1682 494 1754 Sola
512 1683 648 1777 reliqua
665 1696 716 1752 est
730 1680 848 1752 Maria
863 1682 1056 1767 mater,'in
1072 1704 1141 1774 qua
1192 1683 1276 1768 stri,
1302 1696 1335 1751 et
1350 1684 1468 1752 deesse
1484 1684 1686 1754 testimonia
1702 1685 1957 1755 miraculorum
1983 1708 2047 1755 seu
2064 1687 2175 1777 prodi·
2218 1670 2220 1731 7

149 1788 244 1859 lucet
258 1786 359 1857 fides:
385 1781 484 1854 Haec
499 1796 655 1877 expectat
664 1784 769 1855 aliam
784 1779 1044 1875 catastrophen:
1068 1780 1142 1853 Nec
1193 1784 1332 1874 giorum
1356 1785 1555 1870 clamitant,
1583 1810 1664 1855 cum
1687 1786 1755 1876 ipsi
1778 1810 1843 1855 nec
1864 1782 1959 1857 re‘cte
1976 1788 2094 1873 facta,
2121 1812 2177 1858 nec

151 1888 248 1958 enim
270 1887 458 1980 spectatrix
480 1908 552 1955 esse
574 1899 711 1980 poterat
734 1880 843 1955 huius
865 1884 1049 1977 supplicii,
1073 1884 1143 1953 nisi
1192 1885 1355 1955 miranda
1377 1882 1542 1957 habeant.
1601 1885 1649 1958 Ut
1662 1882 1827 1958 Christus
1851 1910 1948 1958 nunc
1963 1891 2125 1981 pendens
2144 1890 2178 1959 in

152 1990 221 2060 fide
240 1989 378 2058 animus
399 2001 532 2059 erectus
553 1987 687 2063 fuisset.
737 1986 808 2058 Sed
833 1984 1095 2081 quiaApostoli
1109 1999 1144 2057 et
1194 2011 1313 2072 cruce,
1346 2010 1422 2058 non
1450 1989 1656 2059 ostendebat
1685 1990 1879 2079 potentiam
1908 2011 2022 2064 suam.
2087 1986 2178 2060 Nihil
2218 2002 2220 2029 ³

154 2090 281 2163 caeteri
296 2086 461 2160 homines
477 2102 610 2172 tacent,
636 2090 708 2159 iam
721 2101 793 2160 tota
809 2112 928 2158 rernm
944 2102 1070 2159 natura
1086 2088 1144 2157 in·
1193 2088 1354 2159 inusitati
1377 2090 1661 2181 conspiciebatur
1683 2090 1723 2158 in
1745 2090 1903 2176 latrone,
1930 2108 2074 2183 praeter
2090 2092 2177 2163 illam

153 2194 241 2285 cipit
263 2192 485 2278 concionari,
518 2204 552 2262 et
567 2191 769 2263 testimonio
794 2215 857 2261 suo
873 2191 987 2261 filium
1002 2188 1069 2260 Dei
1084 2215 1145 2260 or·
1195 2191 1379 2282 pietatem,
1401 2215 1506 2285 qnam
1525 2192 1688 2261 ridebant
1711 2189 1830 2264 ἄθεοι.
1882 2191 1935 2262 lta
1952 2188 2177 2264 nunchcle·

153 2319 256 2380 nare,
282 2305 316 2364 et
337 2284 497 2365 intanta
510 2288 686 2363 Ecclesiae
711 2293 969 2384 trepidatione,
993 2316 1039 2360 ne
1056 2293 1146 2362 desit
1195 2291 1246 2361 sia
1267 2292 1408 2361 infirma
1429 2304 1496 2362 est:
1528 2306 1563 2363 et
1587 2304 1706 2363 tamen
1728 2295 1818 2363 mira
1834 2317 1890 2364 res
1906 2307 2001 2380 erat,
2027 2294 2091 2365 illa
2112 2296 2177 2389 ipsa

153 2397 403 2482 concionator,
435 2397 563 2465 excitat
595 2390 692 2465 Deus
724 2395 901 2466 latronem
930 2396 978 2462 de'
999 2393 1144 2463 sublimi
1194 2393 1344 2462 latronis
1368 2394 1579 2464 emendatio.
1634 2393 1738 2464 Talia
1767 2396 1939 2466 miracula
1962 2419 2041 2467 non
2064 2399 2175 2467 desunt

154 2498 424 2568 concionantem
435 2496 501 2566 toti
516 2496 594 2565 orbi
610 2509 795 2565 terrarum.
847 2492 916 2564 Hic
934 2495 1024 2564 latro
1040 2508 1143 2565 testa·
1196 2489 1252 2563 his
1274 2496 1507 2586 temporibus.
1565 2495 1638 2566 Sed
1660 2497 1689 2565 si
1709 2497 1836 2568 volunt
1856 2497 1983 2567 audire
1995 2497 2178 2569 adversarii

155 2612 215 2671 tur
241 2594 338 2669 hunc
361 2596 477 2668 lesum
500 2621 573 2667 esse
603 2598 815 2688 promissum
837 2596 1081 2679 liberatorem,
1113 2611 1147 2666 et
1196 2620 1258 2667 sua
1286 2597 1468 2688 prodigia,
1506 2620 1618 2688 pauca
1648 2600 1943 2673 commemorabo.
2012 2596 2076 2670 An
2108 2622 2179 2670 eom

156 2715 315 2772 autorem
339 2723 453 2770 novae
476 2713 509 2770 et
525 2711 714 2790 perpetuae
735 2698 839 2767 vitae.
890 2695 1066 2767 Desinant
1076 2698 1146 2767 iam
1197 2711 1334 2768 coetum
1359 2711 1525 2789 putemus¹
1544 2695 1739 2768 Ecclesiam
1769 2722 1861 2783 esse,
1902 2700 1965 2794 qui
1997 2702 2180 2793 flagitiosas

155 2802 363 2889 Pontifices,
386 2798 574 2894 Episcopi,
597 2794 769 2869 Monachi
786 2798 948 2888 gloriari,
971 2822 1053 2868 suos
1068 2823 1148 2868 coe·
1196 2801 1366 2868 libidines
1391 2811 1489 2870 tanta
1509 2800 1705 2891 pertinacia
1728 2802 1904 2886 defendit,
1936 2812 1978 2872 nt
2004 2802 2182 2874 interliciat

158 2919 232 2991 tus,
267 2927 357 2997 quos
380 2916 509 2974 vocant
530 2898 746 2985 Ecclesiam,
780 2924 897 2970 errare
927 2924 1001 2968 non
1032 2924 1147 2992 posse,
1198 2925 1276 2986 eos,
1306 2899 1369 2992 qui
1396 2913 1479 2972 sunt
1503 2897 1719 2987 hortatores,
1751 2915 1792 2972 ut
1814 2904 2013 2974 anteferant
2046 2901 2181 2975 honesta

159 3030 239 3076 cum
259 3005 404 3075 videant
427 3017 557 3074 tantam
581 2997 835 3093 Apostolorum
867 3003 1148 3092 trepidationem.
1197 3002 1387 3091 coniugia?
1428 3002 1471 3071 ln
1498 3025 1568 3097 qua
1592 3024 1751 3097 unquam
1774 3004 1937 3074 barbarie
1959 3006 2179 3078 auditumst

158 3106 230 3179 Sed
252 3107 422 3201 quoniam
443 3101 591 3176 historia
620 3103 745 3173 mortis
766 3094 899 3175 Christi
912 3098 1016 3173 haud
1042 3105 1149 3175 dubie
1198 3099 1532 3174 interficibomines
1555 3119 1699 3197 propter
1720 3101 1952 3196 reprehensas
1977 3130 2088 3199 vagas
2104 3107 2176 3177 lihi-

158 3209 333 3301 significat
354 3208 541 3300 praecipue
562 3206 775 3276 calamitates
788 3201 966 3275 Ecclesiae
977 3206 1149 3297 postremi
1199 3207 1320 3296 dines,
1346 3218 1491 3297 propter
1505 3208 1647 3277 laudem
1664 3208 1847 3297 coniugii?
1895 3206 2071 3300 Prodigia
2086 3232 2180 3304 qnae·

158 3310 345 3404 temporis,
364 3312 543 3380 latronum
556 3308 770 3378 concertatio
784 3308 955 3400 quaedam
971 3321 1023 3378 est
1034 3308 1148 3396 imago
1197 3319 1347 3377 rantur:
1386 3301 1473 3378 haec
1508 3310 1711 3403 prodigiosa
1754 3309 1940 3401 turpitudo
1975 3327 2032 3383 est
2060 3324 2182 3384 cenum

159 3413 394 3485 certaminum
410 3405 519 3481 huius
534 3410 714 3503 temporis.
768 3406 1026 3480 Conviciantur
1043 3403 1167 3479 Chri·
1199 3408 1461 3496 testimonium,
1493 3424 1607 3482 totum
1627 3411 1731 3480 illum
1748 3424 1888 3481 coetum
1907 3413 2183 3485 contaminatum

160 3527 215 3586 sto
229 3514 437 3599 Pontifices,
462 3509 654 3596 Canonici,
679 3505 869 3596 Monachi,
896 3523 930 3580 et
951 3506 1080 3581 horum
1096 3532 1152 3579 sa·
1196 3506 1465 3606 aldwlopsuvs'q,
1503 3510 1687 3603 periuriis,
1722 3512 2183 3606 libidinibns,5›arrieidiis

161 3616 290 3687 tellites
309 3613 474 3709 tyranni,
500 3612 562 3707 qui
586 3613 650 3683 etsi
666 3612 790 3702 exiguo
810 3625 967 3703 tempore
983 3613 1152 3682 fruuntur
1200 3609 1393 3696 Ecclesiae,
1419 3614 1543 3700 agitari
1561 3639 1580 3682 a
1597 3611 1762 3683 Diabolo.
1812 3612 1956 3684 Possem
1977 3616 2051 3687 alia
2067 3616 2183 3689 Ponti-

160 3718 234 3788 suis
248 3716 510 3806 voluptatibus,
535 3729 652 3785 tamen
674 3737 713 3784 re
733 3714 807 3805 ipsa
822 3717 981 3804 pendent
995 3714 1034 3781 in
1050 3737 1152 3782 cruce
1199 3715 1303 3792 licum
1322 3714 1482 3805 prodigia
1504 3716 1615 3785 multa
1632 3715 1797 3795 recitare,
1823 3738 1914 3809 quae
1936 3739 2037 3788 nunc
2049 3720 2183 3791 omitto:

162 3818 264 3909 impii
280 3817 447 3903 latronis,
473 3815 574 3885 brevi
587 3838 719 3907 poenas
735 3815 904 3884 scelerum
921 3816 1050 3884 daturi.
1091 3812 1152 3882 ln·
1201 3838 1240 3883 ac
1263 3816 1369 3884 redeo
1390 3816 1435 3883 ad
1457 3816 1560 3884 illum
1585 3815 1798 3907 Apostolum
1822 3819 1866 3887 de
1882 3818 2031 3889 sublimi
2050 3822 2185 3892 concio·

162 3932 258 3991 terea
280 3942 361 3989 eum
382 3931 464 3988 ante
484 3918 593 3988 finem
617 3916 745 3987 mundi
765 3939 938 3985 renovare
955 3915 1152 3986 doctrinam
1200 3930 1344 3986 nantem
1373 3931 1408 3986 et
1441 3918 1688 4013 defendentem
1717 3918 1867 4008 gloriam
1898 3915 2049 3999 Christi.
2114 3920 2186 3995 Non

163 4034 198 4093 et
220 4019 475 4092 confessionem
499 4018 596 4091 Deus
615 4019 741 4103 vellet,
773 4016 957 4101 excitavit,
991 4017 1104 4088 doctis
1119 4032 1153 4089 et
1199 4031 1339 4111 poterat
1357 4019 1548 4088 semivivus
1570 4042 1611 4089 ac
1631 4021 1759 4109 ligatus
1773 4021 1938 4112 pietatem
1957 4044 2061 4093 suam
2079 4026 2186 4097 decla-

163 4122 300 4196 timidis
320 4122 552 4205 cessantibus,
585 4117 784 4190 Germanos
807 4117 957 4200 milites,
989 4112 1153 4189 homines
1201 4144 1280 4188 rare
1296 4120 1366 4189 iam
1381 4120 1461 4189 aliis
1473 4120 1618 4204 officiis,
1644 4118 2049 4211 gubernareEcclesias,
2078 4140 2116 4198 et
2128 4126 2187 4198 late

166 4225 242 4307 sine
258 4219 435 4319 hypocrisi
450 4222 642 4313 sapientiae
654 4234 715 4290 aut
728 4218 897 4288 iustitiae.
944 4218 1026 4290 Non
1041 4233 1155 4312 potest
1202 4244 1363 4312 spargere
1377 4222 1592 4295 doctrinam:
1625 4217 1694 4292 hoc
1713 4246 1826 4293 unum
1847 4237 2002 4312 poterat,
2027 4228 2188 4318 castigare

164 4326 262 4398 enim
283 4325 500 4396 dissimulari
522 4337 583 4395 aut
604 4322 726 4413 negari
749 4318 879 4390 multos
900 4320 1068 4391 articulos
1089 4323 1155 4391 do·
1202 4322 1486 4393 conviciatorem.
1550 4320 1607 4394 Ita
1632 4347 1717 4410 nos,
1750 4349 1831 4394 cum
1855 4319 2015 4395 habenas
2039 4325 2220 4421 Reipub.⁸

120 4419 127 4439 ⁸
165 4429 299 4500 ctrinae
320 4423 550 4516 evangelicae·
561 4423 610 4492 ita
624 4434 829 4513 repurgatos
843 4445 916 4491 esse
928 4446 993 4512 per
1007 4419 1090 4508 hos,
1113 4437 1155 4493 ut
1202 4435 1343 4493 teneant
1358 4425 1570 4506 adversarii,
1597 4448 1677 4495 cum
1692 4426 1798 4496 toties
1807 4427 1936 4495 frustra
1951 4432 2189 4517 rogaverimus

89 4523 93 4535 '
163 4530 248 4602 satis
262 4541 428 4620 appareat
443 4525 618 4595 divinitus
641 4518 733 4592 hanc
749 4521 1058 4619 lucemflEcclesiae
1072 4526 1154 4594 red·
1202 4522 1335 4614 Reges,
1367 4538 1408 4594 ut
1430 4527 1474 4595 de
1491 4528 1680 4596 concordia
1693 4528 1909 4612 deliberent,
1931 4552 2016 4599 curn
2028 4552 2189 4603 revocare

165 4632 277 4701 ditam
299 4652 382 4699 esse.
440 4624 540 4696 Idem
572 4624 680 4714 igitur
704 4624 744 4693 in
765 4624 1153 4698 doctrin'a‘bostrarum
1193 4649 1262 4695 -eos
1284 4626 1330 4695 ab
1354 4648 1473 4696 errore
1494 4652 1569 4698 non
1590 4629 1784 4719 possimus,
1813 4625 1911 4699 hunc
1922 4642 2043 4701 tamen
2060 4634 2190 4707 cultum

163 4728 404 4801 Ecclesiamm
435 4727 605 4813 traditur,
645 4726 690 4796 de
724 4726 1014 4798 reconciliatione
1045 4743 1079 4798 et
1109 4730 1153 4797 de
1201 4724 1278 4796 Deo
1294 4740 1532 4819 praestemus,
1557 4730 1680 4819 lingua
1693 4745 1728 4801 et
1742 4732 1833 4825 stylo
1850 4731 2073 4806 celebremus
2089 4730 2191 4809 Chet-

164 4832 252 4915 fide,
279 4831 375 4923 quod
398 4830 449 4899 ibi
472 4829 581 4900 sentit
604 4829 707 4903 latro.
754 4824 829 4899 Nec
850 4830 960 4920 pudet
975 4853 1040 4899 nos
1056 4825 1154 4899 hunc
1202 4839 1314 4910 stum,
1359 4830 1551 4901 refutemus
1588 4833 1828 4917 adversarios,
1877 4847 2036 4906 taxemus
2071 4838 2191 4933 impias

164 4933 288 5002 andire
297 4927 527 5022 Apostolum,
549 4930 650 5001 cuius
662 4928 872 5002 sententiam
887 4943 921 5000 et
932 4930 1037 4998 fidem
1046 4925 1154 5002 Chri·
1202 4953 1325 5001 comm
1347 4933 1458 5020 leges,
1488 4956 1528 5001 ac
1548 4927 1774 5026 hypocrisin,
1797 4949 1839 5006 nt
1861 4934 1913 5025 pii
1935 4937 2118 5013 admoniti
2139 4964 2192 5012 ea·

165 5045 238 5102 stus
253 5034 439 5129 perspicuo
453 5032 655 5103 testimonio
668 5032 852 5123 approbat.
890 5029 1036 5102 Utinam
1045 5025 1154 5101 Chri·
1200 5044 1323 5118 veant,
1355 5057 1402 5103 ne
1422 5056 1544 5103 eorum
1566 5036 1732 5105 societate
1751 5037 1971 5126 polluantur.
2026 5038 2104 5113 Tot
2126 5044 2191 5114 ism

165 5147 258 5205 stum
274 5134 380 5205 etiam
396 5133 512 5204 simile
528 5135 596 5204 fide
610 5135 826 5206 invocemus.
877 5126 956 5202 Etsi
978 5127 1070 5201 nihil
1085 5135 1153 5204 du-
1200 5158 1313 5205 annos
1334 5133 1455 5204 omnia
1469 5137 1650 5207 moderata
1672 5137 1819 5206 consilia
1835 5139 2028 5227 repudiant
2042 5138 2191 5215 Pontifi-

162 5236 239 5308 bito
260 5236 392 5307 multos
415 5259 508 5317 esse,
531 5235 572 5305 in
593 5236 722 5329 quibus
735 5232 862 5303 similis
882 5233 964 5302 fidei
979 5233 1152 5306 scintillae
1198 5259 1273 5320 ces,
1306 5248 1444 5305 tantum
1468 5237 1513 5307 de
1534 5238 1639 5307 caede
1661 5239 1835 5326 cogitant,
1862 5239 2001 5313 faciunt
2030 5244 2143 5338 impis
2161 5259 2192 5316 et

161 5339 298 5412 ardent.
349 5336 432 5409 Nun
451 5338 546 5407 enim
568 5337 807 5410 dubitandum
828 5346 898 5420 est,
928 5335 968 5404 in
985 5360 1027 5406 eo
1050 5352 1151 5409 coetu
1199 5336 1365 5426 sacrilega
1382 5337 1534 5408 foedera.
1575 5337 1692 5425 Quam
1703 5341 1748 5409 ad
1763 5340 1864 5411 rem?
1888 5343 1933 5410 ad
1948 5344 2191 5419 defensionem

161 5462 235 5512 esse
247 5440 406 5511 membra
422 5434 728 5525 veraeEcclesiac,
752 5436 793 5508 in
807 5460 878 5532 quo
891 5450 985 5511 recte
995 5441 1152 5511 traditur
1198 5437 1403 5510 manifestae
1416 5440 1679 5530 idolomaniae,
1711 5441 1975 5535 periuriorum,
1998 5446 2188 5540 flagitiosa-
