4664 6022
156 288 234 366 nrt
850 283 1011 366 DECL.
1051 282 1129 362 DE
1161 280 1495 366 AMBROSIO.
2121 305 2197 388 578

154 464 196 533 in
225 462 367 555 publiea
391 485 549 534 censura.
606 459 747 534 Profuit
769 474 890 541 autem
913 459 1046 555 Reipu.
1069 454 1155 532 haec
1204 459 1291 529 urbs
1318 457 1454 548 Roma,
1492 465 1578 535 dum
1605 465 1696 542 iusta
1722 470 1814 544 bella
1841 492 1994 569 gereret,
2031 504 2071 554 ac
2096 477 2197 556 domi
2247 542 2251 547 -

152 564 342 637 Ambrosii
364 566 527 658 gravitas.
585 564 676 636 Nam
695 577 818 657 postea
836 560 1079 649 Theodosius,
1114 577 1156 636 ut
1205 562 1447 653 disciplinam,
1474 567 1586 639 bonos
1603 587 1635 641 et
1651 588 1763 645 castos
1779 602 1911 665 mores,
1936 598 1969 653 et
1983 597 2118 658 veteres
2136 612 2197 659 re-

153 669 363 738 iracundiae
395 669 497 761 quasi
529 669 670 737 frenum
704 667 886 747 iniiceret,
922 668 1034 757 legem
1072 668 1154 739 tulit
1203 663 1353 754 ligiones
1379 681 1546 741 tueretur.
1605 672 1708 743 Nunc
1735 680 1919 751 urentibus
1948 689 2128 777 moribus,
2160 706 2195 765 et

152 793 247 863 quae
270 785 361 842 extat
387 771 425 838 in
439 767 570 841 Codice
585 772 631 839 de
653 770 796 858 poenis,
821 782 863 840 ut
884 784 963 861 post
986 773 1154 840 mandata
1203 765 1375 856 religione
1389 785 1542 856 1111111111,
1567 777 1653 843 urbs
1671 802 1741 847 uno
1756 784 1921 861 contidit.

151 871 351 964 Principis,
384 895 447 964 per
464 873 609 961 triginta
632 872 709 939 dies
735 871 949 940 differantur
968 872 1153 964 supplicia.
1304 866 1400 941 Haec
1418 874 1532 942 oratio
1551 878 1784 968 popularibus
1810 897 1844 954 et
1872 888 2121 977 plausibilibus
2136 920 2195 967 ar·

151 972 253 1044 Haec
271 975 325 1044 lex
348 974 501 1044 servavit
520 974 650 1043 deinde
665 969 927 1043 Antiochenam
949 974 1153 1045 multitudi·
1202 972 1378 1060 &imcutit
1396 974 1577 1061 1111111111,
1602 993 1637 1049 el
1653 984 1882 1058 confirmabat
1898 990 2036 1081 impios,
2062 1010 2097 1066 et
2113 1021 2194 1090 per-

152 1101 258 1161 nem,
283 1101 388 1169 quam
407 1076 516 1145 simili
539 1077 646 1145 modo
667 1072 1153 1167 iusseratlmperatortrnci·
1201 1074 1369 1144 turbabat
1386 1075 1580 1149 imbecilles
1598 1079 1691 1152 inter
1706 1086 1793 1174 pios.
1837 1087 1957 1178 erare
1972 1100 2195 1173 necessetate

152 1179 250 1262 dari,
276 1191 421 1271 propter
436 1191 587 1249 statuam
603 1176 771 1248 Flarillae
797 1177 959 1269 coniugis
982 1200 1152 1248 eversam.
1202 1200 1382 1267 opponere
1404 1202 1542 1260 veram,
1578 1183 1815 1275 luculentam,
1849 1214 1992 1281 gravem
2018 1211 2052 1268 et
2074 1204 2195 1271 crudi-

152 1278 322 1350 Hierum
339 1280 475 1351 veniret
499 1280 673 1373 quispiam
698 1293 777 1371 post
800 1280 895 1349 edita
918 1282 1083 1349 mandata
1106 1282 1150 1349 ad
1201 1291 1272 1346 tam
1296 1279 1506 1369 apologiam.

149 1382 360 1476 praefectos,
387 1407 426 1452 ac
443 1382 583 1453 iuberet
597 1381 669 1450 dici
687 1378 913 1471 Imperatori,
940 1406 984 1450 nc
1007 1397 1151 1473 propter
1306 1377 1416 1453 Erant
1450 1384 1582 1453 similes
1607 1388 1830 1461 defensiones
1855 1411 1888 1466 et
1915 1414 2015 1470 antea
2044 1405 2193 1496 scriptae

149 1499 314 1553 mortuae
340 1484 499 1573 coniugis
521 1484 730 1573 imaginem,
766 1485 863 1551 vivas
888 1480 955 1551 Dei
979 1485 1149 1573 imagines
1202 1478 1401 1563 alu-ilino,
1438 1481 1681 1577 Athenagora,
1717 1490 1962 1587 Tertulliano,
1995 1502 2193 1584 Lactantio.

149 1587 316 1660 violaret,
370 1585 583 1677 Imperator,
617 1586 699 1678 quia
718 1586 786 1655 iam
808 1586 1062 1676 deflagraverat
1085 1587 1150 1668 ira,
1202 1580 1275 1650 llis·
1296 1582 1506 1655 Ambrosius
1532 1613 1630 1658 suam
1659 1594 1795 1667 adiecit.
1847 1597 1893 1671 Et
1921 1603 2004 1696 quia
2032 1609 2118 1678 utile
2142 1626 2193 1683 est

147 1692 319 1759 mandata
338 1687 552 1761 retractavit.
1200 1684 1304 1753 bonis
1321 1685 1358 1753 in
1378 1703 1566 1780 conspectu
1585 1686 1715 1764 habere
1732 1716 1950 1791 argumenta,
1976 1731 2066 1801 quae
2081 1712 2195 1802 pieta-

254 1789 435 1862 Hactenus
451 1789 616 1881 exposui,
645 1790 826 1882 quomodo
842 1783 1053 1858 Ambrosius
1068 1813 1148 1860 cum
1201 1801 1270 1858 tem
1294 1787 1482 1859 inanimis
1505 1794 1732 1881 confirmant,
1758 1802 1870 1893 capita
1888 1830 2027 1897 rerum,
2050 1814 2096 1880 de
2112 1816 2193 1908 qui·

145 1893 380 1986 Principibus
395 1892 619 1963 conflictatus
636 1892 691 1972 sit,
710 1915 805 1961 nunc
823 1893 1033 1961 recensenda
1048 1905 1148 1961 erant
1201 1890 1267 1958 bus
1284 1890 1424 1961 disserit
1439 1887 1669 1978 Ambrosius,
1697 1902 1851 1974 breviter
1868 1912 2069 1998 recensebo,
2097 1940 2193 1987 eam-

146 1997 286 2089 praelia
316 2021 395 2066 cum
424 1989 625 2076 haereticis,
661 2016 756 2086 quae
781 2006 902 2064 extant
932 1994 969 2062 in
996 1994 1147 2084 scriptis.
1199 2015 1268 2084 quc
1285 1998 1675 2084 commemorationem,
1701 2016 1732 2072 et
1756 2022 1901 2099 propter
1916 2034 1971 2080 res
1995 2013 2087 2104 ipsas
2112 2041 2192 2108 gra-

147 2096 306 2173 Obstitit
332 2098 425 2168 velut
455 2121 579 2166 murus
605 2091 742 2165 Ariano
776 2095 890 2164 latrari
914 2097 1084 2186 grassanti
1110 2097 1147 2164 in
1200 2107 1270 2162 tam
1295 2093 1369 2162 fore
1394 2097 1617 2168 auditoribus
1639 2104 1820 2191 existimo,
1846 2115 1939 2179 etad
1964 2112 2192 2190 laudesAm-

149 2197 327 2284 Orienre‚
358 2223 403 2268 ne
432 2212 633 2291 penetraret
663 2197 700 2266 iu
727 2192 980 2282 Occidentem,
1014 2199 1146 2269 semina
1199 2196 1308 2265 brosii
1326 2197 1502 2286 pertinere
1519 2201 1647 2281 iudico,
1669 2199 1752 2275 hinc
1766 2210 1860 2279 enim
1878 2212 2081 2306 intelligetis
2097 2225 2193 2292 mul-

149 2303 343 2395 impietatis
365 2325 483 2393 sparsa
508 2303 553 2370 ab
574 2299 771 2379 Auxentio,
804 2300 925 2391 quise
948 2297 1148 2371 Constantii
1199 2298 1310 2389 tiplici
1328 2300 1549 2387 eruditione,
1574 2317 1607 2372 et
1622 2307 1842 2400 antiquitatis
1864 2317 2066 2403 cognitione
2089 2347 2191 2413 prae·

146 2422 330 2497 tempora,
355 2419 394 2475 ut
417 2404 472 2488 tit,
498 2406 543 2472 ad
565 2398 781 2472 voluntatem
800 2398 978 2491 Principis
1002 2403 1148 2473 iuilexe-
1198 2400 1290 2470 clare
1318 2400 1527 2473 instructum
1554 2406 1672 2475 fuisse.
1724 2407 1771 2479 Et
1797 2417 1963 2487 studiosis
1991 2427 2191 2515 exemplum

145 2523 227 2591 rat,
260 2507 442 2600 oppressit.
505 2505 659 2582 Dimicat
690 2516 723 2573 et
750 2526 831 2572 curn
857 2500 1081 2575 Marcionitis
1107 2529 1147 2577 ac
1198 2504 1360 2596 prodest,
1385 2517 1423 2574 ut
1450 2507 1650 2580 eruditione
1668 2534 1707 2582 ac
1731 2511 1841 2586 literis
1865 2517 1902 2586 in
1922 2516 2076 2597 Ecclesia
2100 2552 2191 2623 opus

143 2610 370 2685 Nesactiauis.
1198 2629 1272 2675 0⁸⁵⁰
1293 2606 1460 2697 “'Eiienh

254 2710 399 2785 Reiutat
431 2707 683 2807 Symmachum
717 2729 915 2787 senatorem
942 2710 1144 2786 hortantem
1315 2707 1474 2806 Utraque
1506 2739 1616 2788 manu
1650 2714 1856 2816 hypothesis
1886 2731 2087 2823 accipienda
2120 2749 2192 2821 ²81·

141 2812 335 2889 Romanos
370 2814 573 2907 Principes,
614 2830 653 2886 ut
683 2832 836 2888 veterem
871 2812 1147 2909 rtdntopootaa
1198 2814 1311 2883 8011111
1348 2839 1424 2884 1111111
1455 2817 1662 2907 reiissiffltem
1689 2849 1808 2894 11111111
1833 2852 1925 2915 esse,
1957 2858 2047 2926 quae
2077 2837 2191 2927 prima

142 2918 351 2999 ¹restituant,
375 2933 407 2989 et
426 2919 552 2987 callide
567 2919 803 3005 disputantem
820 2921 1072 2991 vetustissimas
1090 2945 1147 2989 re·
1197 2931 1260 2989 est.
1317 2916 1399 2988 ldeo
1422 2919 1516 2988 enirn
1540 2924 1700 2995 condidit
1722 2924 1818 2998 Deus
1845 2925 2040 3007 humanum
2069 2961 2191 3028 genus,

139 3022 302 3111 digioues
316 3020 514 3091 verissimas
530 3045 617 3090 esse.
667 3018 758 3089 Cum
779 3022 873 3090 enim
889 3024 1062 3114 quaedam
1079 3020 1146 3092 Dei
1197 3033 1236 3088 ut
1253 3032 1342 3087 esset
1357 3020 1475 3112 aliqua
1492 3018 1668 3108 Ecclesia,
1693 3027 1730 3096 in
1748 3055 1816 3122 qua
1838 3058 1917 3103 vera
1933 3035 2043 3126 ipsius
2057 3042 2189 3113 noticia

143 3123 281 3197 noticia
314 3117 481 3194 humanis
512 3122 641 3191 anisnis
674 3122 896 3200 innascatur,
931 3147 1068 3192 necesse
1096 3135 1147 3193 est
1198 3117 1349 3227 11111111,
1382 3145 1494 3213 eoque
1519 3128 1838 3214 11111181111111011
1859 3142 2085 3229 1¹110m0110,
2121 3143 2189 3212 im-

142 3227 285 3319 primas
300 3221 475 3308 lroiniues,
496 3224 595 3317 quasi
615 3224 780 3314 propiore
795 3224 1004 3313 cognatione
1021 3226 1146 3293 rondi-
1197 3220 1320 3314 pressit
1337 3223 1498 3290 onirrium
1515 3227 1695 3298 mentibus
1714 3249 1893 3305 nascentes
1915 3240 2098 3311 nobiscum
2123 3269 2189 3315 no·

144 3342 263 3399 torem
281 3328 393 3399 Deum
419 3329 650 3416 attingentes,
676 3340 710 3394 et
733 3326 903 3416 sapientia
926 3327 1146 3413 excellentes,
1196 3323 1311 3408 licias,
1339 3323 1382 3391 de
1399 3322 1539 3394 aelerna
1557 3343 1677 3399 mente
1704 3334 1828 3426 opifice
1852 3362 1971 3409 rerum
1999 3356 2033 3413 et
2057 3346 2189 3433 guber·

145 3424 219 3499 hac
239 3430 316 3499 luce
336 3430 504 3499 excitatus
530 3452 603 3499 esse
625 3428 669 3498 ad
690 3424 806 3499 Deum
831 3428 1083 3520 inquirendum
1112 3443 1146 3500 et
1196 3426 1330 3494 mirice
1346 3421 1491 3494 Ι111111111ἱ
1509 3431 1656 3518 weris,
1679 3434 1722 3502 de
1739 3437 1944 3510 discrimine
1958 3437 2187 3521 honestorum

147 3530 403 3604 invocandum.
1195 3541 1230 3597 et
1247 3527 1427 3620 turpium,
1452 3543 1485 3599 ct
1510 3530 1595 3603 alias
1620 3534 1757 3605 multas.
1809 3538 1960 3613 Addidit
1974 3559 2009 3616 ct
2021 3573 2110 3619 noce
2127 3574 2190 3621 sua

252 3632 388 3703 Deinde
405 3660 483 3703 cum
506 3634 739 3726 imperiorum
756 3631 982 3712 constitutio,
1008 3657 1144 3726 poenae
1196 3631 1412 3711 doctrinam,
1440 3657 1507 3725 qna
1531 3636 1685 3705 ostendit
1709 3644 1889 3731 quomodo
1911 3644 2069 3719 invocari
2091 3652 2189 3728 velit.

142 3736 360 3806 iniustariun
384 3738 564 3816 caedium,
591 3739 742 3830 denique
758 3728 825 3805 ¹sacia
847 3738 1080 3807 rorrscientiae
1108 3736 1144 3804 in
1195 3726 1296 3803 Nihil
1315 3732 1421 3823 igitur
1436 3736 1587 3805 ‹lubinm
1611 3753 1681 3828 est,
1710 3739 1793 3811 inde
1808 3768 1919 3839 usque
1943 3751 1987 3818 ab
2007 3751 2110 3823 initio
2128 3777 2189 3845 ge·

141 3839 299 3925 singulis
332 3835 538 3908 iiorninibus
574 3854 745 3909 testentur
773 3836 848 3907 Deo
876 3862 1013 3929 semper
1040 3864 1144 3908 curae
1195 3832 1465 3920 nerishumani,
1494 3863 1592 3907 veras
1606 3841 1740 3936 aliquas
1757 3845 1944 3935 religiones
1959 3852 2077 3927 fnisse.
2111 3854 2189 3927 Hoc

138 3942 255 4013 fuisse
275 3965 384 4031 genus
400 3937 609 4011 humanum.
662 3936 896 4034 Symmachus
914 3944 1145 4011 contenderat
1195 3951 1375 4008 teneamus
1394 3937 1730 4035 incaussatanquam
1744 3946 1951 4022 καθολικόν
1969 3953 2162 4049 θεώρημα.

140 4066 294 4137 prorsus
317 4045 466 4113 delirare
489 4066 569 4131 eos,
602 4043 663 4136 qui
688 4066 807 4111 veram
832 4043 1039 4131 religionem
1061 4042 1144 4112 uni·
1286 4036 1370 4131 'Sed
1396 4039 1484 4108 iiiiii¹
1504 4045 1745 4134 qiiaerffltissm
1770 4063 1839 4128 ²⁵¹2
1864 4077 1953 4143 1111111
1978 4056 2129 4145 fuerim,
2154 4048 2196 4132 Εἴ,

141 4170 250 4216 verso
276 4147 394 4235 generi
420 4141 594 4227 humano,
621 4169 660 4212 ac
686 4144 949 4243 praesertimiis
966 4145 1143 4235 gentibus,
1194 4164 1240 4207 an
1257 4143 1351 4231 apud
1367 4165 1488 4210 omnes
1505 4145 1965 4236 incorruptaemanserint?
1995 4154 2186 4246 Quomodo

140 4249 394 4343 quibmneus
417 4247 564 4339 imperia
589 4245 758 4330 tradidit,
784 4246 1145 4317 totrnillibusanno·
1194 4267 1275 4311 vera
1302 4259 1337 4311 et
1361 4244 1518 4312 coelestis
1542 4248 1703 4316 doctrina
1740 4270 1947 4344 propagata,
1981 4277 2187 4335 conservata
2271 4340 2275 4347 ,

139 4374 229 4423 rum
256 4365 358 4420 antea
386 4352 543 4439 ignotam
571 4346 696 4432 luisse,
721 4372 761 4417 ac
788 4372 883 4416 nunc
911 4349 1053 4416 demum
1083 4373 1145 4438 per
1194 4358 1226 4413 et
1242 4345 1401 4413 restituta
1418 4344 1487 4412 sit?
1516 4343 1596 4418 Erit
1611 4349 1718 4438 igitur
1736 4347 1802 4424 hoc
1827 4350 2059 4451 κρινόμενον,
2089 4361 2187 4455 Apo·

140 4475 278 4547 paucus
318 4453 486 4522 obscuros
523 4444 688 4518 homines
726 4463 759 4520 ct
794 4472 938 4518 errones
970 4450 1144 4519 divinitus
1192 4444 1336 4515 stolicae
1351 4469 1413 4529 ne,
1436 4468 1481 4514 an
1498 4445 1702 4535 Roscianae,
1722 4476 1866 4544 graecae
1884 4473 1943 4530 aad
1958 4461 2090 4533 similes
2108 4467 2188 4557 opi·

139 4555 350 4628 monstrari.
1193 4548 1319 4616 niunes
1340 4550 1384 4616 de
1405 4548 1474 4616 diis
1492 4552 1700 4623 vetustiores
1715 4556 1812 4627 sint?
1861 4558 1934 4630 Nec
1958 4563 2112 4634 difficilis
2136 4578 2188 4637 est

251 4654 369 4745 Quid,
394 4654 490 4749 quod
508 4650 682 4721 mirandis
700 4650 896 4733 eventibus,
924 4653 1071 4725 veritate
1087 4653 1144 4721 di·
1193 4649 1416 4721 iiiiitdifflii‘t·

140 4761 374 4831 vinationum
393 4756 516 4849 poenis
541 4754 752 4847 impiorum,
778 4755 965 4827 foelicitate
990 4755 1144 4846 piorum,
1302 4749 1462 4819 Primum
1498 4768 1693 4826 monstrosa
1731 4762 1932 4832 absurditas
1965 4790 2053 4859 quae
2086 4768 2188 4863 fingit

140 4875 304 4932 vetustae
321 4858 508 4948 religiones
526 4857 753 4925 confirmatae
771 4856 988 4925 viderentur.
1028 4854 1144 4926 Reue-
1193 4852 1322 4922 multos
1348 4855 1450 4935 deos,
1489 4868 1636 4926 testatur
1666 4856 1756 4929 hanc
1778 4864 1985 4953 opinionem
2010 4893 2081 4939 non
2110 4896 2187 4944 esse

140 4977 232 5036 runt
252 4962 422 5034 exercitus
446 4975 479 5030 et
496 4957 645 5030 consilia
660 4954 798 5047 Regum
816 4959 909 5026 veris
930 4957 1143 5048 praedictio·
1193 4953 1360 5045 primam,
1386 4970 1519 5046 pugnat
1538 4958 1632 5026 enim
1650 4985 1729 5029 cum
1746 4963 1804 5032 illa
1822 4965 1897 5057 ipsa
1914 4973 2066 5041 naturali
2090 4976 2187 5045 noti-

139 5068 265 5149 nibns,
292 5059 530 5154 Amphiaraus
540 5058 691 5148 Argivos
708 5060 881 5150 proiectos
896 5062 939 5129 ad
959 5080 1144 5151 oppugna·
1193 5058 1266 5140 cia,
1288 5081 1379 5149 quae
1392 5052 1485 5127 haud
1502 5059 1629 5140 dubie,
1655 5086 1734 5132 curn
1750 5068 1935 5137 nobiscum
1949 5084 2030 5142 nata
2046 5075 2105 5159 sit,
2129 5078 2188 5146 di-

140 5171 282 5241 tionem
302 5160 530 5234 ‘l'heharumt
564 5156 713 5232 Chalcas
737 5161 901 5241 classem,
928 5184 1018 5253 quae
1043 5159 1145 5229 navi·
1193 5158 1326 5228 vinitus
1353 5159 1391 5227 in
1407 5182 1474 5229 nos
1491 5162 1683 5247 transfusa,
1708 5181 1802 5236 certa
1819 5182 1852 5239 ct
1877 5168 2109 5246 immutabilis
2125 5189 2187 5252 est.

140 5271 241 5363 gavit
259 5269 300 5337 ad
319 5265 483 5337 Troiam:
512 5262 722 5334 Aristander
741 5264 865 5331 dtrcem
886 5261 1142 5333 Alexandrum.
1193 5257 1340 5329 Etiamsi
1359 5284 1395 5328 se
1412 5277 1579 5351 rumpant
1601 5268 1740 5357 patroni
1756 5271 2046 5360 superstitionum
2067 5271 2187 5348 ethni-

140 5370 191 5444 132
215 5372 358 5441 suerum
388 5390 443 5439 rer
466 5367 638 5436 sacrandae
660 5365 721 5447 iis,
754 5364 818 5457 qui
845 5362 973 5434 Vatum
998 5364 1144 5433 monitis
1166 5348 1171 5469 Ξ
1193 5386 1325 5443 carum,
1347 5374 1465 5432 tamen
1483 5360 1589 5435 huius
1602 5371 1799 5456 argumenti
1816 5384 1910 5443 tanta
1925 5389 1976 5444 est
1993 5380 2186 5472 perspicui·

141 5473 337 5570 parebant,
362 5484 396 5540 et
409 5467 598 5556 religiones
613 5469 885 5539 venerabantur.
921 5464 1042 5537 Cres-it
1058 5461 1145 5535 haec
1166 5474 1172 5549 t
1194 5477 1265 5547 tas,
1286 5475 1384 5534 utne
1398 5467 1526 5535 mutire
1543 5468 1684 5561 quidem
1699 5487 1819 5542 contra
1835 5477 1981 5566 possint.

198 5581 377 5646 stratura.
396 5575 501 5639 Oen.
529 5571 611 5634 voc.
628 5570 693 5642 Xl.
1498 5566 1548 5636 37
