4664 6022
131 302 201 380 us
595 299 773 380 nucu
810 299 889 380 nn
919 300 1161 379 sruuus
1190 298 1691 380 anouuscnuruu.
1917 232 1923 335 Ῐ
2095 292 2173 371 reo

124 498 164 547 re
187 471 361 569 quapiam
383 471 619 564 interrogatos
641 473 692 546 ita
709 475 931 569 perturbari,
964 498 1005 547 sc
1028 474 1126 546 velut
1174 489 1292 548 autem
1317 500 1356 548 se
1388 489 1450 549 aut
1474 474 1613 558 doceri,
1647 498 1714 568 pro
1739 471 1989 565 indignissimo
2022 474 2171 561 ducunt,

123 576 299 651 attonitos
311 576 569 662 obmutescere,
592 591 634 648 ut
651 578 711 648 vix
728 579 842 649 animi
856 591 1036 671 compotes
1053 600 1127 649 esse
1174 581 1295 652 statim
1313 581 1472 672 coarguti
1490 580 1764 660 excandescunt,
1787 574 1958 672 quidni?
1979 576 2170 647 nonenim

124 680 332 755 videamur,
373 675 510 749 Eonrm
527 678 673 767 deinde,
698 681 730 751 si
745 681 834 776 quid
848 682 940 752 lorte
955 681 1125 752 discendo
1175 682 1249 763 labi
1265 706 1367 776 posse
1389 696 1451 754 aut
1467 705 1585 752 errare
1601 681 1717 752 videri
1730 678 1868 753 volunt.
1900 676 1983 750 Nou
2000 678 2168 770 Tigrides
2190 682 2201 693 '

123 782 234 857 dam
248 781 430 853 consecuti
443 794 546 868 sunt,
571 783 694 855 nullus
708 807 793 856 usuc
807 807 882 855 esse
902 797 1029 877 potest.
1082 783 1125 854 lu
1175 786 1339 871 atrocius,
1365 799 1427 858 aut
1440 784 1622 856 infestiore
1639 784 1704 870 ira,
1728 806 1795 876 pro
1809 781 1935 854 catulis
1950 782 2170 874 depugnant,

123 878 193 959 be
207 883 310 954 enim
326 884 444 954 omnis
459 885 657 957 studiorum
675 886 811 958 fructus
827 887 984 979 ponitur,
1009 903 1050 960 ut
1064 910 1125 957 er·
1175 912 1283 983 quam
1308 887 1364 957 illi
1387 912 1453 981 pro
1477 886 1551 959 suis
1571 887 1753 958 erroribus
1775 885 2019 956 defendendis.
2068 882 2170 974 Quid

123 1010 311 1085 promere,
344 986 384 1057 in
406 987 593 1080 lucemque
616 990 796 1081 prolerre,
831 998 874 1060 ac'
893 990 1065 1082 replicare
1085 988 1124 1058 id
1175 985 1242 1061 bos
1262 992 1419 1062 facturos
1440 1004 1623 1083 putemus,
1655 989 1719 1061 ubi
1745 988 1794 1058 sic
1813 987 1930 1058 affecti
1951 988 1998 1059 ad
2014 983 2168 1078 Reipub.

124 1090 246 1186 ipsum
261 1090 363 1183 quod
384 1088 472 1160 scias
494 1088 618 1182 possis.
671 1089 720 1162 Ut
739 1091 836 1160 enim
859 1092 1017 1162 occultae
1038 1090 1124 1162 Mu·
1174 1106 1238 1165 aut
1253 1091 1433 1164 Ecclesiae
1448 1093 1688 1184 gubernacula
1711 1090 1922 1161 accesserint
1943 1103 1980 1161 et
1996 1089 2169 1161 autorita-

128 1192 240 1278 ἡκ,
282 1190 333 1262 ita
358 1204 478 1262 mutae
504 1207 611 1286 atque
638 1190 788 1265 infantis
814 1194 997 1264 doctrinae
1023 1195 1123 1264 nulla
1175 1208 1246 1266 tem
1271 1220 1311 1266 ac
1332 1197 1527 1288 potentiam
1547 1195 1703 1289 aliquam
1729 1217 1810 1264 cum
1832 1193 1900 1265 isto
1921 1191 2113 1286 supercilio
2134 1203 2171 1262 et

131 1294 239 1389 gretia
257 1305 322 1367 est.
374 1291 547 1364 Examina
562 1319 647 1364 vero
662 1308 702 1366 ut
717 1296 890 1366 iudicium
911 1298 1068 1368 formant
1083 1319 1124 1366 ac
1175 1298 1314 1370 inscitia
1330 1297 1606 1370 coniunxerint?
1640 1294 1782 1392 Ecquos
1797 1319 1861 1366 vos
1873 1318 2034 1390 unquam
2051 1289 2170 1365 bomi-

125 1398 274 1483 hot,
306 1394 446 1466 animos
469 1397 701 1483 confirmant,
734 1412 867 1469 acuunt
887 1399 1050 1490 ingenia,
1075 1399 1123 1469 ita
1174 1422 1237 1470 nes
1253 1401 1402 1472 audistis
1417 1401 1689 1493 perniciosiores
1704 1395 1871 1469 Ecclesiis
1887 1396 2167 1490 autliebuspub.

124 1498 288 1592 flnguam
310 1521 453 1592 quoque
475 1501 727 1589 expeditiorem
755 1501 931 1587 efficiunt,
963 1501 1123 1572 celerita-
1174 1503 1354 1574 extitisse?
1405 1500 1517 1599 Atqui
1533 1503 1613 1575 talis
1633 1501 1835 1593 arrogantia
1850 1502 1889 1570 et'
1901 1501 2010 1570 alitur
2024 1512 2059 1570 et
2079 1522 2168 1571 con·

126 1614 200 1677 tem
237 1603 418 1695 quandam
454 1601 634 1691 cogitandi
666 1615 701 1672 et
733 1604 1027 1695 promtitudinem
1065 1628 1123 1673 re-
1173 1606 1337 1677 firmatur
1351 1600 1556 1692 inanimis,
1582 1607 1612 1674 si
1629 1606 1727 1675 nulla
1744 1616 1869 1693 agatur
1885 1603 1930 1673 de
1944 1601 2071 1673 studiis
2085 1623 2169 1670 cen-

123 1704 328 1801 rpoudendi
357 1702 523 1777 afferunt.
581 1703 712 1795 Magna
744 1701 831 1777 haec
857 1707 1003 1801 quidem
1029 1719 1124 1790 sunt,
1173 1729 1275 1791 sura,
1312 1709 1455 1798 ingenia
1482 1732 1558 1779 non
1585 1709 1814 1801 explorentur
1847 1716 2169 1796 coarguanturque,

123 1808 255 1883 adest
270 1819 305 1876 et
320 1806 389 1875 alia
406 1830 480 1876 non
496 1806 614 1875 minor
628 1808 765 1879 utilitas
777 1810 999 1895 examinum,
1025 1810 1122 1903 quod
1173 1834 1240 1881 nec
1266 1825 1480 1881 moneantur
1505 1811 1593 1905 quid
1618 1805 1737 1881 adhuc
1762 1809 1835 1877 illis
1860 1808 1972 1893 desit,
2000 1820 2036 1878 et
2061 1828 2168 1900 quam

123 1904 366 1985 obercentac
381 1901 550 1978 cohibent
567 1932 710 1980 cursum
724 1911 923 1982 studiorum
939 1912 1032 1982 intra
1047 1935 1123 1981 cer·
1173 1913 1280 2005 longe
1309 1908 1425 1985 adhuc
1455 1915 1573 1984 absint
1601 1913 1646 1983 ab
1680 1936 1721 1982 eo
1747 1912 1860 2002 gradu
1886 1908 2088 1992 doctrinae,
2120 1907 2167 1977 ad

123 2011 344 2089 mlimites:
374 2011 613 2082 adolescentes
636 2013 732 2082 enim
754 2012 824 2084 nisi
841 2014 934 2085 intra
952 2029 1122 2085 certave-
1173 2040 1279 2110 quem
1303 2017 1374 2085 iam
1400 2017 1549 2086 evasisse
1568 2016 1637 2086 sibi
1658 2016 1885 2086 videbantur.
1936 2012 2168 2103 Quapropter

123 2116 293 2207 htsepta
308 2114 579 2194 contineantur,
606 2139 669 2185 ceu
688 2117 791 2186 navis
807 2117 845 2184 in
863 2118 990 2186 mediis
1005 2117 1124 2187 flucti-
1173 2118 1203 2188 si
1221 2112 1315 2187 nihil
1336 2119 1434 2190 aliud
1457 2119 1622 2189 utilitatis
1643 2118 1811 2189 afferrent
1833 2115 2013 2200 examina,
2039 2110 2097 2182 vel
2120 2111 2168 2182 ob
2247 2184 2251 2191 ,

123 2218 191 2293 lm
212 2230 353 2287 rectore
374 2215 558 2302 destituta,
592 2216 640 2288 ita
665 2219 733 2310 ipsi
758 2219 892 2290 incerto
921 2242 1027 2289 cursu
1053 2219 1124 2288 llu-
1173 2216 1266 2291 hanc
1294 2245 1404 2291 unam
1438 2245 1579 2293 causam
1606 2236 1724 2293 tamen
1751 2221 1791 2288 in
1823 2214 1955 2288 scholis
1980 2214 2168 2287 retinenda

123 2332 260 2410 mut,
277 2332 312 2390 et
328 2318 358 2388 si
371 2319 459 2412 quid
474 2319 581 2389 etiam
596 2321 801 2401 instituunt,
823 2322 861 2392 id
879 2323 980 2392 nullo
996 2322 1123 2393 ordine
1173 2338 1289 2394 erant:
1321 2325 1417 2418 quod
1439 2324 1579 2395 duabus
1602 2323 1765 2393 maximis
1785 2321 1941 2412 pestibus
1956 2317 2168 2401 studiorum,

123 2434 289 2499 lactant.
342 2420 447 2492 Unde
470 2446 614 2513 operam
636 2422 709 2492 illis
730 2446 873 2495 omnem
896 2424 936 2492 in
954 2426 1122 2494 discendo
1173 2450 1333 2520 quaeque
1362 2426 1563 2521 plerunque
1595 2425 1804 2496 coniunctae
1824 2422 1941 2493 solent
1962 2442 2056 2505 esse,
2088 2440 2167 2488 me-

123 2537 376 2617 consumptam
397 2523 514 2616 perire
534 2548 674 2594 necesse
697 2538 760 2596 est.
810 2522 858 2596 Et
875 2527 1026 2617 gignunt
1047 2527 1123 2618 plc-
1173 2531 1324 2612 dentur,
1355 2553 1485 2620 nempe
1504 2528 1667 2619 ignaviae
1691 2541 1726 2599 et
1749 2524 1988 2615 arrogantiae3
2023 2521 2068 2592 ad
2092 2520 2169 2592 exi·

123 2650 277 2722 nmque
301 2622 388 2696 haec
417 2627 648 2697 tumultuaria
677 2652 718 2698 ac
745 2650 833 2718 vaga
853 2630 973 2700 studia
993 2654 1121 2699 vanam
1172 2633 1342 2702 mendum
1359 2632 1455 2703 enim
1471 2645 1668 2725 torporem,
1695 2628 1939 2700 excutiendam
1961 2624 2169 2696 somnolen-

123 2728 640 2827 pnnasionemeruditionis,
664 2727 843 2824 quanihil
858 2732 1045 2804 nocentius
1061 2745 1124 2816 est,
1173 2734 1278 2818 tiam,
1320 2735 1379 2804 vix
1412 2734 1510 2804 aliud
1537 2736 1651 2805 calcar
1683 2746 1737 2803 est
1767 2732 1883 2802 acrius
1908 2743 1943 2800 ct
1978 2727 2169 2799 efficacius.

124 2856 167 2907 ι
184 2832 323 2905 deinde
347 2831 463 2903 inflati
484 2845 642 2917 tument,
669 2857 750 2902 cum
767 2835 811 2903 de
825 2835 932 2905 rebus
956 2836 1123 2905 omnibus
1172 2834 1312 2906 Deinde
1335 2861 1381 2906 ne
1406 2837 1512 2907 nobis
1535 2837 1622 2930 ipsis
1643 2836 1831 2906 immodice
1854 2834 2077 2927 placeamus,
2106 2841 2169 2900 aut

123 2933 369 3009 indoctissime
400 2957 440 3003 ac
471 2934 699 3004 stolidissime
729 2935 899 3007 iudicent.
954 2935 1047 3008 Cum
1082 2962 1121 3009 ea
1172 2940 1267 3010 ultra
1279 2939 1428 3025 nidum,
1452 2953 1494 3010 ut
1510 2940 1623 3023 aiunt,
1648 2961 1784 3030 pennas
1798 2937 2045 3019 extendamus,
2069 2932 2169 3002 salu·

128 3037 221 3113 nim
247 3036 391 3106 inscitia
413 3037 601 3106 coniuncta
627 3060 700 3108 esse
728 3040 818 3110 solet
847 3040 999 3129 insignis
1022 3065 1122 3110 arro-
1173 3054 1247 3111 tare
1263 3055 1314 3111 est
1328 3043 1415 3111 vitia
1433 3056 1539 3136 atque
1556 3053 1671 3112 errata
1687 3054 1807 3111 nostra
1824 3040 1929 3109 nobis
1947 3035 2106 3120 ostendi,
2131 3046 2169 3105 et

123 3140 244 3235 gantis
261 3162 303 3209 ac
326 3139 539 3230 pertinacia,
564 3141 661 3209 unde
677 3140 735 3225 fit,
760 3155 800 3211 ut
817 3142 1017 3237 plerunque
1037 3144 1123 3213 tales
1172 3144 1359 3213 adsueficri
1382 3168 1467 3230 nos,
1491 3158 1532 3216 ut
1553 3145 1727 3235 patienter
1744 3144 1899 3212 seramus
1919 3162 1985 3211 nos
2001 3135 2168 3227 redargui

123 3240 334 3333 ltebospub.
349 3243 407 3310 vel
422 3238 592 3312 Ecclesiis
609 3243 773 3333 praefecti
790 3246 1002 3315 tumultibus
1019 3247 1122 3314 dein·
1173 3270 1212 3316 ac
1227 3246 1378 3338 corripi,
1410 3271 1457 3315 ne
1472 3247 1636 3338 protinus
1661 3245 1782 3314 omnia
1802 3243 1940 3312 somnia
1962 3254 2084 3311 nostra
2106 3262 2168 3308 ex·

123 3344 171 3417 de
193 3344 315 3415 omnia
345 3344 524 3414 misceant.
582 3343 648 3413 llis
671 3346 773 3414 malis
804 3348 910 3417 tantis
935 3350 1124 3417 medentur
1172 3348 1375 3441 osculemur
1416 3360 1450 3418 et
1481 3372 1547 3439 pro
1583 3346 1737 3418 oraculis
1769 3346 1951 3414 adoranda
1983 3345 2168 3413 ducamus.

128 3445 302 3531 examina,
328 3460 364 3517 et
378 3449 475 3541 quod
492 3447 684 3516 maximum
700 3460 762 3528 cst,
778 3471 904 3517 vanam
922 3450 1021 3518 illam
1043 3474 1123 3540 per·
1173 3449 1275 3540 Quae
1291 3473 1382 3519 vana
1397 3449 1579 3540 persuasio
1593 3449 1663 3517 nisi
1679 3446 1885 3536 corrigitur,
1908 3442 2168 3537 perniciosissi-

128 3548 329 3621 snaaionem
351 3550 552 3631 doctrinae,
580 3563 686 3643 atquc
708 3551 968 3639 arrogantiam,
994 3552 1123 3622 animis
1173 3575 1248 3621 mos
1274 3551 1404 3622 deinde
1431 3574 1568 3622 errores
1594 3548 1696 3641 parit
1760 3547 1944 3618 Narcissus
1970 3547 2009 3615 in
2034 3544 2166 3616 fabulis

130 3651 307 3737 «imunt,
332 3676 401 3746 qua
419 3665 559 3722 nonest
575 3653 644 3721 alia
660 3653 767 3745 pestis
786 3677 865 3722 cum
881 3656 988 3724 rebus
1004 3657 1123 3724 omni·
1172 3654 1384 3736 Poetarum,
1418 3657 1503 3725 dum
1525 3653 1679 3724 nimium
1704 3674 1778 3722 sese
1800 3663 1913 3736 amat,
1938 3646 2167 3733 contabescit,

131 3752 215 3841 bus,
259 3767 338 3825 tum
371 3778 457 3824 vero
494 3754 681 3847 praecipue
715 3757 843 3825 studiis
876 3758 1122 3849 perniciosior.
1172 3757 1334 3852 peritque
1348 3758 1471 3850 etipse
1486 3771 1520 3829 et
1534 3757 1596 3826 illa
1611 3756 1697 3825 salsa
1712 3755 1840 3844 imago,
1858 3776 1966 3846 quam
1981 3763 2177 3842 tantopere.

133 3852 240 3950 Saepe
261 3856 358 3927 enim
379 3856 510 3951 aliquis
533 3858 656 3959 cristas
678 3858 775 3929 tollit
795 3872 877 3929 ante
899 3874 1055 3952 tempus,
1089 3876 1123 3932 et
1172 3862 1373 3953 deperibat,
1395 3873 1429 3930 et
1444 3884 1541 3931 nunc
1555 3872 1710 3929 mutatus
1726 3856 1764 3926 in
1779 3856 1924 3940 florem,
1949 3868 2069 3924 monet
2087 3874 2166 3934 nos,

136 3973 228 4051 putet
249 3983 287 4030 se
309 3960 380 4029 iam
402 3961 459 4028 vel
482 3983 611 4029 novem
634 3960 764 4031 artium
783 3961 985 4033 liberalium
1004 3962 1122 4052 Magi-
1171 3987 1251 4033 sero
1272 3964 1478 4048 florescens,
1511 3986 1559 4033 ne
1580 3961 1689 4031 nimis
1711 3973 1849 4029 mature
1869 3970 1904 4027 et
1925 3970 2006 4026 ante
2026 3969 2167 4048 tempus

139 4072 240 4133 mm
263 4086 356 4147 esse,
387 4062 451 4156 qui
475 4086 557 4130 cum
576 4062 735 4132 examine
753 4065 945 4151 excutitur,
979 4065 1009 4134 si
1026 4062 1120 4135 nihil
1171 4089 1292 4156 sapere
1327 4065 1554 4158 incipiamus,
1601 4086 1690 4132 neve
1723 4086 1789 4132 nos
1821 4073 1881 4130 aut
1907 4071 2027 4129 nostra
2056 4058 2166 4128 nimis

141 4162 245 4249 alind,
269 4159 339 4234 hoc
356 4178 450 4235 certe
465 4179 585 4233 tamen
602 4168 767 4250 docetur,
794 4168 889 4259 quod
913 4163 1030 4238 adhuc
1053 4168 1122 4236 mi-
1172 4189 1330 4238 amemus
1353 4182 1460 4262 atquc
1481 4166 1708 4238 admiremur.
1761 4161 1870 4252 Quod
1901 4160 2043 4232 cumin
2066 4160 2167 4231 omni

142 4267 308 4352 nesciat,
327 4291 432 4360 quam
450 4266 575 4357 ipsese
589 4266 678 4336 scire
693 4269 853 4359 putabat,
878 4284 912 4340 et
928 4271 994 4340 isto
1012 4272 1120 4341 stulto
1170 4284 1283 4341 aetate
1298 4270 1462 4340 odiosum
1479 4281 1542 4353 est,
1558 4280 1634 4340 tum
1652 4291 1735 4337 vero
1752 4266 1791 4335 in
1808 4264 2045 4336 adolescentia
2062 4286 2166 4356 pror-

144 4370 381 4463 tepernicioso
396 4393 515 4439 errore
530 4370 714 4443 liberatur.
761 4369 1121 4462 Qrmntoveroinge-
1171 4397 1249 4443 sum
1265 4372 1506 4442 intolerabile.
1542 4369 1631 4441 Nam
1647 4384 1687 4441 ut
1702 4371 1828 4440 abusu
1844 4391 1963 4439 rerum
1980 4366 2164 4459 solidaque

145 4469 191 4543 lit
208 4472 439 4543 foecundiora
459 4485 563 4555 sunt,
593 4473 764 4563 armagis
787 4475 987 4562 praecocia,
1021 4490 1120 4547 tanto
1170 4499 1210 4545 ac
1231 4477 1383 4567 perfecta
1407 4473 1569 4544 doctrina
1594 4486 1627 4542 et
1649 4470 1820 4565 sapientia
1837 4467 1924 4541 haec
1940 4483 2034 4539 aetas
2049 4462 2165 4536 adbuc

145 4571 208 4663 plus
221 4577 268 4646 ab
283 4569 350 4645 bac
365 4587 462 4665 peste
477 4574 624 4666 periculi
641 4587 704 4644 est.
737 4573 908 4646 Videmus
924 4577 1019 4646 enim
1037 4582 1121 4674 φιλ·
1170 4577 1375 4667 longissime
1391 4577 1505 4661 abest,
1529 4574 1579 4645 ita
1597 4570 1661 4645 has
1678 4598 1734 4645 res
1749 4597 1824 4643 non
1839 4584 1952 4666 potest
1974 4569 2042 4639 sibi
2065 4592 2165 4638 arro-

146 4672 239 4750 wu'o
260 4677 485 4749 loelicissima
508 4677 677 4771 pleraque
699 4676 840 4767 ingenia
856 4679 894 4748 in
910 4680 1028 4750 medio
1046 4695 1121 4751 stu·
1170 4703 1252 4771 gare
1265 4680 1342 4749 sinc
1356 4701 1494 4750 summa
1509 4677 1733 4769 turpitudine
1748 4700 1788 4745 ac
1803 4674 1969 4744 vanitate.
2006 4669 2053 4743 Ut
2068 4670 2165 4740 enim

145 4774 268 4852 tiorum
285 4804 392 4851 cursu
406 4780 598 4871 corrumpi,
624 4804 665 4849 ac
679 4780 775 4850 velut
792 4780 831 4848 in
846 4777 956 4852 herba
971 4784 1119 4868 enecari,
1169 4806 1259 4852 uvae
1281 4795 1317 4852 et
1340 4805 1443 4873 poma
1466 4804 1542 4851 non
1566 4780 1606 4848 in
1630 4802 1731 4858 vere,
1759 4801 1824 4846 nec
1845 4777 1883 4844 in
1897 4787 2026 4844 aestate
2048 4787 2166 4844 matu·

145 4877 212 4953 lum
225 4884 296 4954 sibi
312 4884 383 4953 iam
406 4883 514 4951 nimis
532 4883 670 4972 placere
689 4882 887 4974 incipiunt,
913 4909 950 4953 se
972 4886 1066 4976 ipsos
1086 4899 1121 4957 et
1169 4899 1322 4969 rescunt,
1348 4887 1408 4954 sed
1423 4885 1463 4952 iu
1477 4896 1649 4953 autumno
1664 4882 1832 4973 primum,
1858 4877 1964 4969 paulo
1980 4892 2062 4950 ante
2077 4872 2167 4971 hye-

144 4985 362 5080 nsimpense
379 4986 614 5069 admirantur,
633 4985 803 5055 attollunt
820 4987 1020 5077 supercilia,
1039 4988 1120 5081 qui·
1170 5011 1282 5073 mem,
1315 4989 1364 5058 ita
1388 4986 1571 5058 doctrinae
1595 4984 1731 5054 fructus
1754 4983 2019 5071 ingravescente
2039 4992 2165 5063 aetate,

143 5078 245 5158 toris
266 5090 337 5160 iam
356 5112 392 5157 se
416 5100 658 5181 praeponunt,
690 5088 836 5181 quosvis
864 5114 949 5179 prae
971 5113 1007 5159 se
1032 5114 1120 5160 con·
1169 5112 1209 5159 ac
1239 5091 1346 5181 paulo
1375 5103 1459 5159 ante
1483 5083 1666 5184 hyemem,
1695 5079 1765 5154 boc
1789 5096 1858 5167 cst,
1891 5082 1962 5151 iam
1987 5094 2164 5151 senectute

144 5196 308 5272 mount,
331 5190 519 5261 fastidiunt
538 5189 610 5259 iarn
633 5184 808 5259 bacciam
827 5190 907 5277 illa,
934 5217 1118 5263 censuram
1169 5192 1343 5275 instante,
1368 5192 1524 5285 primum
1539 5188 1655 5259 solent
1670 5200 1916 5256 maturescere.
1950 5179 1999 5254 Et
2013 5197 2163 5254 uturae

143 5286 198 5362 t'bi
208 5295 252 5364 tle
266 5294 441 5385 dogmatis
452 5305 614 5363 sumunt:
638 5292 731 5362 nulli
746 5294 899 5384 amplius
915 5310 1119 5387 praecepto-
1168 5318 1207 5364 ac
1221 5320 1324 5387 poma
1340 5309 1421 5366 ante
1437 5308 1577 5386 ternpus
1591 5292 1774 5381 decerpta,
1796 5311 1862 5357 nec
1877 5287 1952 5358 esui
1968 5298 2071 5370 sunt,
2096 5306 2162 5354 nec

143 5410 204 5481 tet,
230 5397 324 5467 nulli
352 5396 611 5489 propemodum
635 5394 721 5463 libri
745 5408 807 5466 aut
834 5396 1024 5490 scriptores
1047 5413 1117 5469 tarn
1167 5397 1235 5467 ulli
1260 5397 1323 5468 olii
1352 5398 1435 5468 usui
1466 5397 1614 5478 idonea,
1647 5392 1697 5462 ita
1729 5390 1956 5482 ingeniorum
1981 5384 2165 5457 immaturi

144 5512 309 5572 nonme
336 5499 433 5570 naris
462 5497 597 5569 iudicio
628 5496 860 5573 satisfaciunt.
917 5499 1118 5572 Admoneri
1139 5496 1144 5583 Ι
1166 5499 1302 5572 fructus
1328 5498 1448 5570 acerbi
1474 5492 1592 5570 adbuc
1615 5504 1723 5583 sunt,
1756 5507 1790 5566 et
1817 5493 1971 5564 salutare
2002 5501 2054 5561 cst
2075 5488 2165 5559 ado-
