4664 6022
149 274 230 350 929
583 269 743 351 DECL.
776 267 855 347 DE
888 261 1241 353 statuarum
1275 256 1350 337 ut*
1382 259 1770 345 ANTlPATHIA.

2102 361 2105 365 ,
2120 291 2199 373 980

148 451 239 525 adeo
256 447 390 522 vitibus
408 445 640 532 inimicaret,
665 459 705 518 ut
730 446 758 518 si
784 446 822 516 in
847 446 961 516 vineis
984 460 1175 537 nascatur}
1199 412 1422 528 frangantur·
1475 431 1667 511 Mamassll
1684 467 1763 515 cum
1785 467 2102 541 magnetetantum
2118 466 2193 539 dis-

147 554 317 637 brassica,
342 553 429 621 liant
447 551 681 621 infoecundae
698 549 804 620 vites:
833 562 867 619 et
883 550 1009 620 iniecta
1029 549 1067 617 in
1083 553 1148 620 do·
1198 541 1329 612 sidium
1347 555 1415 626 est,
1439 552 1479 610 ut
1493 540 1590 611 iuxta
1610 545 1761 635 positus,
1785 575 1859 623 non
1874 557 1969 630 sinat
1985 588 2065 635 euru
2082 583 2193 642 attra-

145 656 216 742 lia,
250 678 411 746 saporem
430 668 464 723 ει
479 656 626 725 odorem
645 652 954 743 vinieorrumpat.
1008 650 1148 724 Rursus
1199 637 1283 713 here
1305 644 1456 715 ferrum:
1489 656 1623 714 etcum
1647 671 1712 718 nec
1735 649 1845 740 ferro,
1877 685 1941 732 nec
1970 663 2045 755 igni
2075 672 2193 765 frangi

146 758 302 827 brassica
322 756 447 827 arescit
465 756 594 829 iniecto
611 754 772 847 origano.
810 752 913 824 Talia
929 755 1087 845 exempla
1104 756 1148 823 de
1198 744 1329 837 possit,
1353 740 1496 816 hircino
1513 747 1684 837 sanguine
1701 755 1891 845 rumpitur.
1924 763 2104 859 Unicum,
2128 801 2193 847 cu-

145 862 353 953 plantarum
367 859 461 929 inter
480 882 554 929 sese
571 856 773 928 concordiis
796 870 832 928 et
854 857 1042 927 discordiis
1066 879 1147 949 pas·
1195 848 1553 924 talliaeordiamica.
1594 846 1665 920 Sed
1681 879 1884 951 quanquam
1902 890 2028 959 magna
2044 874 2121 946 tau,
2138 892 2192 950 ω

146 963 215 1034 sim
233 963 344 1033 multa
361 974 559 1032 occurrent.
611 959 730 1049 Magis
748 971 866 1030 atatem
892 959 1078 1031 mirandus
1094 972 1147 1030 est
1195 963 1230 1021 el
1253 951 1438 1021 mirandae
1462 950 1556 1022 vires
1581 956 1846 1045 peregrinarum
1873 988 2111 1065 gemmarum,
2135 994 2191 1052 ta-

145 1088 270 1136 sensus
287 1064 594 1148 inanimantibus,
620 1086 710 1156 quae
726 1063 827 1157 quasi
843 1061 880 1130 in
896 1064 1050 1132 mantica
1065 1085 1145 1131 suas
1194 1077 1277 1122 men
1292 1067 1326 1123 el
1342 1052 1511 1123 miracula
1524 1053 1676 1138 wetini,
1703 1063 1799 1152 quod
1817 1064 1856 1134 in
1878 1070 1960 1143 sinu
1981 1072 2117 1151 Baltico
2135 1083 2190 1154 le-

146 1167 319 1262 quasdam
354 1161 482 1236 herbas
510 1180 544 1238 et
574 1179 730 1251 nonant,
777 1178 811 1235 et
842 1166 1010 1256 praesidii
1041 1187 1144 1235 causa
1193 1155 1311 1244 gitur,
1337 1156 1395 1226 cui
1411 1151 1545 1228 Electri
1565 1181 1696 1228 nomen
1718 1166 1977 1257 attribuerunt,
2000 1202 2074 1250 non
2099 1207 2187 1273 pau·
2265 1192 2268 1197 ’

144 1283 334 1362 quaerunt.
398 1268 516 1363 Cygni
539 1280 581 1341 ut
601 1268 740 1338 facilius
762 1267 918 1360 pariant,
958 1263 1081 1340 thoros
1105 1266 1144 1336 in
1194 1258 1289 1328 clm
1314 1272 1416 1342 sunl,
1449 1283 1556 1352 quam
1579 1259 1729 1332 aliatum
1755 1288 1989 1354 gemmarum.
2046 1280 2187 1357 Scimus

146 1371 244 1442 nidis
262 1396 300 1441 ex
318 1372 424 1442 vitice
438 1371 583 1442 collecta
599 1370 770 1443 efficiunt.

247 1488 477 1561 Ciconiarum
512 1490 588 1559 ovis
618 1488 836 1574 insidiantur
857 1484 1142 1580 vespertiliones:

142 1588 212 1667 hos
228 1605 268 1663 ut
283 1594 439 1683 abigant,
467 1592 601 1686 platani
616 1591 701 1663 lolia
720 1591 757 1661 io
776 1592 880 1663 nidos
895 1591 1026 1676 lerunt,
1053 1611 1143 1684 quae

142 1695 461 1788 vespertilionibus
480 1708 662 1787 stuporem
686 1694 834 1765 iaciunt.
893 1690 946 1765 Ne
972 1687 1039 1763 hoc
1061 1689 1142 1784 qui-

144 1802 229 1871 dem
244 1798 500 1890 significatione
524 1811 635 1868 caret:
659 1797 780 1867 fideles
803 1795 957 1867 ministri
977 1793 1140 1884 benigni·

144 1896 217 1975 tate
247 1902 476 1973 dominorum
504 1915 627 1971 contra
659 1899 946 1994 vespertiliones,
982 1899 1077 1968 fures
1107 1909 1142 1967 et

147 2004 418 2077 calumniatores
435 2003 576 2094 tegendi
594 2016 688 2078 scrut.
737 2001 927 2094 Serpentes
943 2024 1047 2071 usum
1065 2000 1141 2069 soe·

144 2105 270 2199 niculi,
293 2100 506 2178 hirundines
521 2102 717 2176 chelidonii
731 2117 986 2184 monstrarunt,
1003 2116 1140 2173 utram-

143 2233 215 2305 que
228 2208 393 2280 videlicet
410 2203 558 2279 herbam
572 2208 686 2279 oculis
700 2207 848 2282 mederi.
883 2204 1041 2276 Mustela
1058 2228 1138 2274 mu-

142 2313 200 2383 nit
215 2304 255 2381 se¹
266 2324 345 2382 ruta
360 2323 483 2381 contra
497 2310 565 2379 alia
582 2334 729 2381 venena.
780 2307 927 2381 Ciconia
943 2321 1043 2380 curat
1058 2306 1138 2379 vul·

142 2438 229 2484 nera
246 2413 404 2504 origano.
456 2410 657 2481 Dictamum
675 2406 820 2482 herbam
839 2406 1064 2483 extrahendis
1082 2433 1138 2479 sa·

143 2516 242 2609 gittis
271 2514 366 2583 cervi
395 2526 655 2604 monstravere,
698 2513 761 2608 qui
784 2527 887 2605 pastu
909 2513 984 2586 eius
1009 2508 1139 2583 herbae

142 2618 214 2690 tela
230 2615 360 2708 quibus
382 2614 443 2685 icti
460 2629 543 2685 sunt
558 2615 717 2688 eiiciunt.
768 2612 907 2688 Corvus
923 2616 1038 2688 occiso
1054 2610 1138 2705 chaf

144 2718 340 2803 melcoute,
367 2717 534 2806 abstergit
551 2717 668 2800 vims,
692 2722 867 2789 mandens
879 2719 971 2790 lauri
990 2719 1086 2792 folia.

246 2833 347 2927 Ipsae
365 2834 472 2906 etiam
489 2834 582 2907 inter
602 2860 677 2906 sese
696 2836 936 2907 animantium
958 2835 1136 2907 amicitiae

141 2951 177 3009 et
191 2935 418 3023 inimicitiae,
445 2936 681 3008 admiratione
698 2939 827 3029 dignae
841 2952 938 3013 sunt.
972 2936 1019 3012 Ut
1033 2936 1136 3032 aqui-

139 3038 196 3111 lae
210 3040 371 3111 nathum
386 3038 575 3110 dissidium
598 3053 650 3111 est
672 3064 752 3110 cum
777 3041 916 3135 cygnis,
938 3063 1003 3110 nec
1026 3040 1137 3110 laces-

141 3141 189 3214 sit
204 3156 322 3214 tamen
338 3163 473 3237 cygnus
489 3141 664 3235 aquilam,
685 3143 745 3211 sed
766 3164 868 3233 saepe
893 3141 1002 3211 vincit
1025 3143 1136 3211 laces-

140 3245 246 3315 situs:
273 3245 321 3314 ita
338 3268 441 3337 saepe
455 3266 551 3332 reges
568 3243 703 3313 inimici
727 3257 811 3314 sunt
834 3242 939 3314 bonis
961 3242 1137 3314 senatori-

139 3347 222 3421 bus.
242 3390 245 3395 -
271 3342 466 3441 Dionysius
475 3343 606 3432 Dioni,
631 3359 667 3417 et
681 3344 791 3415 vincit
809 3342 905 3416 Dion
923 3344 1053 3416 iniuria
1071 3347 1136 3414 ad-

140 3448 265 3537 iectus.
316 3448 488 3535 Locusta,
515 3471 659 3528 cancer,
686 3470 813 3538 magna
834 3447 977 3519 solertia
999 3447 1135 3541 forcipe

139 3545 333 3645 prehendit
355 3552 448 3623 colla
470 3563 694 3642 serpentum,
719 3550 954 3643 quibuscum
978 3548 1136 3626 dimicat.

138 3650 214 3724 Leo
246 3652 412 3724 iuimicus
442 3666 493 3723 est
525 3655 637 3746 lupis,
671 3675 801 3748 eosque
828 3653 995 3727 dilaniat:
1030 3667 1072 3725 ut
1096 3654 1135 3724 in

140 3780 248 3827 versu
261 3781 406 3852 (guoque
421 3756 569 3828 dicitur:

295 3878 398 3945 Torva
412 3886 514 3944 leacus
530 3884 638 3964 lupum
652 3881 800 3966 sequitur.

139 3989 195 4065 lta
212 3995 313 4064 decet
333 3994 467 4065 iustum
489 4015 607 4082 regem
629 4016 649 4064 e
671 3993 790 4063 medio
811 3991 937 4064 tollere
959 3993 1134 4064 latrones:

137 4116 293 4209 cumve
329 4109 468 4215 tantum
510 4095 622 4165 robur
649 4093 696 4164 sit
726 4095 861 4189 leonis,
903 4110 1022 4167 tamen
1050 4093 1135 4185 galli

138 4213 249 4271 cantu
266 4212 475 4289 expavescat.

244 4316 363 4388 Multa
392 4330 477 4388 sunt
498 4330 532 4388 et
553 4317 591 4385 in
615 4313 772 4408 piscibus
791 4309 998 4385 huiusmodi
1026 4315 1135 4386 mira·

137 4418 231 4491 cula.
295 4416 477 4491 Acerrime
501 4430 663 4514 puguant
690 4417 784 4488 iuter
811 4441 849 4487 se
876 4414 1070 4509 delphinus
1100 4431 1133 4489 et

136 4546 308 4606 mruena,
338 4523 428 4593 alter
449 4522 591 4593 leonina
616 4519 863 4609 magnitudine
885 4521 995 4590 animi
1020 4535 1054 4593 et
1073 4545 1134 4591 ro-

137 4625 229 4696 bore
254 4647 377 4714 regum
403 4623 550 4710 similis,
583 4647 731 4695 murena
757 4623 867 4705 dolis,
902 4637 935 4693 et
956 4624 1052 4716 gyris
1074 4647 1133 4693 so·

138 4721 277 4820 phistae
294 4727 431 4797 similis.
483 4726 647 4799 Grandes
664 4725 812 4795 balenae
836 4727 1035 4795 musculum
1059 4725 1134 4794 exi-

137 4851 249 4920 guum
273 4829 405 4921 piscem
427 4843 565 4915 amant,
591 4829 653 4924 qui
670 4841 788 4899 tantae
803 4827 927 4898 beluae
943 4829 1077 4900 erranti
1094 4827 1130 4895 in

137 4932 265 5024 pelago
282 4935 410 5004 ductor
424 4945 489 5006 est.

243 5050 403 5122 Plurima
415 5064 501 5122 sunt
515 5051 553 5121 in
570 5049 717 5141 gemmis
731 5064 764 5122 et
779 5050 931 5121 metallis
948 5049 1132 5121 miracula.

136 5150 358 5229 flecmatites
388 5155 594 5244 sanguinem
624 5151 736 5238 sistit,
768 5156 973 5244 smaragdos
997 5151 1132 5222 mederi

1193 1362 1362 1452 quosdam
1392 1360 1577 1453 apoplexia
1605 1362 1675 1433 iam
1700 1370 1911 1460 morituros,
1942 1397 2118 1471 servatos,
2151 1403 2186 1461 et
2251 1418 2256 1425 ·

1192 1464 1294 1554 quasi
1310 1487 1350 1532 ex
1366 1463 1440 1533 orci
1456 1464 1616 1535 faucibus
1632 1469 1797 1540 reductos
1815 1498 1904 1563 esse,
1929 1506 2010 1553 cum
2028 1487 2185 1578 optimus

1190 1561 1379 1659 Princeps,
1410 1561 1492 1635 Dux
1512 1565 1707 1655 Saxouiae,
1743 1570 1912 1661 loannes,
1943 1584 2184 1663 admoverim

1191 1690 1294 1737 nares
1328 1682 1362 1739 et
1388 1669 1533 1738 accendi
1561 1671 1745 1743 succinum
1776 1677 1951 1767 iussisset,
1985 1690 2087 1779 pellit
2108 1694 2184 1763 foe.

1190 1782 1265 1889 tum
1288 1771 1551 1891 intdilficultate
1575 1787 1718 1864 partus,
1744 1780 1845 1871 pellit
1864 1786 2038 1862 calculum
2058 1792 2182 1866 inviis

1190 1897 1315 1944 arcanae
1332 1887 1536 1965 impactum.

1291 2024 1407 2098 Pauca
1422 2025 1664 2098 recensuimus
1680 2034 1839 2126 exempla
1859 2039 2098 2134 συμπαθείας
2119 2045 2184 2123 καὶ

1188 2123 1436 2209 ἀντιπαθείας
1455 2130 1494 2198 in
1510 2123 1574 2198 hac
1588 2130 1758 2203 inferiore
1776 2152 1920 2228 natura,
1947 2170 2015 2240 qua
2041 2149 2079 2220 in
2096 2176 2182 2223 nar·
2207 2140 2210 2154 ¹

1188 2232 1326 2301 ratione
1350 2255 1490 2322 semper
1514 2255 1631 2317 mens,
1672 2231 1853 2311 architecti
1885 2247 2092 2337 sapientiam
2124 2255 2182 2325 in·

1187 2347 1346 2419 tueatur,
1372 2334 1434 2429 qui
1453 2359 1495 2405 eo
1509 2335 1659 2407 consilio
1679 2350 1713 2407 et
1727 2342 1861 2429 species
1879 2365 1990 2421 certas
2008 2355 2181 2444 condidit,

1188 2449 1223 2507 ει
1244 2459 1382 2526 semper
1404 2451 1608 2518 conservat,
1634 2453 1668 2512 et
1689 2443 1762 2511 suis
1786 2468 1943 2543 qrrasque
1966 2452 2102 2527 viribus
2122 2458 2181 2529 in·

1187 2539 1334 2625 struxit,
1358 2552 1394 2610 et
1407 2563 1509 2610 usum
1527 2543 1756 2630 monstravit,
1784 2560 1824 2616 ut
1839 2549 1913 2641 ipsa
1930 2567 2005 2624 arte
2027 2561 2180 2631 convin-

1187 2664 1328 2722 camur,
1352 2654 1392 2712 ut
1407 2656 1623 2728 statuamus,
1644 2638 1735 2716 hanc
1752 2650 1882 2719 molem
1897 2678 2121 2753 nequaquam
2138 2689 2180 2733 ex

1187 2737 1275 2814 chao
1290 2743 1436 2815 effusam
1454 2767 1547 2827 esse,
1570 2760 1605 2817 et
1619 2758 1750 2819 temere
1764 2752 1985 2833 confluxisse.
2018 2758 2180 2859 Cumque

1187 2843 1259 2915 sint
1288 2847 1325 2914 in
1356 2839 1422 2916 hac
1451 2847 1622 2918 interiore
1654 2866 1781 2924 natura
1807 2858 1992 2931 manifesta
2021 2869 2180 2959 exempla

1186 2947 1399 3018 concordiae
1415 2962 1450 3020 et
1464 2950 1665 3022 discordiae
1675 2976 1814 3040 rerum,
1837 2962 2113 3049 consideremus,
2136 2970 2182 3042 sit

1186 3071 1232 3118 ne
1260 3051 1423 3140 cognatio
1457 3065 1492 3123 et
1523 3047 1723 3146 sympathia
1755 3056 1964 3134 inferiorum
1992 3092 2183 3161 corporum

1186 3172 1267 3219 cum
1288 3153 1417 3238 stellis,
1450 3177 1520 3245 qua
1551 3153 1590 3221 in
1619 3179 1658 3226 re
1686 3156 1791 3230 etiam
1817 3167 1991 3252 quaedam
2021 3175 2181 3264 exempla

1187 3253 1372 3324 manifesta
1388 3267 1483 3328 sunt.
1536 3251 1756 3349 Temporum
1780 3264 1867 3332 anni
1892 3265 2003 3352 vices,
2035 3287 2182 3347 aestates

1186 3370 1220 3428 et
1239 3348 1381 3450 hyemes
1394 3354 1490 3426 Solis
1506 3380 1645 3430 accessu
1660 3374 1697 3430 et
1718 3362 1873 3434 discessu
1897 3369 1986 3446 lieri.
2037 3370 2180 3446 Lunam

1185 3470 1397 3529 crescentem
1414 3482 1542 3549 augere
1559 3473 1593 3530 et
1610 3463 1702 3557 ciere
1716 3455 1892 3553 humores,
1919 3472 2180 3550 decrescentem

1186 3560 1408 3648 diminuere,
1433 3585 1657 3658 nequaquam
1676 3565 1827 3638 dubium
1844 3582 1908 3644 est.
1951 3571 2180 3653 Diffemntet

1186 3657 1372 3732 hominum
1397 3687 1547 3755 corpora
1572 3665 1668 3738 iuxta
1693 3691 1800 3739 zonas
1830 3683 1864 3741 ει
1894 3680 2072 3766 regiones:
2105 3683 2181 3754 eius

1185 3765 1401 3836 discriminis
1431 3770 1572 3863 causam
1602 3770 1647 3839 ad
1680 3769 1799 3841 stellas
1835 3775 2057 3851 referendam
2096 3808 2180 3872 esse,

1185 3869 1291 3940 etiam
1316 3866 1550 3964 Hippocrates
1570 3873 1690 3942 sensit·
1741 3871 1932 3950 Manifesta
1956 3908 2099 3978 quoque
2119 3911 2180 3958 ex.

1184 3970 1358 4064 parientia
1381 3986 1452 4057 est,
1483 3973 1621 4060 maguis
1642 3974 1955 4053 coniunctionibus
1976 3986 2178 4062 sicciorum.

1184 4072 1412 4147 Planetarum
1430 4077 1467 4146 in
1489 4074 1600 4165 signis
1619 4077 1743 4148 calidis
1765 4103 1912 4170 magnos
1935 4102 2051 4160 aestus
2075 4090 2178 4174 effici,

1185 4189 1221 4247 et
1238 4199 1445 4281 congressus
1471 4174 1703 4281 humidorum
1723 4181 1763 4249 in
1788 4184 1898 4273 signis
1920 4181 2079 4259 humidis
2099 4193 2177 4262 esli-

1184 4303 1262 4350 cere
1276 4293 1498 4371 tempestates
1515 4276 1757 4361 humidiora,
1783 4300 1822 4357 ut
1840 4285 1992 4377 insignia
2017 4294 2176 4385 exempla

1183 4381 1341 4453 vidimus
1365 4406 1461 4453 anuo
1487 4383 1697 4471 millesimo,
1737 4388 2040 4478 quingentesimo,
2079 4395 2177 4465 vice·

1183 4484 1274 4565 simo
1294 4498 1441 4578 quarto,
1477 4509 1558 4555 cum
1590 4509 1717 4581 magna
1752 4493 1957 4563 coniunctio
1982 4495 2106 4567 suisset
2134 4497 2175 4568 in

1184 4584 1362 4657 Piscibus:
1407 4599 1569 4657 aestuum
1602 4612 1686 4660 vero
1715 4591 1947 4668 annotato,
2010 4596 2175 4693 Denique
2299 4586 2302 4591 ¹

1181 4691 1376 4759 ostendunt
1392 4683 1634 4781 συμπάθειαν
1647 4691 1737 4762 coeli
1754 4717 1834 4764 cum
1849 4695 2016 4768 inferiore
2034 4714 2173 4795 natura,

1183 4805 1217 4861 et
1239 4791 1372 4861 multae
1393 4792 1485 4862 aliae
1505 4793 1726 4880 effectiones,
1757 4818 1909 4887 quarum
1932 4800 2174 4874 recitationem

1183 4907 1328 4986 propter
1345 4894 1544 4985 angustiam
1561 4898 1730 4989 temporis
1744 4897 1884 4974 omitto.

1284 5046 1502 5144 Quanquam
1529 5060 1649 5118 autem
1679 5046 1874 5140 plurimum
1902 5052 2071 5126 conducit
2091 5053 2175 5125 uni-

1184 5174 1319 5221 versam
1343 5165 1507 5220 naturam
1531 5149 1707 5242 aspicere,
1739 5162 1774 5219 et
1802 5149 1921 5223 videre
1949 5154 2112 5225 ordinem
2141 5167 2176 5227 ct

137 5255 380 5330 comitialibus
400 5256 622 5350 paroxysmis
645 5279 714 5329 usu
741 5268 961 5346 compertum
989 5268 1058 5327 est:
1099 5267 1134 5324 ct
1184 5251 1447 5345 copulationem
1465 5251 1700 5342 plurimarum
1715 5252 1887 5344 partium,
1912 5269 1953 5325 ut
1976 5269 2011 5327 et
2032 5257 2077 5327 dc
2095 5256 2176 5351 opi·

136 5357 274 5450 barigi,
300 5382 380 5429 cum
398 5358 515 5428 morbi
528 5357 775 5448 magnitudine
790 5372 1021 5450 superantur,
1044 5358 1132 5426 adeo
1184 5356 1247 5426 lice
1275 5355 1519 5446 agnoscendo,
1557 5366 1592 5425 et
1624 5356 1669 5423 de
1695 5354 1958 5427 consociatione
1989 5357 2084 5428 inter
2112 5380 2178 5429 nos

136 5462 246 5538 etiam
262 5460 451 5555 puritatem
474 5485 533 5531 eos
548 5483 667 5530 amare
684 5461 803 5544 aiunt,
829 5461 923 5532 utin
941 5458 1133 5532 concubitu
1185 5459 1336 5544 tuenda,
1372 5457 1558 5549 nosipsos
1582 5456 1957 5530 commonefaciamus:
1997 5473 2115 5532 tamen
2142 5473 2178 5533 et

188 5568 368 5636 Mrtasrn.
385 5567 491 5635 Ocra.
505 5565 590 5634 Vct..
605 5563 668 5634 XI.
1688 5556 1742 5635 ⁶9
