<?xml version="1.0" encoding="UTF-8"?>
<!DOCTYPE html PUBLIC "-//W3C//DTD XHTML 1.0 Transitional//EN"
    "http://www.w3.org/TR/xhtml1/DTD/xhtml1-transitional.dtd">
<html xmlns="http://www.w3.org/1999/xhtml" xml:lang="en" lang="en">
 <head>
  <title>
</title>
<meta http-equiv="Content-Type" content="text/html;charset=utf-8" />
  <meta name='ocr-system' content='tesseract 3.04.00' />
  <meta name='ocr-capabilities' content='ocr_page ocr_carea ocr_par ocr_line ocrx_word'/>
</head>
<body>
  <div class='ocr_page' id='page_1' title='image "./philippimelanth00bretgoog_0247.png"; bbox 0 0 4664 6022; ppageno 0'>
   <div class='ocr_carea' id='block_1_1' title="bbox 136 265 2186 380">
    <p class='ocr_par' dir='ltr' id='par_1_1' title="bbox 136 265 2186 380">
     <span class='ocr_line' id='line_1_1' title="bbox 136 265 2186 380; baseline -0.013 -16"><span class='ocrx_word' id='word_1_1' title='bbox 136 296 215 380; x_wconf 81' lang='lat' dir='ltr'>stt</span> <span class='ocrx_word' id='word_1_2' title='bbox 365 314 373 323; x_wconf 49' lang='lat'>¹</span> <span class='ocrx_word' id='word_1_3' title='bbox 678 268 843 353; x_wconf 62' lang='lat' dir='ltr'>nltcts</span> <span class='ocrx_word' id='word_1_4' title='bbox 892 269 968 350; x_wconf 76' lang='lat' dir='ltr'>DE</span> <span class='ocrx_word' id='word_1_5' title='bbox 999 270 1271 351; x_wconf 73' lang='lat' dir='ltr'>sttttattto</span> <span class='ocrx_word' id='word_1_6' title='bbox 1304 265 1643 353; x_wconf 76' lang='lat' dir='ltr'>trousrtttto</span> <span class='ocrx_word' id='word_1_7' title='bbox 2054 328 2059 339; x_wconf 93' lang='lat'>.</span> <span class='ocrx_word' id='word_1_8' title='bbox 2109 272 2186 355; x_wconf 75' lang='lat' dir='ltr'>sss</span> 
     </span>
    </p>
   </div>
   <div class='ocr_carea' id='block_1_2' title="bbox 135 443 2224 4835">
    <p class='ocr_par' dir='ltr' id='par_1_2' title="bbox 135 443 2224 4835">
     <span class='ocr_line' id='line_1_2' title="bbox 135 443 2187 573; baseline -0.013 -29"><span class='ocrx_word' id='word_1_9' title='bbox 135 494 209 573; x_wconf 88' lang='lat' dir='ltr'>qne</span> <span class='ocrx_word' id='word_1_10' title='bbox 225 466 275 540; x_wconf 92' lang='lat' dir='ltr'>sic</span> <span class='ocrx_word' id='word_1_11' title='bbox 295 464 443 538; x_wconf 84' lang='lat' dir='ltr'>slieetus</span> <span class='ocrx_word' id='word_1_12' title='bbox 462 469 535 540; x_wconf 88' lang='lat' dir='ltr'>est,</span> <span class='ocrx_word' id='word_1_13' title='bbox 560 475 641 526; x_wconf 88' lang='lat' dir='ltr'>eum</span> <span class='ocrx_word' id='word_1_14' title='bbox 661 450 761 522; x_wconf 83' lang='lat' dir='ltr'>nulls</span> <span class='ocrx_word' id='word_1_15' title='bbox 777 450 1008 544; x_wconf 84' lang='lat' dir='ltr'>quantumvis</span> <span class='ocrx_word' id='word_1_16' title='bbox 1031 474 1134 521; x_wconf 88' lang='lat' dir='ltr'>saeva</span> <span class='ocrx_word' id='word_1_17' title='bbox 1184 473 1264 520; x_wconf 91' lang='lat' dir='ltr'>mae</span> <span class='ocrx_word' id='word_1_18' title='bbox 1290 448 1413 519; x_wconf 90' lang='lat' dir='ltr'>uxoris</span> <span class='ocrx_word' id='word_1_19' title='bbox 1440 447 1608 536; x_wconf 87' lang='lat' dir='ltr'>interitu,</span> <span class='ocrx_word' id='word_1_20' title='bbox 1639 444 1817 543; x_wconf 82' lang='lat' dir='ltr'>quidquid</span> <span class='ocrx_word' id='word_1_21' title='bbox 1847 443 2044 522; x_wconf 72' lang='lat' dir='ltr'>cruciabile</span> <span class='ocrx_word' id='word_1_22' title='bbox 2064 446 2126 520; x_wconf 88' lang='lat' dir='ltr'>vel</span> <span class='ocrx_word' id='word_1_23' title='bbox 2147 450 2187 520; x_wconf 92' lang='lat' dir='ltr'>in</span> 
     </span>
     <span class='ocr_line' id='line_1_3' title="bbox 138 550 2186 664; baseline -0.02 -16"><span class='ocrx_word' id='word_1_24' title='bbox 138 584 329 664; x_wconf 86' lang='lat' dir='ltr'>tempestas</span> <span class='ocrx_word' id='word_1_25' title='bbox 344 560 533 637; x_wconf 82' lang='lat' dir='ltr'>concutiet.</span> <span class='ocrx_word' id='word_1_26' title='bbox 559 554 666 640; x_wconf 83' lang='lat' dir='ltr'>Etsi,</span> <span class='ocrx_word' id='word_1_27' title='bbox 691 566 731 624; x_wconf 94' lang='lat' dir='ltr'>ut</span> <span class='ocrx_word' id='word_1_28' title='bbox 747 552 809 623; x_wconf 91' lang='lat' dir='ltr'>ille</span> <span class='ocrx_word' id='word_1_29' title='bbox 822 552 883 638; x_wconf 86' lang='lat' dir='ltr'>ait,</span> <span class='ocrx_word' id='word_1_30' title='bbox 903 553 1036 626; x_wconf 80' lang='lat' dir='ltr'>fractus</span> <span class='ocrx_word' id='word_1_31' title='bbox 1053 555 1135 624; x_wconf 90' lang='lat' dir='ltr'>illa-</span> <span class='ocrx_word' id='word_1_32' title='bbox 1185 551 1444 644; x_wconf 87' lang='lat' dir='ltr'>aegrotatione,</span> <span class='ocrx_word' id='word_1_33' title='bbox 1468 551 1526 621; x_wconf 91' lang='lat' dir='ltr'>vel</span> <span class='ocrx_word' id='word_1_34' title='bbox 1542 551 1581 621; x_wconf 90' lang='lat' dir='ltr'>in</span> <span class='ocrx_word' id='word_1_35' title='bbox 1595 564 1710 622; x_wconf 91' lang='lat' dir='ltr'>morte</span> <span class='ocrx_word' id='word_1_36' title='bbox 1730 552 1865 638; x_wconf 82' lang='lat' dir='ltr'>inerat,</span> <span class='ocrx_word' id='word_1_37' title='bbox 1888 550 2065 648; x_wconf 82' lang='lat' dir='ltr'>quiequid</span> <span class='ocrx_word' id='word_1_38' title='bbox 2081 576 2186 624; x_wconf 67' lang='lat' dir='ltr'>eum</span> 
     </span>
     <span class='ocr_line' id='line_1_4' title="bbox 139 653 2184 753; baseline -0.015 -3"><span class='ocrx_word' id='word_1_39' title='bbox 139 678 249 751; x_wconf 88' lang='lat' dir='ltr'>hatur</span> <span class='ocrx_word' id='word_1_40' title='bbox 264 669 381 753; x_wconf 84' lang='lat' dir='ltr'>orbis,</span> <span class='ocrx_word' id='word_1_41' title='bbox 404 665 533 736; x_wconf 79' lang='lat' dir='ltr'>ferient</span> <span class='ocrx_word' id='word_1_42' title='bbox 549 656 769 751; x_wconf 83' lang='lat' dir='ltr'>impavidum</span> <span class='ocrx_word' id='word_1_43' title='bbox 786 654 924 726; x_wconf 87' lang='lat' dir='ltr'>ruinae.</span> <span class='ocrx_word' id='word_1_44' title='bbox 1186 669 1248 726; x_wconf 91' lang='lat' dir='ltr'>ant</span> <span class='ocrx_word' id='word_1_45' title='bbox 1271 653 1444 723; x_wconf 88' lang='lat' dir='ltr'>moeroris</span> <span class='ocrx_word' id='word_1_46' title='bbox 1467 653 1522 722; x_wconf 89' lang='lat' dir='ltr'>illi</span> <span class='ocrx_word' id='word_1_47' title='bbox 1544 654 1699 724; x_wconf 82' lang='lat' dir='ltr'>filiorum</span> <span class='ocrx_word' id='word_1_48' title='bbox 1721 655 1857 725; x_wconf 84' lang='lat' dir='ltr'>orbitas</span> <span class='ocrx_word' id='word_1_49' title='bbox 1880 655 2010 725; x_wconf 85' lang='lat' dir='ltr'>allerre</span> <span class='ocrx_word' id='word_1_50' title='bbox 2036 666 2184 748; x_wconf 86' lang='lat' dir='ltr'>poterat,</span> 
     </span>
     <span class='ocr_line' id='line_1_5' title="bbox 245 756 2184 853; baseline -0.009 -12"><span class='ocrx_word' id='word_1_51' title='bbox 245 769 426 846; x_wconf 70' lang='lat' dir='ltr'>Praestitit</span> <span class='ocrx_word' id='word_1_52' title='bbox 447 787 530 835; x_wconf 91' lang='lat' dir='ltr'>vero</span> <span class='ocrx_word' id='word_1_53' title='bbox 559 784 639 850; x_wconf 91' lang='lat' dir='ltr'>erga</span> <span class='ocrx_word' id='word_1_54' title='bbox 663 780 895 853; x_wconf 88' lang='lat' dir='ltr'>quoscunque</span> <span class='ocrx_word' id='word_1_55' title='bbox 927 758 1042 850; x_wconf 91' lang='lat' dir='ltr'>potuit</span> <span class='ocrx_word' id='word_1_56' title='bbox 1071 757 1136 828; x_wconf 89' lang='lat' dir='ltr'>be·</span> <span class='ocrx_word' id='word_1_57' title='bbox 1186 758 1223 828; x_wconf 90' lang='lat' dir='ltr'>id</span> <span class='ocrx_word' id='word_1_58' title='bbox 1239 758 1445 828; x_wconf 87' lang='lat' dir='ltr'>universum</span> <span class='ocrx_word' id='word_1_59' title='bbox 1463 756 1649 826; x_wconf 78' lang='lat' dir='ltr'>tolerabile</span> <span class='ocrx_word' id='word_1_60' title='bbox 1671 756 1739 826; x_wconf 86' lang='lat' dir='ltr'>sibi</span> <span class='ocrx_word' id='word_1_61' title='bbox 1761 756 1984 839; x_wconf 78' lang='lat' dir='ltr'>reddiderat,</span> <span class='ocrx_word' id='word_1_62' title='bbox 2008 756 2184 852; x_wconf 85' lang='lat' dir='ltr'>planeque</span> 
     </span>
     <span class='ocr_line' id='line_1_6' title="bbox 142 858 2181 973; baseline -0.01 -22"><span class='ocrx_word' id='word_1_63' title='bbox 142 879 351 973; x_wconf 89' lang='lat' dir='ltr'>nignitatem</span> <span class='ocrx_word' id='word_1_64' title='bbox 385 866 532 941; x_wconf 89' lang='lat' dir='ltr'>homine</span> <span class='ocrx_word' id='word_1_65' title='bbox 559 859 766 935; x_wconf 85' lang='lat' dir='ltr'>Christiano</span> <span class='ocrx_word' id='word_1_66' title='bbox 797 859 961 950; x_wconf 87' lang='lat' dir='ltr'>diguam,</span> <span class='ocrx_word' id='word_1_67' title='bbox 997 884 1134 932; x_wconf 88' lang='lat' dir='ltr'>summa</span> <span class='ocrx_word' id='word_1_68' title='bbox 1187 872 1431 952; x_wconf 88' lang='lat' dir='ltr'>superaverat,</span> <span class='ocrx_word' id='word_1_69' title='bbox 1459 858 1543 953; x_wconf 90' lang='lat' dir='ltr'>quia</span> <span class='ocrx_word' id='word_1_70' title='bbox 1564 880 1602 930; x_wconf 91' lang='lat' dir='ltr'>se</span> <span class='ocrx_word' id='word_1_71' title='bbox 1623 873 1737 931; x_wconf 90' lang='lat' dir='ltr'>totum</span> <span class='ocrx_word' id='word_1_72' title='bbox 1752 858 1949 932; x_wconf 88' lang='lat' dir='ltr'>tradiderat</span> <span class='ocrx_word' id='word_1_73' title='bbox 1960 858 2110 931; x_wconf 85' lang='lat' dir='ltr'>divinae</span> <span class='ocrx_word' id='word_1_74' title='bbox 2122 884 2181 932; x_wconf 87' lang='lat' dir='ltr'>vo·</span> 
     </span>
     <span class='ocr_line' id='line_1_7' title="bbox 141 959 2219 1068; baseline -0.026 -13"><span class='ocrx_word' id='word_1_75' title='bbox 141 983 324 1054; x_wconf 88' lang='lat' dir='ltr'>voluntate</span> <span class='ocrx_word' id='word_1_76' title='bbox 339 972 470 1068; x_wconf 84' lang='lat' dir='ltr'>quibus</span> <span class='ocrx_word' id='word_1_77' title='bbox 487 965 615 1061; x_wconf 91' lang='lat' dir='ltr'>potuit,</span> <span class='ocrx_word' id='word_1_78' title='bbox 639 976 675 1033; x_wconf 86' lang='lat' dir='ltr'>et</span> <span class='ocrx_word' id='word_1_79' title='bbox 689 985 737 1047; x_wconf 89' lang='lat' dir='ltr'>re,</span> <span class='ocrx_word' id='word_1_80' title='bbox 764 974 800 1032; x_wconf 91' lang='lat' dir='ltr'>et</span> <span class='ocrx_word' id='word_1_81' title='bbox 815 961 980 1052; x_wconf 87' lang='lat' dir='ltr'>consilio,</span> <span class='ocrx_word' id='word_1_82' title='bbox 1006 976 1040 1032; x_wconf 92' lang='lat' dir='ltr'>et</span> <span class='ocrx_word' id='word_1_83' title='bbox 1055 963 1136 1033; x_wconf 83' lang='lat' dir='ltr'>osh—</span> <span class='ocrx_word' id='word_1_84' title='bbox 1188 959 1331 1033; x_wconf 90' lang='lat' dir='ltr'>luntati.</span> <span class='ocrx_word' id='word_1_85' title='bbox 2022 1016 2026 1021; x_wconf 45' lang='grc'><strong>,</strong></span> <span class='ocrx_word' id='word_1_86' title='bbox 2217 1020 2219 1031; x_wconf 37' lang='grc' dir='ltr'>Ι</span> 
     </span>
     <span class='ocr_line' id='line_1_8' title="bbox 142 1059 2178 1159; baseline -0.019 0"><span class='ocrx_word' id='word_1_87' title='bbox 142 1084 199 1159; x_wconf 88' lang='lat' dir='ltr'>cio</span> <span class='ocrx_word' id='word_1_88' title='bbox 228 1074 435 1158; x_wconf 79' lang='lat' dir='ltr'>inservivit,</span> <span class='ocrx_word' id='word_1_89' title='bbox 476 1091 620 1141; x_wconf 89' lang='lat' dir='ltr'>omnem</span> <span class='ocrx_word' id='word_1_90' title='bbox 649 1064 718 1135; x_wconf 91' lang='lat' dir='ltr'>sibi</span> <span class='ocrx_word' id='word_1_91' title='bbox 740 1063 835 1132; x_wconf 90' lang='lat' dir='ltr'>diem</span> <span class='ocrx_word' id='word_1_92' title='bbox 861 1065 1005 1154; x_wconf 88' lang='lat' dir='ltr'>periisse</span> <span class='ocrx_word' id='word_1_93' title='bbox 1026 1079 1136 1144; x_wconf 89' lang='lat' dir='ltr'>ratus,</span> <span class='ocrx_word' id='word_1_94' title='bbox 1289 1062 1420 1134; x_wconf 85' lang='lat' dir='ltr'>Laetus</span> <span class='ocrx_word' id='word_1_95' title='bbox 1433 1060 1544 1150; x_wconf 87' lang='lat' dir='ltr'>igitur</span> <span class='ocrx_word' id='word_1_96' title='bbox 1558 1082 1599 1130; x_wconf 89' lang='lat' dir='ltr'>ac</span> <span class='ocrx_word' id='word_1_97' title='bbox 1613 1061 1712 1133; x_wconf 90' lang='lat' dir='ltr'>velut</span> <span class='ocrx_word' id='word_1_98' title='bbox 1726 1059 1953 1156; x_wconf 83' lang='lat' dir='ltr'>triumphans</span> <span class='ocrx_word' id='word_1_99' title='bbox 1973 1087 2017 1136; x_wconf 74' lang='lat' dir='ltr'>er</span> <span class='ocrx_word' id='word_1_100' title='bbox 2034 1059 2178 1138; x_wconf 65' lang='lat' dir='ltr'>haeris,</span> 
     </span>
     <span class='ocr_line' id='line_1_9' title="bbox 142 1163 2177 1285; baseline -0.012 -26"><span class='ocrx_word' id='word_1_101' title='bbox 142 1209 215 1285; x_wconf 85' lang='lat' dir='ltr'>quo</span> <span class='ocrx_word' id='word_1_102' title='bbox 229 1205 304 1254; x_wconf 92' lang='lat' dir='ltr'>non</span> <span class='ocrx_word' id='word_1_103' title='bbox 318 1174 489 1249; x_wconf 86' lang='lat' dir='ltr'>beneficio</span> <span class='ocrx_word' id='word_1_104' title='bbox 501 1169 669 1265; x_wconf 91' lang='lat' dir='ltr'>quopiam</span> <span class='ocrx_word' id='word_1_105' title='bbox 686 1164 840 1259; x_wconf 81' lang='lat' dir='ltr'>aliquem</span> <span class='ocrx_word' id='word_1_106' title='bbox 856 1166 924 1236; x_wconf 90' lang='lat' dir='ltr'>sibi</span> <span class='ocrx_word' id='word_1_107' title='bbox 940 1166 1136 1237; x_wconf 87' lang='lat' dir='ltr'>demeruis-</span> <span class='ocrx_word' id='word_1_108' title='bbox 1189 1165 1395 1256; x_wconf 86' lang='lat' dir='ltr'>emigravit,</span> <span class='ocrx_word' id='word_1_109' title='bbox 1416 1163 1489 1233; x_wconf 88' lang='lat' dir='ltr'>imo</span> <span class='ocrx_word' id='word_1_110' title='bbox 1509 1186 1598 1233; x_wconf 38' lang='lat' dir='ltr'>*vero</span> <span class='ocrx_word' id='word_1_111' title='bbox 1614 1187 1657 1234; x_wconf 87' lang='lat' dir='ltr'>ex</span> <span class='ocrx_word' id='word_1_112' title='bbox 1678 1165 1836 1236; x_wconf 90' lang='lat' dir='ltr'>tenebris</span> <span class='ocrx_word' id='word_1_113' title='bbox 1857 1181 1893 1238; x_wconf 89' lang='lat' dir='ltr'>et</span> <span class='ocrx_word' id='word_1_114' title='bbox 1914 1178 2052 1255; x_wconf 88' lang='lat' dir='ltr'>morte,</span> <span class='ocrx_word' id='word_1_115' title='bbox 2077 1166 2177 1239; x_wconf 91' lang='lat' dir='ltr'>inlu-</span> 
     </span>
     <span class='ocr_line' id='line_1_10' title="bbox 139 1266 2176 1374; baseline -0.016 -13"><span class='ocrx_word' id='word_1_116' title='bbox 139 1301 205 1360; x_wconf 88' lang='lat' dir='ltr'>set.</span> <span class='ocrx_word' id='word_1_117' title='bbox 257 1280 421 1374; x_wconf 88' lang='lat' dir='ltr'>Denique</span> <span class='ocrx_word' id='word_1_118' title='bbox 436 1276 475 1346; x_wconf 90' lang='lat' dir='ltr'>iu</span> <span class='ocrx_word' id='word_1_119' title='bbox 491 1296 532 1344; x_wconf 90' lang='lat' dir='ltr'>eo</span> <span class='ocrx_word' id='word_1_120' title='bbox 547 1272 624 1364; x_wconf 92' lang='lat' dir='ltr'>ipso</span> <span class='ocrx_word' id='word_1_121' title='bbox 640 1267 890 1340; x_wconf 87' lang='lat' dir='ltr'>beneficentiae</span> <span class='ocrx_word' id='word_1_122' title='bbox 906 1293 1012 1340; x_wconf 89' lang='lat' dir='ltr'>cursu</span> <span class='ocrx_word' id='word_1_123' title='bbox 1027 1270 1136 1339; x_wconf 86' lang='lat' dir='ltr'>vitam</span> <span class='ocrx_word' id='word_1_124' title='bbox 1188 1293 1284 1354; x_wconf 87' lang='lat' dir='ltr'>cem,</span> <span class='ocrx_word' id='word_1_125' title='bbox 1317 1289 1507 1359; x_wconf 88' lang='lat' dir='ltr'>veramque</span> <span class='ocrx_word' id='word_1_126' title='bbox 1529 1289 1570 1336; x_wconf 88' lang='lat' dir='ltr'>ac</span> <span class='ocrx_word' id='word_1_127' title='bbox 1593 1266 1772 1337; x_wconf 80' lang='lat' dir='ltr'>aeternam</span> <span class='ocrx_word' id='word_1_128' title='bbox 1792 1267 1902 1339; x_wconf 87' lang='lat' dir='ltr'>vitam</span> <span class='ocrx_word' id='word_1_129' title='bbox 1928 1269 2176 1360; x_wconf 67' lang='lat' dir='ltr'>commigravit,</span> 
     </span>
     <span class='ocr_line' id='line_1_11' title="bbox 141 1366 2176 1482; baseline -0.028 -20"><span class='ocrx_word' id='word_1_130' title='bbox 141 1385 298 1482; x_wconf 91' lang='lat' dir='ltr'>reliquit.</span> <span class='ocrx_word' id='word_1_131' title='bbox 349 1379 441 1452; x_wconf 84' lang='lat' dir='ltr'>Nam</span> <span class='ocrx_word' id='word_1_132' title='bbox 461 1378 547 1448; x_wconf 90' lang='lat' dir='ltr'>dum</span> <span class='ocrx_word' id='word_1_133' title='bbox 570 1395 630 1443; x_wconf 89' lang='lat' dir='ltr'>eos</span> <span class='ocrx_word' id='word_1_134' title='bbox 648 1371 711 1467; x_wconf 89' lang='lat' dir='ltr'>qni</span> <span class='ocrx_word' id='word_1_135' title='bbox 732 1370 889 1463; x_wconf 83' lang='lat' dir='ltr'>pestiferi</span> <span class='ocrx_word' id='word_1_136' title='bbox 911 1372 1028 1442; x_wconf 87' lang='lat' dir='ltr'>morbi</span> <span class='ocrx_word' id='word_1_137' title='bbox 1050 1395 1137 1441; x_wconf 88' lang='lat' dir='ltr'>con·</span> <span class='ocrx_word' id='word_1_138' title='bbox 1188 1370 1309 1465; x_wconf 82' lang='lat' dir='ltr'>Atque</span> <span class='ocrx_word' id='word_1_139' title='bbox 1340 1368 1446 1439; x_wconf 81' lang='lat' dir='ltr'>talem</span> <span class='ocrx_word' id='word_1_140' title='bbox 1482 1366 1627 1461; x_wconf 68' lang='lat' dir='ltr'>quidem</span> <span class='ocrx_word' id='word_1_141' title='bbox 1659 1370 1753 1440; x_wconf 62' lang='lat'>,5122</span> <span class='ocrx_word' id='word_1_142' title='bbox 1793 1370 1928 1442; x_wconf 57' lang='lat' dir='ltr'>,xpum</span> <span class='ocrx_word' id='word_1_143' title='bbox 1961 1371 2033 1443; x_wconf 53' lang='grc' dir='ltr'>ΜΗ</span> <span class='ocrx_word' id='word_1_144' title='bbox 2065 1372 2176 1455; x_wconf 51' lang='grc' dir='ltr'>,Μ’</span> 
     </span>
     <span class='ocr_line' id='line_1_12' title="bbox 141 1469 2176 1584; baseline -0.014 -20"><span class='ocrx_word' id='word_1_145' title='bbox 141 1490 235 1584; x_wconf 87' lang='lat' dir='ltr'>tegio</span> <span class='ocrx_word' id='word_1_146' title='bbox 257 1482 376 1557; x_wconf 85' lang='lat' dir='ltr'>inlesti</span> <span class='ocrx_word' id='word_1_147' title='bbox 399 1492 516 1559; x_wconf 83' lang='lat' dir='ltr'>eram,</span> <span class='ocrx_word' id='word_1_148' title='bbox 543 1476 581 1545; x_wconf 91' lang='lat' dir='ltr'>in</span> <span class='ocrx_word' id='word_1_149' title='bbox 597 1476 743 1545; x_wconf 91' lang='lat' dir='ltr'>domum</span> <span class='ocrx_word' id='word_1_150' title='bbox 758 1496 857 1542; x_wconf 89' lang='lat' dir='ltr'>suam</span> <span class='ocrx_word' id='word_1_151' title='bbox 877 1474 1030 1566; x_wconf 87' lang='lat' dir='ltr'>benigue</span> <span class='ocrx_word' id='word_1_152' title='bbox 1045 1473 1137 1544; x_wconf 90' lang='lat' dir='ltr'>acci·</span> <span class='ocrx_word' id='word_1_153' title='bbox 1189 1469 1403 1564; x_wconf 74' lang='lat' dir='ltr'>Christoque</span> <span class='ocrx_word' id='word_1_154' title='bbox 1421 1493 1485 1562; x_wconf 87' lang='lat' dir='ltr'>per</span> <span class='ocrx_word' id='word_1_155' title='bbox 1504 1470 1609 1539; x_wconf 87' lang='lat' dir='ltr'>fidem</span> <span class='ocrx_word' id='word_1_156' title='bbox 1630 1470 1725 1542; x_wconf 87' lang='lat' dir='ltr'>uniti</span> <span class='ocrx_word' id='word_1_157' title='bbox 1742 1471 1961 1562; x_wconf 88' lang='lat' dir='ltr'>sortiuntur,</span> <span class='ocrx_word' id='word_1_158' title='bbox 1984 1485 2027 1546; x_wconf 93' lang='lat' dir='ltr'>ut</span> <span class='ocrx_word' id='word_1_159' title='bbox 2043 1475 2089 1547; x_wconf 86' lang='lat' dir='ltr'>de</span> <span class='ocrx_word' id='word_1_160' title='bbox 2104 1473 2176 1546; x_wconf 81' lang='lat' dir='ltr'>dive</span> 
     </span>
     <span class='ocr_line' id='line_1_13' title="bbox 141 1566 1919 1688; baseline -0.014 -23"><span class='ocrx_word' id='word_1_161' title='bbox 141 1593 214 1688; x_wconf 93' lang='lat' dir='ltr'>pit,</span> <span class='ocrx_word' id='word_1_162' title='bbox 247 1591 334 1661; x_wconf 92' lang='lat' dir='ltr'>dum</span> <span class='ocrx_word' id='word_1_163' title='bbox 358 1583 465 1655; x_wconf 89' lang='lat' dir='ltr'>etiam</span> <span class='ocrx_word' id='word_1_164' title='bbox 494 1600 656 1650; x_wconf 87' lang='lat' dir='ltr'>amensa</span> <span class='ocrx_word' id='word_1_165' title='bbox 685 1598 761 1645; x_wconf 88' lang='lat' dir='ltr'>non</span> <span class='ocrx_word' id='word_1_166' title='bbox 790 1589 903 1660; x_wconf 88' lang='lat' dir='ltr'>arcet,</span> <span class='ocrx_word' id='word_1_167' title='bbox 934 1580 1021 1647; x_wconf 91' lang='lat' dir='ltr'>dum</span> <span class='ocrx_word' id='word_1_168' title='bbox 1044 1575 1138 1647; x_wconf 90' lang='lat' dir='ltr'>vitae</span> <span class='ocrx_word' id='word_1_169' title='bbox 1190 1570 1373 1668; x_wconf 87' lang='lat' dir='ltr'>Stephano</span> <span class='ocrx_word' id='word_1_170' title='bbox 1390 1573 1568 1664; x_wconf 89' lang='lat' dir='ltr'>praeclare</span> <span class='ocrx_word' id='word_1_171' title='bbox 1583 1572 1800 1648; x_wconf 89' lang='lat' dir='ltr'>dictumest:</span> <span class='ocrx_word' id='word_1_172' title='bbox 1916 1566 1919 1575; x_wconf 80' lang='lat'>&#39;</span> 
     </span>
     <span class='ocr_line' id='line_1_14' title="bbox 142 1676 2208 1770; baseline -0.032 -3"><span class='ocrx_word' id='word_1_173' title='bbox 142 1716 267 1766; x_wconf 90' lang='lat' dir='ltr'>eorum</span> <span class='ocrx_word' id='word_1_174' title='bbox 295 1713 335 1760; x_wconf 89' lang='lat' dir='ltr'>ac</span> <span class='ocrx_word' id='word_1_175' title='bbox 355 1683 461 1756; x_wconf 89' lang='lat' dir='ltr'>saluti</span> <span class='ocrx_word' id='word_1_176' title='bbox 488 1679 690 1753; x_wconf 70' lang='lat' dir='ltr'>contuitum</span> <span class='ocrx_word' id='word_1_177' title='bbox 712 1676 829 1770; x_wconf 88' lang='lat' dir='ltr'>cupit,</span> <span class='ocrx_word' id='word_1_178' title='bbox 867 1679 953 1748; x_wconf 91' lang='lat' dir='ltr'>dum</span> <span class='ocrx_word' id='word_1_179' title='bbox 980 1676 1137 1750; x_wconf 88' lang='lat' dir='ltr'>morien.</span> <span class='ocrx_word' id='word_1_180' title='bbox 1317 1677 1726 1766; x_wconf 52' lang='lat' dir='ltr'>lwonmmimimm</span> <span class='ocrx_word' id='word_1_181' title='bbox 1741 1682 2063 1747; x_wconf 52' lang='lat' dir='ltr'>mmmm</span> <span class='ocrx_word' id='word_1_182' title='bbox 2203 1736 2208 1749; x_wconf 30' lang='grc' dir='ltr'>ι</span> 
     </span>
     <span class='ocr_line' id='line_1_15' title="bbox 141 1777 2179 1876; baseline -0.009 -10"><span class='ocrx_word' id='word_1_183' title='bbox 141 1797 239 1873; x_wconf 87' lang='lat' dir='ltr'>tibus</span> <span class='ocrx_word' id='word_1_184' title='bbox 262 1794 381 1876; x_wconf 86' lang='lat' dir='ltr'>adest,</span> <span class='ocrx_word' id='word_1_185' title='bbox 415 1788 501 1857; x_wconf 91' lang='lat' dir='ltr'>dum</span> <span class='ocrx_word' id='word_1_186' title='bbox 524 1781 737 1854; x_wconf 80' lang='lat' dir='ltr'>famularum</span> <span class='ocrx_word' id='word_1_187' title='bbox 760 1780 887 1873; x_wconf 74' lang='lat' dir='ltr'>eodem</span> <span class='ocrx_word' id='word_1_188' title='bbox 909 1781 1036 1851; x_wconf 91' lang='lat' dir='ltr'>morbo</span> <span class='ocrx_word' id='word_1_189' title='bbox 1058 1802 1138 1849; x_wconf 90' lang='lat' dir='ltr'>cor·</span> <span class='ocrx_word' id='word_1_190' title='bbox 1189 1778 1240 1850; x_wconf 87' lang='lat' dir='ltr'>lli</span> <span class='ocrx_word' id='word_1_191' title='bbox 1262 1777 1359 1849; x_wconf 90' lang='lat' dir='ltr'>enim</span> <span class='ocrx_word' id='word_1_192' title='bbox 1376 1777 1444 1848; x_wconf 93' lang='lat' dir='ltr'>soli</span> <span class='ocrx_word' id='word_1_193' title='bbox 1469 1790 1637 1864; x_wconf 90' lang='lat' dir='ltr'>mortem,</span> <span class='ocrx_word' id='word_1_194' title='bbox 1660 1781 1706 1850; x_wconf 88' lang='lat' dir='ltr'>ad</span> <span class='ocrx_word' id='word_1_195' title='bbox 1725 1780 1826 1851; x_wconf 91' lang='lat' dir='ltr'>cuius</span> <span class='ocrx_word' id='word_1_196' title='bbox 1843 1781 1969 1851; x_wconf 87' lang='lat' dir='ltr'>saltem</span> <span class='ocrx_word' id='word_1_197' title='bbox 1984 1781 2179 1852; x_wconf 86' lang='lat' dir='ltr'>nomenvel</span> 
     </span>
     <span class='ocr_line' id='line_1_16' title="bbox 142 1879 2179 1991; baseline -0.012 -20"><span class='ocrx_word' id='word_1_198' title='bbox 142 1909 323 1991; x_wconf 88' lang='lat' dir='ltr'>reptarum</span> <span class='ocrx_word' id='word_1_199' title='bbox 347 1908 554 1979; x_wconf 85' lang='lat' dir='ltr'>congressus</span> <span class='ocrx_word' id='word_1_200' title='bbox 576 1906 691 1977; x_wconf 88' lang='lat' dir='ltr'>neque</span> <span class='ocrx_word' id='word_1_201' title='bbox 713 1883 789 1974; x_wconf 90' lang='lat' dir='ltr'>ipse</span> <span class='ocrx_word' id='word_1_202' title='bbox 810 1905 876 1951; x_wconf 89' lang='lat' dir='ltr'>nee</span> <span class='ocrx_word' id='word_1_203' title='bbox 900 1905 991 1951; x_wconf 83' lang='lat' dir='ltr'>uror</span> <span class='ocrx_word' id='word_1_204' title='bbox 1012 1882 1138 1966; x_wconf 87' lang='lat' dir='ltr'>vitant,</span> <span class='ocrx_word' id='word_1_205' title='bbox 1190 1881 1409 1953; x_wconf 87' lang='lat' dir='ltr'>mentionem</span> <span class='ocrx_word' id='word_1_206' title='bbox 1433 1892 1530 1950; x_wconf 89' lang='lat' dir='ltr'>totus</span> <span class='ocrx_word' id='word_1_207' title='bbox 1555 1879 1653 1951; x_wconf 88' lang='lat' dir='ltr'>orbis</span> <span class='ocrx_word' id='word_1_208' title='bbox 1674 1883 1934 1969; x_wconf 77' lang='lat' dir='ltr'>contremiscit,</span> <span class='ocrx_word' id='word_1_209' title='bbox 1961 1888 2179 1955; x_wconf 75' lang='lat' dir='ltr'>contemnere</span> 
     </span>
     <span class='ocr_line' id='line_1_17' title="bbox 143 1978 2179 2086; baseline -0.01 -13"><span class='ocrx_word' id='word_1_210' title='bbox 143 2023 201 2074; x_wconf 87' lang='lat' dir='ltr'>eas</span> <span class='ocrx_word' id='word_1_211' title='bbox 229 1995 383 2086; x_wconf 86' lang='lat' dir='ltr'>benigne</span> <span class='ocrx_word' id='word_1_212' title='bbox 416 1991 538 2061; x_wconf 84' lang='lat' dir='ltr'>iovent</span> <span class='ocrx_word' id='word_1_213' title='bbox 564 1997 781 2078; x_wconf 82' lang='lat' dir='ltr'>curentque,</span> <span class='ocrx_word' id='word_1_214' title='bbox 820 1978 1037 2056; x_wconf 89' lang='lat' dir='ltr'>contrahunt</span> <span class='ocrx_word' id='word_1_215' title='bbox 1069 1983 1138 2054; x_wconf 93' lang='lat' dir='ltr'>sibi</span> <span class='ocrx_word' id='word_1_216' title='bbox 1190 1983 1403 2055; x_wconf 83' lang='lat' dir='ltr'>didicerunt.</span> <span class='ocrx_word' id='word_1_217' title='bbox 1455 1979 1507 2052; x_wconf 88' lang='lat' dir='ltr'>Hi</span> <span class='ocrx_word' id='word_1_218' title='bbox 1525 1983 1661 2069; x_wconf 91' lang='lat' dir='ltr'>dolori,</span> <span class='ocrx_word' id='word_1_219' title='bbox 1688 1984 1922 2075; x_wconf 75' lang='lat' dir='ltr'>aegritudini,</span> <span class='ocrx_word' id='word_1_220' title='bbox 1949 1985 2179 2072; x_wconf 88' lang='lat' dir='ltr'>moerori,in</span> 
     </span>
     <span class='ocr_line' id='line_1_18' title="bbox 143 2084 2179 2186; baseline -0.014 -11"><span class='ocrx_word' id='word_1_221' title='bbox 143 2101 293 2175; x_wconf 89' lang='lat' dir='ltr'>candem</span> <span class='ocrx_word' id='word_1_222' title='bbox 310 2098 424 2179; x_wconf 90' lang='lat' dir='ltr'>luem,</span> <span class='ocrx_word' id='word_1_223' title='bbox 450 2114 519 2186; x_wconf 91' lang='lat' dir='ltr'>qua</span> <span class='ocrx_word' id='word_1_224' title='bbox 534 2101 569 2159; x_wconf 94' lang='lat' dir='ltr'>et</span> <span class='ocrx_word' id='word_1_225' title='bbox 583 2087 675 2156; x_wconf 88' lang='lat' dir='ltr'>intra</span> <span class='ocrx_word' id='word_1_226' title='bbox 691 2108 822 2177; x_wconf 88' lang='lat' dir='ltr'>pancos</span> <span class='ocrx_word' id='word_1_227' title='bbox 839 2085 914 2156; x_wconf 90' lang='lat' dir='ltr'>dies</span> <span class='ocrx_word' id='word_1_228' title='bbox 929 2087 1036 2156; x_wconf 83' lang='lat' dir='ltr'>ambo</span> <span class='ocrx_word' id='word_1_229' title='bbox 1052 2110 1139 2156; x_wconf 88' lang='lat' dir='ltr'>con·</span> <span class='ocrx_word' id='word_1_230' title='bbox 1193 2086 1339 2157; x_wconf 90' lang='lat' dir='ltr'>summis</span> <span class='ocrx_word' id='word_1_231' title='bbox 1380 2098 1417 2156; x_wconf 92' lang='lat' dir='ltr'>et</span> <span class='ocrx_word' id='word_1_232' title='bbox 1451 2084 1687 2157; x_wconf 69' lang='lat' dir='ltr'>acerbissimis</span> <span class='ocrx_word' id='word_1_233' title='bbox 1724 2087 1993 2159; x_wconf 87' lang='lat' dir='ltr'>adflictionibus</span> <span class='ocrx_word' id='word_1_234' title='bbox 2033 2088 2179 2159; x_wconf 70' lang='lat' dir='ltr'>meatim</span> 
     </span>
     <span class='ocr_line' id='line_1_19' title="bbox 143 2183 2179 2294; baseline -0.01 -18"><span class='ocrx_word' id='word_1_235' title='bbox 143 2200 274 2294; x_wconf 90' lang='lat' dir='ltr'>sumpti</span> <span class='ocrx_word' id='word_1_236' title='bbox 299 2209 393 2268; x_wconf 87' lang='lat' dir='ltr'>sunt.</span> <span class='ocrx_word' id='word_1_237' title='bbox 446 2190 589 2283; x_wconf 88' lang='lat' dir='ltr'>Quibus</span> <span class='ocrx_word' id='word_1_238' title='bbox 603 2186 692 2282; x_wconf 90' lang='lat' dir='ltr'>quid</span> <span class='ocrx_word' id='word_1_239' title='bbox 706 2186 806 2259; x_wconf 89' lang='lat' dir='ltr'>aliud</span> <span class='ocrx_word' id='word_1_240' title='bbox 827 2187 935 2258; x_wconf 86' lang='lat' dir='ltr'>vitam</span> <span class='ocrx_word' id='word_1_241' title='bbox 952 2188 1139 2260; x_wconf 80' lang='lat' dir='ltr'>abstulisse</span> <span class='ocrx_word' id='word_1_242' title='bbox 1190 2208 1347 2279; x_wconf 88' lang='lat' dir='ltr'>unguem</span> <span class='ocrx_word' id='word_1_243' title='bbox 1370 2188 1556 2261; x_wconf 88' lang='lat' dir='ltr'>ostendere</span> <span class='ocrx_word' id='word_1_244' title='bbox 1578 2201 1725 2260; x_wconf 90' lang='lat' dir='ltr'>norunt.</span> <span class='ocrx_word' id='word_1_245' title='bbox 1782 2187 1844 2261; x_wconf 91' lang='lat' dir='ltr'>Sic</span> <span class='ocrx_word' id='word_1_246' title='bbox 1867 2183 2038 2262; x_wconf 89' lang='lat' dir='ltr'>Christus</span> <span class='ocrx_word' id='word_1_247' title='bbox 2061 2190 2101 2261; x_wconf 89' lang='lat' dir='ltr'>in</span> <span class='ocrx_word' id='word_1_248' title='bbox 2118 2190 2179 2261; x_wconf 89' lang='lat' dir='ltr'>suis</span> 
     </span>
     <span class='ocr_line' id='line_1_20' title="bbox 143 2287 2179 2392; baseline -0.008 -15"><span class='ocrx_word' id='word_1_249' title='bbox 143 2306 320 2386; x_wconf 87' lang='lat' dir='ltr'>dicamus,</span> <span class='ocrx_word' id='word_1_250' title='bbox 345 2317 451 2392; x_wconf 88' lang='lat' dir='ltr'>quam</span> <span class='ocrx_word' id='word_1_251' title='bbox 467 2294 626 2385; x_wconf 87' lang='lat' dir='ltr'>ipsorum</span> <span class='ocrx_word' id='word_1_252' title='bbox 643 2289 748 2359; x_wconf 87' lang='lat' dir='ltr'>fidem</span> <span class='ocrx_word' id='word_1_253' title='bbox 760 2302 795 2360; x_wconf 90' lang='lat' dir='ltr'>et</span> <span class='ocrx_word' id='word_1_254' title='bbox 806 2289 1088 2380; x_wconf 82' lang='lat' dir='ltr'>benignitatem?</span> <span class='ocrx_word' id='word_1_255' title='bbox 1191 2315 1271 2361; x_wconf 91' lang='lat' dir='ltr'>cum</span> <span class='ocrx_word' id='word_1_256' title='bbox 1293 2290 1445 2360; x_wconf 90' lang='lat' dir='ltr'>maxime</span> <span class='ocrx_word' id='word_1_257' title='bbox 1467 2287 1628 2359; x_wconf 88' lang='lat' dir='ltr'>infirmus</span> <span class='ocrx_word' id='word_1_258' title='bbox 1650 2289 1811 2376; x_wconf 91' lang='lat' dir='ltr'>videtur,</span> <span class='ocrx_word' id='word_1_259' title='bbox 1835 2291 2056 2364; x_wconf 82' lang='lat' dir='ltr'>fortissimus</span> <span class='ocrx_word' id='word_1_260' title='bbox 2080 2293 2179 2365; x_wconf 82' lang='lat' dir='ltr'>victor</span> 
     </span>
     <span class='ocr_line' id='line_1_21' title="bbox 230 2385 2177 2492; baseline -0.008 -18"><span class='ocrx_word' id='word_1_261' title='bbox 230 2401 345 2474; x_wconf 88' lang='lat' dir='ltr'>Porro</span> <span class='ocrx_word' id='word_1_262' title='bbox 358 2398 524 2492; x_wconf 88' lang='lat' dir='ltr'>pietatem</span> <span class='ocrx_word' id='word_1_263' title='bbox 540 2416 641 2465; x_wconf 88' lang='lat' dir='ltr'>suam</span> <span class='ocrx_word' id='word_1_264' title='bbox 655 2413 735 2482; x_wconf 84' lang='lat' dir='ltr'>erga</span> <span class='ocrx_word' id='word_1_265' title='bbox 750 2385 946 2476; x_wconf 84' lang='lat' dir='ltr'>Christum,</span> <span class='ocrx_word' id='word_1_266' title='bbox 972 2407 1006 2465; x_wconf 90' lang='lat' dir='ltr'>et</span> <span class='ocrx_word' id='word_1_267' title='bbox 1021 2394 1139 2474; x_wconf 83' lang='lat' dir='ltr'>fidem,</span> <span class='ocrx_word' id='word_1_268' title='bbox 1191 2391 1320 2467; x_wconf 86' lang='lat' dir='ltr'>existit.</span> <span class='ocrx_word' id='word_1_269' title='bbox 1371 2389 1432 2464; x_wconf 81' lang='lat' dir='ltr'>sie</span> <span class='ocrx_word' id='word_1_270' title='bbox 1457 2391 1518 2461; x_wconf 91' lang='lat' dir='ltr'>ille</span> <span class='ocrx_word' id='word_1_271' title='bbox 1541 2390 1649 2461; x_wconf 91' lang='lat' dir='ltr'>semel</span> <span class='ocrx_word' id='word_1_272' title='bbox 1679 2406 1813 2479; x_wconf 90' lang='lat' dir='ltr'>morte,</span> <span class='ocrx_word' id='word_1_273' title='bbox 1842 2408 2009 2486; x_wconf 89' lang='lat' dir='ltr'>peccato,</span> <span class='ocrx_word' id='word_1_274' title='bbox 2044 2408 2081 2468; x_wconf 87' lang='lat' dir='ltr'>et</span> <span class='ocrx_word' id='word_1_275' title='bbox 2099 2394 2177 2465; x_wconf 81' lang='lat' dir='ltr'>inie-</span> 
     </span>
     <span class='ocr_line' id='line_1_22' title="bbox 141 2489 2180 2589; baseline -0.01 -8"><span class='ocrx_word' id='word_1_276' title='bbox 141 2505 277 2583; x_wconf 81' lang='lat' dir='ltr'>Doctor</span> <span class='ocrx_word' id='word_1_277' title='bbox 294 2500 469 2576; x_wconf 87' lang='lat' dir='ltr'>Sebaldus</span> <span class='ocrx_word' id='word_1_278' title='bbox 493 2496 550 2567; x_wconf 88' lang='lat' dir='ltr'>vel</span> <span class='ocrx_word' id='word_1_279' title='bbox 573 2493 760 2588; x_wconf 83' lang='lat' dir='ltr'>praecipue</span> <span class='ocrx_word' id='word_1_280' title='bbox 777 2493 988 2580; x_wconf 83' lang='lat' dir='ltr'>declaravit,</span> <span class='ocrx_word' id='word_1_281' title='bbox 1013 2495 1054 2564; x_wconf 87' lang='lat' dir='ltr'>in</span> <span class='ocrx_word' id='word_1_282' title='bbox 1072 2489 1140 2564; x_wconf 90' lang='lat' dir='ltr'>hoe</span> <span class='ocrx_word' id='word_1_283' title='bbox 1191 2518 1314 2566; x_wconf 90' lang='lat' dir='ltr'>rorum</span> <span class='ocrx_word' id='word_1_284' title='bbox 1355 2492 1468 2586; x_wconf 90' lang='lat' dir='ltr'>portis</span> <span class='ocrx_word' id='word_1_285' title='bbox 1507 2493 1733 2584; x_wconf 85' lang='lat' dir='ltr'>expugnatis,</span> <span class='ocrx_word' id='word_1_286' title='bbox 1784 2495 2088 2586; x_wconf 84' lang='lat' dir='ltr'>gloriosissimum</span> <span class='ocrx_word' id='word_1_287' title='bbox 2120 2495 2180 2589; x_wconf 82' lang='lat' dir='ltr'>egit</span> 
     </span>
     <span class='ocr_line' id='line_1_23' title="bbox 142 2590 2180 2691; baseline -0.012 -9"><span class='ocrx_word' id='word_1_288' title='bbox 142 2624 298 2683; x_wconf 87' lang='lat' dir='ltr'>extremo</span> <span class='ocrx_word' id='word_1_289' title='bbox 319 2625 440 2675; x_wconf 89' lang='lat' dir='ltr'>rerum</span> <span class='ocrx_word' id='word_1_290' title='bbox 465 2620 608 2670; x_wconf 87' lang='lat' dir='ltr'>suarum</span> <span class='ocrx_word' id='word_1_291' title='bbox 627 2608 729 2679; x_wconf 88' lang='lat' dir='ltr'>actu,</span> <span class='ocrx_word' id='word_1_292' title='bbox 753 2594 816 2689; x_wconf 90' lang='lat' dir='ltr'>qui</span> <span class='ocrx_word' id='word_1_293' title='bbox 830 2595 946 2689; x_wconf 89' lang='lat' dir='ltr'>qualis</span> <span class='ocrx_word' id='word_1_294' title='bbox 967 2596 1140 2690; x_wconf 89' lang='lat' dir='ltr'>cuiusque</span> <span class='ocrx_word' id='word_1_295' title='bbox 1191 2591 1434 2689; x_wconf 86' lang='lat' dir='ltr'>triumphum:</span> <span class='ocrx_word' id='word_1_296' title='bbox 1467 2595 1518 2665; x_wconf 89' lang='lat' dir='ltr'>sic</span> <span class='ocrx_word' id='word_1_297' title='bbox 1541 2590 1659 2668; x_wconf 89' lang='lat' dir='ltr'>adhuc</span> <span class='ocrx_word' id='word_1_298' title='bbox 1681 2596 1842 2690; x_wconf 90' lang='lat' dir='ltr'>quotidie</span> <span class='ocrx_word' id='word_1_299' title='bbox 1867 2622 1931 2691; x_wconf 91' lang='lat' dir='ltr'>per</span> <span class='ocrx_word' id='word_1_300' title='bbox 1952 2613 2180 2673; x_wconf 63' lang='lat' dir='ltr'>ranetam</span> 
     </span>
     <span class='ocr_line' id='line_1_24' title="bbox 140 2692 1402 2790; baseline -0.012 -7"><span class='ocrx_word' id='word_1_301' title='bbox 140 2721 301 2783; x_wconf 86' lang='lat' dir='ltr'>anteacta</span> <span class='ocrx_word' id='word_1_302' title='bbox 327 2704 400 2776; x_wconf 90' lang='lat' dir='ltr'>vita</span> <span class='ocrx_word' id='word_1_303' title='bbox 428 2701 554 2786; x_wconf 82' lang='lat' dir='ltr'>luerit,</span> <span class='ocrx_word' id='word_1_304' title='bbox 593 2698 792 2790; x_wconf 85' lang='lat' dir='ltr'>plerunque</span> <span class='ocrx_word' id='word_1_305' title='bbox 824 2699 914 2768; x_wconf 90' lang='lat' dir='ltr'>solet</span> <span class='ocrx_word' id='word_1_306' title='bbox 940 2701 1139 2772; x_wconf 86' lang='lat' dir='ltr'>ostendere.</span> <span class='ocrx_word' id='word_1_307' title='bbox 1192 2692 1402 2789; x_wconf 87' lang='lat' dir='ltr'>triumphat.</span> 
     </span>
     <span class='ocr_line' id='line_1_25' title="bbox 141 2795 2213 2890; baseline -0.005 -5"><span class='ocrx_word' id='word_1_308' title='bbox 141 2811 224 2885; x_wconf 87' lang='lat' dir='ltr'>Non</span> <span class='ocrx_word' id='word_1_309' title='bbox 246 2808 344 2881; x_wconf 85' lang='lat' dir='ltr'>enim</span> <span class='ocrx_word' id='word_1_310' title='bbox 364 2805 467 2877; x_wconf 90' lang='lat' dir='ltr'>illum</span> <span class='ocrx_word' id='word_1_311' title='bbox 490 2800 650 2889; x_wconf 88' lang='lat' dir='ltr'>coniugis</span> <span class='ocrx_word' id='word_1_312' title='bbox 665 2799 820 2890; x_wconf 90' lang='lat' dir='ltr'>optimae</span> <span class='ocrx_word' id='word_1_313' title='bbox 844 2813 877 2871; x_wconf 92' lang='lat' dir='ltr'>et</span> <span class='ocrx_word' id='word_1_314' title='bbox 892 2798 1141 2871; x_wconf 79' lang='lat' dir='ltr'>dilectissimae</span> <span class='ocrx_word' id='word_1_315' title='bbox 1294 2798 1365 2873; x_wconf 90' lang='lat' dir='ltr'>Sed</span> <span class='ocrx_word' id='word_1_316' title='bbox 1383 2801 1490 2871; x_wconf 89' lang='lat' dir='ltr'>redeo</span> <span class='ocrx_word' id='word_1_317' title='bbox 1506 2800 1551 2869; x_wconf 90' lang='lat' dir='ltr'>ad</span> <span class='ocrx_word' id='word_1_318' title='bbox 1567 2795 1758 2871; x_wconf 86' lang='lat' dir='ltr'>Doctorem</span> <span class='ocrx_word' id='word_1_319' title='bbox 1776 2799 1988 2889; x_wconf 85' lang='lat' dir='ltr'>Sebaldum,</span> <span class='ocrx_word' id='word_1_320' title='bbox 2016 2802 2121 2875; x_wconf 88' lang='lat' dir='ltr'>cuins</span> <span class='ocrx_word' id='word_1_321' title='bbox 2134 2802 2182 2875; x_wconf 86' lang='lat' dir='ltr'>in·</span> <span class='ocrx_word' id='word_1_322' title='bbox 2210 2876 2213 2881; x_wconf 80' lang='grc'>,</span> 
     </span>
     <span class='ocr_line' id='line_1_26' title="bbox 143 2895 2182 3003; baseline -0.008 -17"><span class='ocrx_word' id='word_1_323' title='bbox 143 2912 326 2992; x_wconf 86' lang='lat' dir='ltr'>interitus,</span> <span class='ocrx_word' id='word_1_324' title='bbox 360 2929 450 3003; x_wconf 86' lang='lat' dir='ltr'>quae</span> <span class='ocrx_word' id='word_1_325' title='bbox 472 2903 593 2997; x_wconf 90' lang='lat' dir='ltr'>paucis</span> <span class='ocrx_word' id='word_1_326' title='bbox 616 2915 698 2972; x_wconf 90' lang='lat' dir='ltr'>ante</span> <span class='ocrx_word' id='word_1_327' title='bbox 716 2899 832 2993; x_wconf 90' lang='lat' dir='ltr'>ipsum</span> <span class='ocrx_word' id='word_1_328' title='bbox 853 2895 952 2972; x_wconf 91' lang='lat' dir='ltr'>horis</span> <span class='ocrx_word' id='word_1_329' title='bbox 967 2902 1058 2973; x_wconf 88' lang='lat' dir='ltr'>elata</span> <span class='ocrx_word' id='word_1_330' title='bbox 1075 2914 1140 2987; x_wconf 76' lang='lat' dir='ltr'>est,</span> <span class='ocrx_word' id='word_1_331' title='bbox 1193 2900 1335 2988; x_wconf 91' lang='lat' dir='ltr'>teritus,</span> <span class='ocrx_word' id='word_1_332' title='bbox 1375 2903 1431 2973; x_wconf 86' lang='lat' dir='ltr'>vel</span> <span class='ocrx_word' id='word_1_333' title='bbox 1455 2902 1572 2994; x_wconf 90' lang='lat' dir='ltr'>potius</span> <span class='ocrx_word' id='word_1_334' title='bbox 1601 2902 1770 2973; x_wconf 86' lang='lat' dir='ltr'>transitus</span> <span class='ocrx_word' id='word_1_335' title='bbox 1793 2902 1832 2973; x_wconf 91' lang='lat' dir='ltr'>in</span> <span class='ocrx_word' id='word_1_336' title='bbox 1861 2904 2051 2975; x_wconf 90' lang='lat' dir='ltr'>meliorem</span> <span class='ocrx_word' id='word_1_337' title='bbox 2077 2905 2182 2990; x_wconf 80' lang='lat' dir='ltr'>vitam,</span> 
     </span>
     <span class='ocr_line' id='line_1_27' title="bbox 143 3000 2179 3099; baseline -0.009 -10"><span class='ocrx_word' id='word_1_338' title='bbox 143 3040 220 3088; x_wconf 86' lang='lat' dir='ltr'>non</span> <span class='ocrx_word' id='word_1_339' title='bbox 235 3009 404 3084; x_wconf 84' lang='lat' dir='ltr'>violentia</span> <span class='ocrx_word' id='word_1_340' title='bbox 426 3004 545 3078; x_wconf 90' lang='lat' dir='ltr'>morbi</span> <span class='ocrx_word' id='word_1_341' title='bbox 568 3000 862 3093; x_wconf 85' lang='lat' dir='ltr'>ingravescentis,</span> <span class='ocrx_word' id='word_1_342' title='bbox 887 3027 963 3075; x_wconf 90' lang='lat' dir='ltr'>nou</span> <span class='ocrx_word' id='word_1_343' title='bbox 984 3018 1035 3076; x_wconf 92' lang='lat' dir='ltr'>tot</span> <span class='ocrx_word' id='word_1_344' title='bbox 1058 3027 1147 3094; x_wconf 88' lang='lat' dir='ltr'>par--</span> <span class='ocrx_word' id='word_1_345' title='bbox 1192 3004 1304 3097; x_wconf 92' lang='lat' dir='ltr'>ipsius</span> <span class='ocrx_word' id='word_1_346' title='bbox 1328 3004 1473 3099; x_wconf 89' lang='lat' dir='ltr'>quidem</span> <span class='ocrx_word' id='word_1_347' title='bbox 1498 3027 1600 3074; x_wconf 89' lang='lat' dir='ltr'>causa</span> <span class='ocrx_word' id='word_1_348' title='bbox 1623 3005 1730 3075; x_wconf 90' lang='lat' dir='ltr'>nobis</span> <span class='ocrx_word' id='word_1_349' title='bbox 1748 3005 1864 3075; x_wconf 90' lang='lat' dir='ltr'>dolori</span> <span class='ocrx_word' id='word_1_350' title='bbox 1887 3028 2062 3079; x_wconf 89' lang='lat' dir='ltr'>essenon</span> <span class='ocrx_word' id='word_1_351' title='bbox 2083 3006 2179 3079; x_wconf 80' lang='lat' dir='ltr'>debet.</span> 
     </span>
     <span class='ocr_line' id='line_1_28' title="bbox 143 3103 2177 3200; baseline -0.019 -5"><span class='ocrx_word' id='word_1_352' title='bbox 143 3141 271 3195; x_wconf 87' lang='lat' dir='ltr'>vorum</span> <span class='ocrx_word' id='word_1_353' title='bbox 290 3114 489 3185; x_wconf 88' lang='lat' dir='ltr'>liberorum</span> <span class='ocrx_word' id='word_1_354' title='bbox 507 3107 661 3191; x_wconf 85' lang='lat' dir='ltr'>orbitas,</span> <span class='ocrx_word' id='word_1_355' title='bbox 685 3103 862 3190; x_wconf 90' lang='lat' dir='ltr'>solitudo,</span> <span class='ocrx_word' id='word_1_356' title='bbox 888 3121 1039 3197; x_wconf 76' lang='lat' dir='ltr'>egestas,</span> <span class='ocrx_word' id='word_1_357' title='bbox 1066 3129 1141 3175; x_wconf 92' lang='lat' dir='ltr'>non</span> <span class='ocrx_word' id='word_1_358' title='bbox 1193 3103 1286 3180; x_wconf 90' lang='lat' dir='ltr'>Nam</span> <span class='ocrx_word' id='word_1_359' title='bbox 1301 3130 1343 3176; x_wconf 90' lang='lat' dir='ltr'>eo</span> <span class='ocrx_word' id='word_1_360' title='bbox 1358 3107 1501 3200; x_wconf 89' lang='lat' dir='ltr'>quidem</span> <span class='ocrx_word' id='word_1_361' title='bbox 1517 3119 1687 3197; x_wconf 88' lang='lat' dir='ltr'>tempore,</span> <span class='ocrx_word' id='word_1_362' title='bbox 1709 3130 1821 3200; x_wconf 84' lang='lat' dir='ltr'>eoque</span> <span class='ocrx_word' id='word_1_363' title='bbox 1838 3120 1931 3180; x_wconf 72' lang='lat' dir='ltr'>statu</span> <span class='ocrx_word' id='word_1_364' title='bbox 1945 3106 2177 3181; x_wconf 40' lang='lat' dir='ltr'>remmam</span> 
     </span>
     <span class='ocr_line' id='line_1_29' title="bbox 142 3202 2183 3312; baseline -0.009 -16"><span class='ocrx_word' id='word_1_365' title='bbox 142 3221 251 3306; x_wconf 85' lang='lat' dir='ltr'>haec,</span> <span class='ocrx_word' id='word_1_366' title='bbox 276 3217 444 3312; x_wconf 89' lang='lat' dir='ltr'>inquam,</span> <span class='ocrx_word' id='word_1_367' title='bbox 469 3225 541 3283; x_wconf 89' lang='lat' dir='ltr'>tam</span> <span class='ocrx_word' id='word_1_368' title='bbox 558 3207 670 3279; x_wconf 87' lang='lat' dir='ltr'>multa</span> <span class='ocrx_word' id='word_1_369' title='bbox 688 3219 832 3300; x_wconf 88' lang='lat' dir='ltr'>tamque</span> <span class='ocrx_word' id='word_1_370' title='bbox 854 3208 973 3299; x_wconf 87' lang='lat' dir='ltr'>gravia</span> <span class='ocrx_word' id='word_1_371' title='bbox 991 3209 1140 3279; x_wconf 89' lang='lat' dir='ltr'>vulnera</span> <span class='ocrx_word' id='word_1_372' title='bbox 1192 3207 1358 3302; x_wconf 88' lang='lat' dir='ltr'>reliquit,</span> <span class='ocrx_word' id='word_1_373' title='bbox 1389 3233 1460 3302; x_wconf 89' lang='lat' dir='ltr'>quo</span> <span class='ocrx_word' id='word_1_374' title='bbox 1476 3202 1570 3277; x_wconf 88' lang='lat' dir='ltr'>nihil</span> <span class='ocrx_word' id='word_1_375' title='bbox 1588 3209 1781 3278; x_wconf 85' lang='lat' dir='ltr'>admodum</span> <span class='ocrx_word' id='word_1_376' title='bbox 1799 3209 1915 3301; x_wconf 89' lang='lat' dir='ltr'>ipsum</span> <span class='ocrx_word' id='word_1_377' title='bbox 1933 3210 1980 3280; x_wconf 91' lang='lat' dir='ltr'>ad</span> <span class='ocrx_word' id='word_1_378' title='bbox 2000 3210 2183 3283; x_wconf 82' lang='lat' dir='ltr'>vivendum</span> 
     </span>
     <span class='ocr_line' id='line_1_30' title="bbox 142 3306 2184 3409; baseline -0.012 -2"><span class='ocrx_word' id='word_1_379' title='bbox 142 3326 246 3399; x_wconf 70' lang='lat' dir='ltr'>illum</span> <span class='ocrx_word' id='word_1_380' title='bbox 261 3321 307 3392; x_wconf 69' lang='lat' dir='ltr'>ab</span> <span class='ocrx_word' id='word_1_381' title='bbox 330 3342 391 3399; x_wconf 89' lang='lat' dir='ltr'>en,</span> <span class='ocrx_word' id='word_1_382' title='bbox 416 3314 456 3384; x_wconf 73' lang='lat' dir='ltr'>ln</span> <span class='ocrx_word' id='word_1_383' title='bbox 471 3335 542 3409; x_wconf 65' lang='lat'>‘1¹1⁰</span> <span class='ocrx_word' id='word_1_384' title='bbox 560 3308 783 3389; x_wconf 63' lang='lat' dir='ltr'>constiterat,</span> <span class='ocrx_word' id='word_1_385' title='bbox 809 3310 940 3398; x_wconf 60' lang='lat' dir='ltr'>gradu,</span> <span class='ocrx_word' id='word_1_386' title='bbox 965 3306 1142 3382; x_wconf 89' lang='lat' dir='ltr'>Christia-</span> <span class='ocrx_word' id='word_1_387' title='bbox 1192 3310 1309 3404; x_wconf 91' lang='lat' dir='ltr'>potuit</span> <span class='ocrx_word' id='word_1_388' title='bbox 1330 3308 1495 3383; x_wconf 90' lang='lat' dir='ltr'>invitare.</span> <span class='ocrx_word' id='word_1_389' title='bbox 1554 3309 1607 3380; x_wconf 91' lang='lat' dir='ltr'>lta</span> <span class='ocrx_word' id='word_1_390' title='bbox 1630 3333 1715 3378; x_wconf 88' lang='lat' dir='ltr'>vero</span> <span class='ocrx_word' id='word_1_391' title='bbox 1738 3324 1857 3381; x_wconf 88' lang='lat' dir='ltr'>sancte</span> <span class='ocrx_word' id='word_1_392' title='bbox 1879 3311 2011 3405; x_wconf 88' lang='lat' dir='ltr'>pieque</span> <span class='ocrx_word' id='word_1_393' title='bbox 2032 3327 2184 3387; x_wconf 80' lang='lat' dir='ltr'>mortun</span> 
     </span>
     <span class='ocr_line' id='line_1_31' title="bbox 142 3410 2184 3507; baseline -0.01 -7"><span class='ocrx_word' id='word_1_394' title='bbox 142 3450 210 3500; x_wconf 88' lang='lat' dir='ltr'>nae</span> <span class='ocrx_word' id='word_1_395' title='bbox 230 3418 449 3494; x_wconf 86' lang='lat' dir='ltr'>constantiae</span> <span class='ocrx_word' id='word_1_396' title='bbox 473 3429 509 3486; x_wconf 93' lang='lat' dir='ltr'>et</span> <span class='ocrx_word' id='word_1_397' title='bbox 536 3411 726 3507; x_wconf 90' lang='lat' dir='ltr'>patientiae</span> <span class='ocrx_word' id='word_1_398' title='bbox 749 3422 945 3502; x_wconf 91' lang='lat' dir='ltr'>potnerunt</span> <span class='ocrx_word' id='word_1_399' title='bbox 970 3413 1140 3483; x_wconf 89' lang='lat' dir='ltr'>deiicere:</span> <span class='ocrx_word' id='word_1_400' title='bbox 1193 3426 1262 3498; x_wconf 91' lang='lat' dir='ltr'>est,</span> <span class='ocrx_word' id='word_1_401' title='bbox 1286 3425 1420 3483; x_wconf 91' lang='lat' dir='ltr'>uttam</span> <span class='ocrx_word' id='word_1_402' title='bbox 1445 3410 1549 3481; x_wconf 90' lang='lat' dir='ltr'>nobis</span> <span class='ocrx_word' id='word_1_403' title='bbox 1571 3423 1705 3480; x_wconf 88' lang='lat' dir='ltr'>certum</span> <span class='ocrx_word' id='word_1_404' title='bbox 1732 3435 1805 3482; x_wconf 90' lang='lat' dir='ltr'>esse</span> <span class='ocrx_word' id='word_1_405' title='bbox 1829 3412 1955 3484; x_wconf 86' lang='lat' dir='ltr'>debeat</span> <span class='ocrx_word' id='word_1_406' title='bbox 1983 3415 2108 3506; x_wconf 88' lang='lat' dir='ltr'>ipsum</span> <span class='ocrx_word' id='word_1_407' title='bbox 2125 3414 2184 3485; x_wconf 83' lang='lat' dir='ltr'>iau</span> 
     </span>
     <span class='ocr_line' id='line_1_32' title="bbox 143 3508 2223 3612; baseline -0.008 -10"><span class='ocrx_word' id='word_1_408' title='bbox 143 3530 216 3603; x_wconf 87' lang='lat' dir='ltr'>imo</span> <span class='ocrx_word' id='word_1_409' title='bbox 238 3522 432 3596; x_wconf 86' lang='lat' dir='ltr'>insultabat</span> <span class='ocrx_word' id='word_1_410' title='bbox 452 3518 513 3588; x_wconf 88' lang='lat' dir='ltr'>ille</span> <span class='ocrx_word' id='word_1_411' title='bbox 535 3514 674 3599; x_wconf 90' lang='lat' dir='ltr'>dolori,</span> <span class='ocrx_word' id='word_1_412' title='bbox 696 3512 890 3585; x_wconf 86' lang='lat' dir='ltr'>insultabat</span> <span class='ocrx_word' id='word_1_413' title='bbox 910 3515 1057 3599; x_wconf 89' lang='lat' dir='ltr'>morbo,</span> <span class='ocrx_word' id='word_1_414' title='bbox 1083 3515 1143 3583; x_wconf 89' lang='lat' dir='ltr'>in·</span> <span class='ocrx_word' id='word_1_415' title='bbox 1193 3539 1274 3585; x_wconf 89' lang='lat' dir='ltr'>cum</span> <span class='ocrx_word' id='word_1_416' title='bbox 1297 3508 1523 3594; x_wconf 83' lang='lat' dir='ltr'>Abrahamo,</span> <span class='ocrx_word' id='word_1_417' title='bbox 1564 3509 1722 3596; x_wconf 91' lang='lat' dir='ltr'>Davide,</span> <span class='ocrx_word' id='word_1_418' title='bbox 1763 3514 1847 3583; x_wconf 89' lang='lat' dir='ltr'>divo</span> <span class='ocrx_word' id='word_1_419' title='bbox 1873 3512 2010 3603; x_wconf 87' lang='lat' dir='ltr'>Paulo,</span> <span class='ocrx_word' id='word_1_420' title='bbox 2048 3512 2185 3612; x_wconf 78' lang='lat' dir='ltr'>allisque</span> <span class='ocrx_word' id='word_1_421' title='bbox 2220 3596 2223 3601; x_wconf 27' lang='lat'>¹</span> 
     </span>
     <span class='ocr_line' id='line_1_33' title="bbox 143 3609 2184 3715; baseline -0.01 -12"><span class='ocrx_word' id='word_1_422' title='bbox 143 3629 297 3704; x_wconf 87' lang='lat' dir='ltr'>sultabat</span> <span class='ocrx_word' id='word_1_423' title='bbox 313 3623 467 3715; x_wconf 88' lang='lat' dir='ltr'>denique</span> <span class='ocrx_word' id='word_1_424' title='bbox 485 3617 604 3689; x_wconf 82' lang='lat' dir='ltr'>morti.</span> <span class='ocrx_word' id='word_1_425' title='bbox 654 3611 746 3685; x_wconf 91' lang='lat' dir='ltr'>Cum</span> <span class='ocrx_word' id='word_1_426' title='bbox 761 3615 856 3685; x_wconf 90' lang='lat' dir='ltr'>enim</span> <span class='ocrx_word' id='word_1_427' title='bbox 874 3614 1140 3709; x_wconf 88' lang='lat' dir='ltr'>amiciquidam</span> <span class='ocrx_word' id='word_1_428' title='bbox 1192 3615 1339 3700; x_wconf 85' lang='lat' dir='ltr'>sanctis,</span> <span class='ocrx_word' id='word_1_429' title='bbox 1364 3640 1444 3685; x_wconf 90' lang='lat' dir='ltr'>cum</span> <span class='ocrx_word' id='word_1_430' title='bbox 1463 3609 1605 3711; x_wconf 77' lang='lat' dir='ltr'>Christo</span> <span class='ocrx_word' id='word_1_431' title='bbox 1626 3613 1779 3707; x_wconf 89' lang='lat' dir='ltr'>denique</span> <span class='ocrx_word' id='word_1_432' title='bbox 1794 3616 1865 3686; x_wconf 87' lang='lat' dir='ltr'>frui</span> <span class='ocrx_word' id='word_1_433' title='bbox 1889 3630 2036 3688; x_wconf 87' lang='lat' dir='ltr'>aeterna</span> <span class='ocrx_word' id='word_1_434' title='bbox 2055 3620 2184 3714; x_wconf 84' lang='lat' dir='ltr'>sapien-</span> 
     </span>
     <span class='ocr_line' id='line_1_34' title="bbox 144 3715 2186 3810; baseline -0.007 -6"><span class='ocrx_word' id='word_1_435' title='bbox 144 3725 354 3805; x_wconf 89' lang='lat' dir='ltr'>consolaudi</span> <span class='ocrx_word' id='word_1_436' title='bbox 369 3744 471 3793; x_wconf 85' lang='lat' dir='ltr'>causa</span> <span class='ocrx_word' id='word_1_437' title='bbox 487 3720 605 3810; x_wconf 91' lang='lat' dir='ltr'>ipsum</span> <span class='ocrx_word' id='word_1_438' title='bbox 621 3715 801 3800; x_wconf 89' lang='lat' dir='ltr'>adiissent,</span> <span class='ocrx_word' id='word_1_439' title='bbox 825 3717 946 3808; x_wconf 91' lang='lat' dir='ltr'>paucis</span> <span class='ocrx_word' id='word_1_440' title='bbox 964 3731 1045 3788; x_wconf 91' lang='lat' dir='ltr'>aute</span> <span class='ocrx_word' id='word_1_441' title='bbox 1060 3717 1142 3787; x_wconf 89' lang='lat' dir='ltr'>obi·</span> <span class='ocrx_word' id='word_1_442' title='bbox 1194 3719 1260 3802; x_wconf 89' lang='lat' dir='ltr'>tia,</span> <span class='ocrx_word' id='word_1_443' title='bbox 1285 3730 1500 3810; x_wconf 89' lang='lat' dir='ltr'>aeternoque</span> <span class='ocrx_word' id='word_1_444' title='bbox 1527 3716 1717 3807; x_wconf 87' lang='lat' dir='ltr'>splendore</span> <span class='ocrx_word' id='word_1_445' title='bbox 1738 3741 1779 3786; x_wconf 91' lang='lat' dir='ltr'>ac</span> <span class='ocrx_word' id='word_1_446' title='bbox 1800 3718 1947 3789; x_wconf 87' lang='lat' dir='ltr'>veritate</span> <span class='ocrx_word' id='word_1_447' title='bbox 1969 3716 2055 3793; x_wconf 86' lang='lat' dir='ltr'>Dei.</span> <span class='ocrx_word' id='word_1_448' title='bbox 2108 3718 2186 3805; x_wconf 82' lang='lat' dir='ltr'>llos,</span> 
     </span>
     <span class='ocr_line' id='line_1_35' title="bbox 144 3812 2187 3917; baseline -0.012 -10"><span class='ocrx_word' id='word_1_449' title='bbox 144 3848 222 3907; x_wconf 89' lang='lat' dir='ltr'>tum</span> <span class='ocrx_word' id='word_1_450' title='bbox 238 3824 350 3913; x_wconf 89' lang='lat' dir='ltr'>horis,</span> <span class='ocrx_word' id='word_1_451' title='bbox 371 3822 526 3894; x_wconf 88' lang='lat' dir='ltr'>ostendit</span> <span class='ocrx_word' id='word_1_452' title='bbox 542 3819 615 3890; x_wconf 86' lang='lat' dir='ltr'>illis</span> <span class='ocrx_word' id='word_1_453' title='bbox 628 3812 815 3887; x_wconf 86' lang='lat' dir='ltr'>anthraces</span> <span class='ocrx_word' id='word_1_454' title='bbox 832 3831 867 3888; x_wconf 93' lang='lat' dir='ltr'>et</span> <span class='ocrx_word' id='word_1_455' title='bbox 881 3819 1041 3908; x_wconf 84' lang='lat' dir='ltr'>pestilera</span> <span class='ocrx_word' id='word_1_456' title='bbox 1057 3813 1142 3888; x_wconf 89' lang='lat' dir='ltr'>hul·</span> <span class='ocrx_word' id='word_1_457' title='bbox 1193 3820 1352 3912; x_wconf 89' lang='lat' dir='ltr'>iuquam,</span> <span class='ocrx_word' id='word_1_458' title='bbox 1378 3832 1451 3889; x_wconf 89' lang='lat' dir='ltr'>tam</span> <span class='ocrx_word' id='word_1_459' title='bbox 1466 3830 1600 3887; x_wconf 90' lang='lat' dir='ltr'>certum</span> <span class='ocrx_word' id='word_1_460' title='bbox 1615 3817 1720 3888; x_wconf 89' lang='lat' dir='ltr'>nohis</span> <span class='ocrx_word' id='word_1_461' title='bbox 1736 3842 1809 3889; x_wconf 88' lang='lat' dir='ltr'>esse</span> <span class='ocrx_word' id='word_1_462' title='bbox 1826 3820 1947 3904; x_wconf 92' lang='lat' dir='ltr'>debet,</span> <span class='ocrx_word' id='word_1_463' title='bbox 1975 3847 2092 3917; x_wconf 78' lang='lat' dir='ltr'>quam</span> <span class='ocrx_word' id='word_1_464' title='bbox 2105 3834 2187 3896; x_wconf 75' lang='lat' dir='ltr'>reete</span> 
     </span>
     <span class='ocr_line' id='line_1_36' title="bbox 145 3900 2223 4026; baseline -0.007 -18"><span class='ocrx_word' id='word_1_465' title='bbox 145 3957 225 4008; x_wconf 89' lang='lat' dir='ltr'>cera</span> <span class='ocrx_word' id='word_1_466' title='bbox 239 3952 329 4026; x_wconf 87' lang='lat' dir='ltr'>quae</span> <span class='ocrx_word' id='word_1_467' title='bbox 343 3928 383 3997; x_wconf 93' lang='lat' dir='ltr'>iu</span> <span class='ocrx_word' id='word_1_468' title='bbox 401 3947 509 3995; x_wconf 91' lang='lat' dir='ltr'>manu</span> <span class='ocrx_word' id='word_1_469' title='bbox 523 3937 558 3993; x_wconf 93' lang='lat' dir='ltr'>et</span> <span class='ocrx_word' id='word_1_470' title='bbox 571 3914 717 3991; x_wconf 91' lang='lat' dir='ltr'>brachio</span> <span class='ocrx_word' id='word_1_471' title='bbox 734 3933 942 4011; x_wconf 90' lang='lat' dir='ltr'>eruperant:</span> <span class='ocrx_word' id='word_1_472' title='bbox 970 3916 1020 3992; x_wconf 86' lang='lat' dir='ltr'>Et</span> <span class='ocrx_word' id='word_1_473' title='bbox 1033 3942 1140 4014; x_wconf 90' lang='lat' dir='ltr'>quarn</span> <span class='ocrx_word' id='word_1_474' title='bbox 1193 3944 1233 3990; x_wconf 89' lang='lat' dir='ltr'>ea</span> <span class='ocrx_word' id='word_1_475' title='bbox 1251 3934 1354 4000; x_wconf 90' lang='lat' dir='ltr'>suut,</span> <span class='ocrx_word' id='word_1_476' title='bbox 1381 3944 1471 4014; x_wconf 89' lang='lat' dir='ltr'>quae</span> <span class='ocrx_word' id='word_1_477' title='bbox 1488 3919 1582 3988; x_wconf 90' lang='lat' dir='ltr'>oculi</span> <span class='ocrx_word' id='word_1_478' title='bbox 1588 3941 1602 3986; x_wconf 89' lang='lat' dir='ltr'>s</span> <span class='ocrx_word' id='word_1_479' title='bbox 1622 3919 1819 4004; x_wconf 89' lang='lat' dir='ltr'>cernimus,</span> <span class='ocrx_word' id='word_1_480' title='bbox 1845 3946 2010 4017; x_wconf 90' lang='lat' dir='ltr'>quaeque</span> <span class='ocrx_word' id='word_1_481' title='bbox 2028 3926 2188 3997; x_wconf 85' lang='lat' dir='ltr'>rnanihnt</span> <span class='ocrx_word' id='word_1_482' title='bbox 2221 3900 2223 3933; x_wconf 68' lang='lat'>⁵</span> 
     </span>
     <span class='ocr_line' id='line_1_37' title="bbox 144 4016 2190 4125; baseline -0.005 -18"><span class='ocrx_word' id='word_1_483' title='bbox 144 4035 258 4115; x_wconf 90' lang='lat' dir='ltr'>vobis,</span> <span class='ocrx_word' id='word_1_484' title='bbox 284 4030 415 4125; x_wconf 88' lang='lat' dir='ltr'>inquit,</span> <span class='ocrx_word' id='word_1_485' title='bbox 440 4027 527 4098; x_wconf 91' lang='lat' dir='ltr'>istae</span> <span class='ocrx_word' id='word_1_486' title='bbox 542 4020 701 4094; x_wconf 88' lang='lat' dir='ltr'>armillae</span> <span class='ocrx_word' id='word_1_487' title='bbox 718 4034 753 4092; x_wconf 90' lang='lat' dir='ltr'>et</span> <span class='ocrx_word' id='word_1_488' title='bbox 769 4021 969 4114; x_wconf 85' lang='lat' dir='ltr'>praeciosae</span> <span class='ocrx_word' id='word_1_489' title='bbox 983 4046 1142 4111; x_wconf 85' lang='lat' dir='ltr'>gemmae</span> <span class='ocrx_word' id='word_1_490' title='bbox 1194 4021 1388 4115; x_wconf 89' lang='lat' dir='ltr'>palpamus.</span> <span class='ocrx_word' id='word_1_491' title='bbox 1440 4016 1487 4091; x_wconf 84' lang='lat' dir='ltr'>Et</span> <span class='ocrx_word' id='word_1_492' title='bbox 1498 4032 1539 4091; x_wconf 92' lang='lat' dir='ltr'>ut</span> <span class='ocrx_word' id='word_1_493' title='bbox 1555 4043 1682 4111; x_wconf 89' lang='lat' dir='ltr'>magna</span> <span class='ocrx_word' id='word_1_494' title='bbox 1698 4018 1784 4092; x_wconf 91' lang='lat' dir='ltr'>haec</span> <span class='ocrx_word' id='word_1_495' title='bbox 1806 4037 1860 4095; x_wconf 90' lang='lat' dir='ltr'>est</span> <span class='ocrx_word' id='word_1_496' title='bbox 1872 4022 2190 4103; x_wconf 88' lang='lat' dir='ltr'>consolatinChrl·</span> 
     </span>
     <span class='ocr_line' id='line_1_38' title="bbox 146 4120 2189 4232; baseline -0.006 -24"><span class='ocrx_word' id='word_1_497' title='bbox 146 4137 306 4232; x_wconf 87' lang='lat' dir='ltr'>placent,</span> <span class='ocrx_word' id='word_1_498' title='bbox 342 4129 474 4223; x_wconf 87' lang='lat' dir='ltr'>quibus</span> <span class='ocrx_word' id='word_1_499' title='bbox 506 4150 562 4197; x_wconf 90' lang='lat' dir='ltr'>me</span> <span class='ocrx_word' id='word_1_500' title='bbox 594 4120 761 4195; x_wconf 86' lang='lat' dir='ltr'>Christus</span> <span class='ocrx_word' id='word_1_501' title='bbox 799 4146 900 4194; x_wconf 90' lang='lat' dir='ltr'>meus</span> <span class='ocrx_word' id='word_1_502' title='bbox 934 4123 1141 4223; x_wconf 81' lang='lat' dir='ltr'>exornavit?</span> <span class='ocrx_word' id='word_1_503' title='bbox 1194 4122 1542 4209; x_wconf 73' lang='lat' dir='ltr'>stianis&#39;mentibus,</span> <span class='ocrx_word' id='word_1_504' title='bbox 1573 4148 1653 4193; x_wconf 90' lang='lat' dir='ltr'>cum</span> <span class='ocrx_word' id='word_1_505' title='bbox 1678 4124 1803 4195; x_wconf 86' lang='lat' dir='ltr'>fratres</span> <span class='ocrx_word' id='word_1_506' title='bbox 1833 4150 1916 4197; x_wconf 89' lang='lat' dir='ltr'>suos</span> <span class='ocrx_word' id='word_1_507' title='bbox 1944 4127 2097 4219; x_wconf 86' lang='lat' dir='ltr'>vident,</span> <span class='ocrx_word' id='word_1_508' title='bbox 2125 4144 2189 4205; x_wconf 80' lang='lat' dir='ltr'>tan</span> 
     </span>
     <span class='ocr_line' id='line_1_39' title="bbox 145 4220 2224 4328; baseline -0.008 -15"><span class='ocrx_word' id='word_1_509' title='bbox 145 4238 308 4328; x_wconf 83' lang='lat' dir='ltr'>Cumque</span> <span class='ocrx_word' id='word_1_510' title='bbox 334 4231 407 4301; x_wconf 88' lang='lat' dir='ltr'>illis</span> <span class='ocrx_word' id='word_1_511' title='bbox 436 4226 505 4301; x_wconf 87' lang='lat' dir='ltr'>ltoc</span> <span class='ocrx_word' id='word_1_512' title='bbox 534 4227 668 4298; x_wconf 87' lang='lat' dir='ltr'>dictum</span> <span class='ocrx_word' id='word_1_513' title='bbox 691 4220 890 4320; x_wconf 87' lang='lat' dir='ltr'>lachrymas</span> <span class='ocrx_word' id='word_1_514' title='bbox 920 4224 1139 4297; x_wconf 82' lang='lat' dir='ltr'>excussisset:</span> <span class='ocrx_word' id='word_1_515' title='bbox 1192 4227 1312 4297; x_wconf 83' lang='lat' dir='ltr'>locliei</span> <span class='ocrx_word' id='word_1_516' title='bbox 1327 4226 1400 4296; x_wconf 86' lang='lat' dir='ltr'>fato</span> <span class='ocrx_word' id='word_1_517' title='bbox 1417 4225 1574 4315; x_wconf 80' lang='lat' dir='ltr'>defungi,</span> <span class='ocrx_word' id='word_1_518' title='bbox 1600 4225 1668 4294; x_wconf 90' lang='lat' dir='ltr'>sibi</span> <span class='ocrx_word' id='word_1_519' title='bbox 1685 4249 1827 4321; x_wconf 86' lang='lat' dir='ltr'>quoque</span> <span class='ocrx_word' id='word_1_520' title='bbox 1843 4242 1997 4299; x_wconf 86' lang='lat' dir='ltr'>mortem</span> <span class='ocrx_word' id='word_1_521' title='bbox 2013 4232 2139 4319; x_wconf 82' lang='lat' dir='ltr'>talern,</span> <span class='ocrx_word' id='word_1_522' title='bbox 2159 4242 2191 4303; x_wconf 87' lang='lat' dir='ltr'>et</span> <span class='ocrx_word' id='word_1_523' title='bbox 2221 4292 2224 4307; x_wconf 82' lang='lat'>‚</span> 
     </span>
     <span class='ocr_line' id='line_1_40' title="bbox 145 4324 2224 4433; baseline -0.008 -20"><span class='ocrx_word' id='word_1_524' title='bbox 145 4336 276 4433; x_wconf 77' lang='lat' dir='ltr'>Atqui,</span> <span class='ocrx_word' id='word_1_525' title='bbox 301 4355 365 4405; x_wconf 88' lang='lat' dir='ltr'>vos</span> <span class='ocrx_word' id='word_1_526' title='bbox 385 4328 488 4413; x_wconf 87' lang='lat' dir='ltr'>haec,</span> <span class='ocrx_word' id='word_1_527' title='bbox 524 4328 658 4421; x_wconf 91' lang='lat' dir='ltr'>inquit,</span> <span class='ocrx_word' id='word_1_528' title='bbox 692 4328 900 4421; x_wconf 89' lang='lat' dir='ltr'>neutiquam</span> <span class='ocrx_word' id='word_1_529' title='bbox 923 4327 1008 4403; x_wconf 91' lang='lat' dir='ltr'>vilia</span> <span class='ocrx_word' id='word_1_530' title='bbox 1031 4352 1141 4398; x_wconf 90' lang='lat' dir='ltr'>orna·</span> <span class='ocrx_word' id='word_1_531' title='bbox 1193 4330 1341 4399; x_wconf 91' lang='lat' dir='ltr'>eandem</span> <span class='ocrx_word' id='word_1_532' title='bbox 1373 4339 1536 4399; x_wconf 85' lang='lat' dir='ltr'>aeternae</span> <span class='ocrx_word' id='word_1_533' title='bbox 1562 4327 1764 4398; x_wconf 80' lang='lat' dir='ltr'>foelicitatis</span> <span class='ocrx_word' id='word_1_534' title='bbox 1794 4327 2053 4403; x_wconf 89' lang='lat' dir='ltr'>haereditatem</span> <span class='ocrx_word' id='word_1_535' title='bbox 2078 4333 2190 4407; x_wconf 69' lang='lat' dir='ltr'>enimn</span> <span class='ocrx_word' id='word_1_536' title='bbox 2221 4324 2224 4329; x_wconf 73' lang='grc'><strong>’</strong></span> 
     </span>
     <span class='ocr_line' id='line_1_41' title="bbox 145 4410 2220 4524; baseline -0.003 -10"><span class='ocrx_word' id='word_1_537' title='bbox 145 4451 265 4515; x_wconf 88' lang='lat' dir='ltr'>menta</span> <span class='ocrx_word' id='word_1_538' title='bbox 282 4430 535 4512; x_wconf 87' lang='lat' dir='ltr'>iudicaveritis,</span> <span class='ocrx_word' id='word_1_539' title='bbox 552 4450 633 4500; x_wconf 90' lang='lat' dir='ltr'>cnm</span> <span class='ocrx_word' id='word_1_540' title='bbox 649 4424 718 4499; x_wconf 89' lang='lat' dir='ltr'>hoc</span> <span class='ocrx_word' id='word_1_541' title='bbox 733 4429 829 4498; x_wconf 92' lang='lat' dir='ltr'>enim</span> <span class='ocrx_word' id='word_1_542' title='bbox 844 4431 995 4522; x_wconf 92' lang='lat' dir='ltr'>nuptiali</span> <span class='ocrx_word' id='word_1_543' title='bbox 1013 4431 1141 4502; x_wconf 83' lang='lat' dir='ltr'>vestitu</span> <span class='ocrx_word' id='word_1_544' title='bbox 1192 4443 1444 4524; x_wconf 89' lang='lat' dir='ltr'>proponentes,</span> <span class='ocrx_word' id='word_1_545' title='bbox 1469 4430 1518 4499; x_wconf 93' lang='lat' dir='ltr'>ita</span> <span class='ocrx_word' id='word_1_546' title='bbox 1537 4424 1622 4499; x_wconf 91' lang='lat' dir='ltr'>huic</span> <span class='ocrx_word' id='word_1_547' title='bbox 1636 4431 1772 4500; x_wconf 90' lang='lat' dir='ltr'>mundo</span> <span class='ocrx_word' id='word_1_548' title='bbox 1788 4430 1885 4503; x_wconf 90' lang='lat' dir='ltr'>Deus</span> <span class='ocrx_word' id='word_1_549' title='bbox 1901 4434 2192 4522; x_wconf 78' lang='lat' dir='ltr'>gravissimerni·</span> <span class='ocrx_word' id='word_1_550' title='bbox 2213 4410 2220 4421; x_wconf 40' lang='lat'><strong>¹</strong></span> 
     </span>
     <span class='ocr_line' id='line_1_42' title="bbox 145 4525 2192 4633; baseline -0.009 -16"><span class='ocrx_word' id='word_1_551' title='bbox 145 4544 190 4617; x_wconf 89' lang='lat' dir='ltr'>sd</span> <span class='ocrx_word' id='word_1_552' title='bbox 209 4540 357 4612; x_wconf 86' lang='lat' dir='ltr'>coeleste</span> <span class='ocrx_word' id='word_1_553' title='bbox 377 4531 580 4607; x_wconf 87' lang='lat' dir='ltr'>convivium</span> <span class='ocrx_word' id='word_1_554' title='bbox 601 4554 680 4600; x_wconf 92' lang='lat' dir='ltr'>cum</span> <span class='ocrx_word' id='word_1_555' title='bbox 695 4525 839 4603; x_wconf 88' lang='lat' dir='ltr'>Christo</span> <span class='ocrx_word' id='word_1_556' title='bbox 855 4556 935 4604; x_wconf 88' lang='lat' dir='ltr'>meo</span> <span class='ocrx_word' id='word_1_557' title='bbox 956 4534 995 4602; x_wconf 91' lang='lat' dir='ltr'>in</span> <span class='ocrx_word' id='word_1_558' title='bbox 1016 4556 1141 4625; x_wconf 89' lang='lat' dir='ltr'>perpe-</span> <span class='ocrx_word' id='word_1_559' title='bbox 1193 4545 1320 4617; x_wconf 84' lang='lat' dir='ltr'>natur,</span> <span class='ocrx_word' id='word_1_560' title='bbox 1346 4555 1426 4601; x_wconf 90' lang='lat' dir='ltr'>cum</span> <span class='ocrx_word' id='word_1_561' title='bbox 1448 4543 1588 4601; x_wconf 88' lang='lat' dir='ltr'>sanctos</span> <span class='ocrx_word' id='word_1_562' title='bbox 1611 4553 1695 4601; x_wconf 90' lang='lat' dir='ltr'>suos</span> <span class='ocrx_word' id='word_1_563' title='bbox 1711 4534 1756 4601; x_wconf 91' lang='lat' dir='ltr'>ad</span> <span class='ocrx_word' id='word_1_564' title='bbox 1780 4557 1816 4604; x_wconf 87' lang='lat' dir='ltr'>se</span> <span class='ocrx_word' id='word_1_565' title='bbox 1835 4548 1999 4620; x_wconf 87' lang='lat' dir='ltr'>revocat,</span> <span class='ocrx_word' id='word_1_566' title='bbox 2023 4562 2113 4613; x_wconf 78' lang='lat' dir='ltr'>enm</span> <span class='ocrx_word' id='word_1_567' title='bbox 2133 4560 2192 4633; x_wconf 76' lang='lat' dir='ltr'>per</span> 
     </span>
     <span class='ocr_line' id='line_1_43' title="bbox 144 4631 2192 4737; baseline -0.013 -19"><span class='ocrx_word' id='word_1_568' title='bbox 144 4662 247 4719; x_wconf 89' lang='lat' dir='ltr'>tuum</span> <span class='ocrx_word' id='word_1_569' title='bbox 263 4637 515 4714; x_wconf 86' lang='lat' dir='ltr'>celebrandum</span> <span class='ocrx_word' id='word_1_570' title='bbox 531 4654 610 4703; x_wconf 90' lang='lat' dir='ltr'>sum</span> <span class='ocrx_word' id='word_1_571' title='bbox 624 4631 752 4704; x_wconf 92' lang='lat' dir='ltr'>iturus.</span> <span class='ocrx_word' id='word_1_572' title='bbox 785 4631 846 4705; x_wconf 90' lang='lat' dir='ltr'>Sic</span> <span class='ocrx_word' id='word_1_573' title='bbox 860 4637 905 4704; x_wconf 93' lang='lat' dir='ltr'>ad</span> <span class='ocrx_word' id='word_1_574' title='bbox 920 4634 1011 4706; x_wconf 87' lang='lat' dir='ltr'>illud</span> <span class='ocrx_word' id='word_1_575' title='bbox 1028 4647 1141 4704; x_wconf 89' lang='lat' dir='ltr'>aeter·</span> <span class='ocrx_word' id='word_1_576' title='bbox 1193 4648 1344 4705; x_wconf 83' lang='lat' dir='ltr'>mortem</span> <span class='ocrx_word' id='word_1_577' title='bbox 1358 4632 1464 4725; x_wconf 85' lang='lat' dir='ltr'>eripit</span> <span class='ocrx_word' id='word_1_578' title='bbox 1479 4632 1685 4724; x_wconf 86' lang='lat' dir='ltr'>ingentibus</span> <span class='ocrx_word' id='word_1_579' title='bbox 1699 4636 1823 4724; x_wconf 90' lang='lat' dir='ltr'>malis,</span> <span class='ocrx_word' id='word_1_580' title='bbox 1847 4637 1983 4733; x_wconf 79' lang='lat' dir='ltr'>quibus</span> <span class='ocrx_word' id='word_1_581' title='bbox 1995 4637 2132 4737; x_wconf 60' lang='lat' dir='ltr'>impio.</span> <span class='ocrx_word' id='word_1_582' title='bbox 2145 4652 2192 4715; x_wconf 51' lang='lat' dir='ltr'>g</span> 
     </span>
     <span class='ocr_line' id='line_1_44' title="bbox 146 4734 1397 4835; baseline -0.014 -17"><span class='ocrx_word' id='word_1_583' title='bbox 146 4768 233 4818; x_wconf 90' lang='lat' dir='ltr'>num</span> <span class='ocrx_word' id='word_1_584' title='bbox 259 4735 639 4835; x_wconf 88' lang='lat' dir='ltr'>praestantissimarum</span> <span class='ocrx_word' id='word_1_585' title='bbox 669 4757 710 4804; x_wconf 90' lang='lat' dir='ltr'>ae</span> <span class='ocrx_word' id='word_1_586' title='bbox 739 4734 1040 4805; x_wconf 82' lang='lat' dir='ltr'>sanctissimarum</span> <span class='ocrx_word' id='word_1_587' title='bbox 1061 4735 1141 4805; x_wconf 89' lang='lat' dir='ltr'>ani·</span> <span class='ocrx_word' id='word_1_588' title='bbox 1194 4736 1397 4829; x_wconf 86' lang='lat' dir='ltr'>puniturus.</span> 
     </span>
    </p>
   </div>
   <div class='ocr_carea' id='block_1_3' title="bbox 146 4810 2211 5551">
    <p class='ocr_par' dir='ltr' id='par_1_3' title="bbox 146 4810 2211 5037">
     <span class='ocr_line' id='line_1_45' title="bbox 146 4810 2211 4934; baseline -0.001 -13"><span class='ocrx_word' id='word_1_589' title='bbox 146 4868 286 4921; x_wconf 91' lang='lat' dir='ltr'>marum</span> <span class='ocrx_word' id='word_1_590' title='bbox 320 4839 512 4915; x_wconf 86' lang='lat' dir='ltr'>concilium</span> <span class='ocrx_word' id='word_1_591' title='bbox 537 4835 776 4925; x_wconf 89' lang='lat' dir='ltr'>migraturus,</span> <span class='ocrx_word' id='word_1_592' title='bbox 807 4836 858 4906; x_wconf 90' lang='lat' dir='ltr'>sic</span> <span class='ocrx_word' id='word_1_593' title='bbox 884 4837 1038 4931; x_wconf 88' lang='lat' dir='ltr'>denique</span> <span class='ocrx_word' id='word_1_594' title='bbox 1063 4835 1140 4908; x_wconf 87' lang='lat' dir='ltr'>Deo</span> <span class='ocrx_word' id='word_1_595' title='bbox 1295 4833 1418 4934; x_wconf 78' lang='lat' dir='ltr'>Esaias</span> <span class='ocrx_word' id='word_1_596' title='bbox 1441 4834 1506 4904; x_wconf 87' lang='lat' dir='ltr'>ait:</span> <span class='ocrx_word' id='word_1_597' title='bbox 1542 4833 1679 4907; x_wconf 91' lang='lat' dir='ltr'>lustum</span> <span class='ocrx_word' id='word_1_598' title='bbox 1704 4835 1872 4924; x_wconf 90' lang='lat' dir='ltr'>interire,</span> <span class='ocrx_word' id='word_1_599' title='bbox 1905 4852 1940 4911; x_wconf 91' lang='lat' dir='ltr'>et</span> <span class='ocrx_word' id='word_1_600' title='bbox 1968 4834 2139 4917; x_wconf 88' lang='lat' dir='ltr'>homines</span> <span class='ocrx_word' id='word_1_601' title='bbox 2159 4810 2211 4917; x_wconf 59' lang='lat' dir='ltr'>if</span> 
     </span>
     <span class='ocr_line' id='line_1_46' title="bbox 147 4937 2195 5037; baseline 0 -21"><span class='ocrx_word' id='word_1_602' title='bbox 147 4944 364 5037; x_wconf 85' lang='lat' dir='ltr'>redemptori</span> <span class='ocrx_word' id='word_1_603' title='bbox 377 4964 457 5014; x_wconf 90' lang='lat' dir='ltr'>meo</span> <span class='ocrx_word' id='word_1_604' title='bbox 472 4937 667 5032; x_wconf 84' lang='lat' dir='ltr'>placiturus</span> <span class='ocrx_word' id='word_1_605' title='bbox 684 4960 776 5008; x_wconf 90' lang='lat' dir='ltr'>sum.</span> <span class='ocrx_word' id='word_1_606' title='bbox 1195 4938 1344 5009; x_wconf 91' lang='lat' dir='ltr'>minime</span> <span class='ocrx_word' id='word_1_607' title='bbox 1357 4939 1599 5008; x_wconf 85' lang='lat' dir='ltr'>considerare:</span> <span class='ocrx_word' id='word_1_608' title='bbox 1624 4954 1764 5011; x_wconf 89' lang='lat' dir='ltr'>sanctos</span> <span class='ocrx_word' id='word_1_609' title='bbox 1779 4940 1899 5033; x_wconf 88' lang='lat' dir='ltr'>colligi</span> <span class='ocrx_word' id='word_1_610' title='bbox 1912 4939 2037 5030; x_wconf 88' lang='lat' dir='ltr'>aDen,</span> <span class='ocrx_word' id='word_1_611' title='bbox 2055 4946 2195 5019; x_wconf 84' lang='lat' dir='ltr'>nemius</span> 
     </span>
    </p>

    <p class='ocr_par' dir='ltr' id='par_1_4' title="bbox 146 5036 2197 5551">
     <span class='ocr_line' id='line_1_47' title="bbox 248 5036 2197 5147; baseline 0.001 -30"><span class='ocrx_word' id='word_1_612' title='bbox 248 5044 327 5117; x_wconf 87' lang='lat' dir='ltr'>llae</span> <span class='ocrx_word' id='word_1_613' title='bbox 342 5067 445 5116; x_wconf 84' lang='lat' dir='ltr'>voces</span> <span class='ocrx_word' id='word_1_614' title='bbox 460 5040 544 5113; x_wconf 86' lang='lat' dir='ltr'>satis</span> <span class='ocrx_word' id='word_1_615' title='bbox 558 5040 757 5124; x_wconf 88' lang='lat' dir='ltr'>declarant,</span> <span class='ocrx_word' id='word_1_616' title='bbox 789 5037 845 5108; x_wconf 93' lang='lat' dir='ltr'>illi</span> <span class='ocrx_word' id='word_1_617' title='bbox 860 5038 929 5109; x_wconf 90' lang='lat' dir='ltr'>iam</span> <span class='ocrx_word' id='word_1_618' title='bbox 945 5053 1026 5110; x_wconf 85' lang='lat' dir='ltr'>ante</span> <span class='ocrx_word' id='word_1_619' title='bbox 1041 5064 1141 5109; x_wconf 87' lang='lat' dir='ltr'>mor·</span> <span class='ocrx_word' id='word_1_620' title='bbox 1194 5042 1231 5109; x_wconf 94' lang='lat' dir='ltr'>id</span> <span class='ocrx_word' id='word_1_621' title='bbox 1247 5041 1468 5114; x_wconf 86' lang='lat' dir='ltr'>observante.</span> <span class='ocrx_word' id='word_1_622' title='bbox 1504 5036 1596 5110; x_wconf 89' lang='lat' dir='ltr'>Cum</span> <span class='ocrx_word' id='word_1_623' title='bbox 1612 5040 1681 5131; x_wconf 88' lang='lat' dir='ltr'>ipsi</span> <span class='ocrx_word' id='word_1_624' title='bbox 1695 5043 1922 5114; x_wconf 84' lang='lat' dir='ltr'>atrocissimis</span> <span class='ocrx_word' id='word_1_625' title='bbox 1937 5046 2087 5136; x_wconf 88' lang='lat' dir='ltr'>poeuis,</span> <span class='ocrx_word' id='word_1_626' title='bbox 2111 5070 2197 5147; x_wconf 82' lang='lat' dir='ltr'>quse</span> 
     </span>
     <span class='ocr_line' id='line_1_48' title="bbox 148 5140 2195 5240; baseline -0.004 -14"><span class='ocrx_word' id='word_1_627' title='bbox 148 5167 239 5237; x_wconf 87' lang='lat' dir='ltr'>tem,</span> <span class='ocrx_word' id='word_1_628' title='bbox 264 5168 407 5219; x_wconf 91' lang='lat' dir='ltr'>omnem</span> <span class='ocrx_word' id='word_1_629' title='bbox 429 5166 571 5216; x_wconf 91' lang='lat' dir='ltr'>sensum</span> <span class='ocrx_word' id='word_1_630' title='bbox 594 5140 711 5211; x_wconf 88' lang='lat' dir='ltr'>morbi</span> <span class='ocrx_word' id='word_1_631' title='bbox 728 5141 923 5235; x_wconf 86' lang='lat' dir='ltr'>mortisque</span> <span class='ocrx_word' id='word_1_632' title='bbox 939 5156 1141 5234; x_wconf 90' lang='lat' dir='ltr'>exemptum</span> <span class='ocrx_word' id='word_1_633' title='bbox 1193 5155 1278 5213; x_wconf 89' lang='lat' dir='ltr'>sunt</span> <span class='ocrx_word' id='word_1_634' title='bbox 1292 5164 1523 5234; x_wconf 90' lang='lat' dir='ltr'>oppressurae</span> <span class='ocrx_word' id='word_1_635' title='bbox 1539 5143 1685 5234; x_wconf 91' lang='lat' dir='ltr'>impios,</span> <span class='ocrx_word' id='word_1_636' title='bbox 1710 5157 1825 5215; x_wconf 90' lang='lat' dir='ltr'>morte</span> <span class='ocrx_word' id='word_1_637' title='bbox 1840 5168 1904 5218; x_wconf 90' lang='lat' dir='ltr'>sna</span> <span class='ocrx_word' id='word_1_638' title='bbox 1923 5146 2141 5240; x_wconf 80' lang='lat' dir='ltr'>liberentur,</span> <span class='ocrx_word' id='word_1_639' title='bbox 2163 5162 2195 5222; x_wconf 88' lang='lat' dir='ltr'>et</span> 
     </span>
     <span class='ocr_line' id='line_1_49' title="bbox 146 5237 2195 5346; baseline -0 -22"><span class='ocrx_word' id='word_1_640' title='bbox 146 5254 272 5337; x_wconf 83' lang='lat' dir='ltr'>luisse,</span> <span class='ocrx_word' id='word_1_641' title='bbox 298 5262 334 5319; x_wconf 90' lang='lat' dir='ltr'>et</span> <span class='ocrx_word' id='word_1_642' title='bbox 348 5246 464 5339; x_wconf 93' lang='lat' dir='ltr'>ipsum</span> <span class='ocrx_word' id='word_1_643' title='bbox 480 5245 550 5314; x_wconf 91' lang='lat' dir='ltr'>iam</span> <span class='ocrx_word' id='word_1_644' title='bbox 566 5256 642 5316; x_wconf 92' lang='lat' dir='ltr'>tum</span> <span class='ocrx_word' id='word_1_645' title='bbox 659 5266 738 5313; x_wconf 90' lang='lat' dir='ltr'>cum</span> <span class='ocrx_word' id='word_1_646' title='bbox 754 5237 841 5313; x_wconf 87' lang='lat' dir='ltr'>haec</span> <span class='ocrx_word' id='word_1_647' title='bbox 857 5243 1003 5328; x_wconf 90' lang='lat' dir='ltr'>diceret,</span> <span class='ocrx_word' id='word_1_648' title='bbox 1029 5244 1141 5314; x_wconf 85' lang='lat' dir='ltr'>oeulis</span> <span class='ocrx_word' id='word_1_649' title='bbox 1194 5258 1275 5338; x_wconf 92' lang='lat' dir='ltr'>post</span> <span class='ocrx_word' id='word_1_650' title='bbox 1298 5240 1391 5313; x_wconf 90' lang='lat' dir='ltr'>hanc</span> <span class='ocrx_word' id='word_1_651' title='bbox 1414 5244 1523 5315; x_wconf 84' lang='lat' dir='ltr'>vitam</span> <span class='ocrx_word' id='word_1_652' title='bbox 1552 5259 1693 5315; x_wconf 88' lang='lat' dir='ltr'>aeterna</span> <span class='ocrx_word' id='word_1_653' title='bbox 1722 5245 1841 5340; x_wconf 90' lang='lat' dir='ltr'>quiete</span> <span class='ocrx_word' id='word_1_654' title='bbox 1864 5270 1905 5319; x_wconf 89' lang='lat' dir='ltr'>ac</span> <span class='ocrx_word' id='word_1_655' title='bbox 1931 5254 2195 5346; x_wconf 75' lang='lat' dir='ltr'>tranquillitate</span> 
     </span>
     <span class='ocr_line' id='line_1_50' title="bbox 147 5344 2193 5444; baseline -0.002 -15"><span class='ocrx_word' id='word_1_656' title='bbox 147 5356 219 5429; x_wconf 89' lang='lat' dir='ltr'>suis</span> <span class='ocrx_word' id='word_1_657' title='bbox 232 5354 271 5424; x_wconf 90' lang='lat' dir='ltr'>iu</span> <span class='ocrx_word' id='word_1_658' title='bbox 286 5350 385 5421; x_wconf 87' lang='lat' dir='ltr'>illam</span> <span class='ocrx_word' id='word_1_659' title='bbox 401 5361 579 5420; x_wconf 85' lang='lat' dir='ltr'>aeternam</span> <span class='ocrx_word' id='word_1_660' title='bbox 594 5347 711 5416; x_wconf 87' lang='lat' dir='ltr'>sedem</span> <span class='ocrx_word' id='word_1_661' title='bbox 722 5344 923 5415; x_wconf 80' lang='lat' dir='ltr'>foelicitatis</span> <span class='ocrx_word' id='word_1_662' title='bbox 937 5346 1139 5438; x_wconf 83' lang='lat' dir='ltr'>respexisse.</span> <span class='ocrx_word' id='word_1_663' title='bbox 1195 5348 1446 5437; x_wconf 84' lang='lat' dir='ltr'>perfruantur,</span> <span class='ocrx_word' id='word_1_664' title='bbox 1470 5358 1625 5416; x_wconf 87' lang='lat' dir='ltr'>caeteros</span> <span class='ocrx_word' id='word_1_665' title='bbox 1648 5360 1684 5419; x_wconf 90' lang='lat' dir='ltr'>et</span> <span class='ocrx_word' id='word_1_666' title='bbox 1707 5347 1745 5418; x_wconf 90' lang='lat' dir='ltr'>iu</span> <span class='ocrx_word' id='word_1_667' title='bbox 1769 5348 1908 5444; x_wconf 85' lang='lat' dir='ltr'>reliqna</span> <span class='ocrx_word' id='word_1_668' title='bbox 1930 5350 2007 5424; x_wconf 83' lang='lat' dir='ltr'>vita</span> <span class='ocrx_word' id='word_1_669' title='bbox 2027 5362 2193 5427; x_wconf 74' lang='lat' dir='ltr'>manunt</span> 
     </span>
     <span class='ocr_line' id='line_1_51' title="bbox 147 5441 2193 5551; baseline -0.001 -21"><span class='ocrx_word' id='word_1_670' title='bbox 147 5452 335 5551; x_wconf 87' lang='lat' dir='ltr'>Quidquid</span> <span class='ocrx_word' id='word_1_671' title='bbox 351 5449 448 5522; x_wconf 88' lang='lat' dir='ltr'>enim</span> <span class='ocrx_word' id='word_1_672' title='bbox 463 5446 599 5519; x_wconf 88' lang='lat' dir='ltr'>doloris</span> <span class='ocrx_word' id='word_1_673' title='bbox 612 5447 652 5518; x_wconf 92' lang='lat' dir='ltr'>in</span> <span class='ocrx_word' id='word_1_674' title='bbox 671 5445 792 5520; x_wconf 87' lang='lat' dir='ltr'>auimo</span> <span class='ocrx_word' id='word_1_675' title='bbox 813 5441 971 5519; x_wconf 87' lang='lat' dir='ltr'>haeserat</span> <span class='ocrx_word' id='word_1_676' title='bbox 985 5472 1027 5519; x_wconf 80' lang='lat' dir='ltr'>er</span> <span class='ocrx_word' id='word_1_677' title='bbox 1046 5449 1142 5541; x_wconf 88' lang='lat' dir='ltr'>opti·</span> <span class='ocrx_word' id='word_1_678' title='bbox 1193 5442 1385 5519; x_wconf 87' lang='lat' dir='ltr'>horribiles</span> <span class='ocrx_word' id='word_1_679' title='bbox 1403 5446 1545 5539; x_wconf 85' lang='lat' dir='ltr'>plagae,</span> <span class='ocrx_word' id='word_1_680' title='bbox 1570 5461 1606 5519; x_wconf 92' lang='lat' dir='ltr'>et</span> <span class='ocrx_word' id='word_1_681' title='bbox 1625 5462 1707 5542; x_wconf 87' lang='lat' dir='ltr'>post</span> <span class='ocrx_word' id='word_1_682' title='bbox 1726 5475 1804 5521; x_wconf 85' lang='lat' dir='ltr'>eam</span> <span class='ocrx_word' id='word_1_683' title='bbox 1826 5451 2039 5547; x_wconf 86' lang='lat' dir='ltr'>sempiterni</span> <span class='ocrx_word' id='word_1_684' title='bbox 2062 5456 2193 5531; x_wconf 81' lang='lat' dir='ltr'>inieru-</span> 
     </span>
    </p>
   </div>
   <div class='ocr_carea' id='block_1_4' title="bbox 0 0 2349 6020">
    <p class='ocr_par' dir='ltr' id='par_1_5' title="bbox 0 0 2349 6020">
     <span class='ocr_line' id='line_1_52' title="bbox 0 0 2349 6020; baseline 0 0"><span class='ocrx_word' id='word_1_685' title='bbox 0 0 2349 6020; x_wconf 95' lang='lat' dir='ltr'> </span> 
     </span>
    </p>
   </div>
  </div>
 </body>
</html>
