4664 6022
75 310 167 395 aaa
590 296 750 381 nucu
785 298 859 376 nu
892 289 1295 376 tuaunarona
1324 290 1580 371 orrouu
1612 294 1643 377 ι.
2063 293 2142 383 522
2279 328 2282 333 -

73 478 267 564 tificibua,
289 475 446 547 dominia
458 475 611 561 iniustis,
636 475 896 548 transferantur
908 476 955 546 ad
970 473 1089 567 lmpe-
1141 469 1280 541 etiamai
1296 492 1370 539 non
1384 469 1541 559 legisset,
1565 484 1607 544 ut
1625 472 1775 563 legerat,
1798 499 1943 546 monere
1964 490 2083 549 tamen
2100 493 2136 549 et

10 600 13 613 ·
75 596 241 662 ratores,
265 580 310 649 ad
328 601 417 673 quoa
432 579 694 670 pertinuerunt.
740 576 974 672 Nequaquam
991 578 1087 647 enirn
1141 570 1197 642 lex
1214 586 1363 642 naturae
1383 573 1500 664 ipsum
1515 575 1703 666 potuisset,
1727 580 1893 672 adquam
1911 604 1983 650 non
1999 582 2136 666 doctus,

82 682 336 759 arbitrabatur
358 675 587 752 hortantum
612 681 721 752 totius
743 676 952 751 Occidentis
975 680 1090 771 impe-
1141 675 1203 744 sed
1222 675 1334 743 factus
1358 687 1451 758 erat,
1486 689 1528 747 ut
1552 678 1732 748 custodem
1758 702 1795 749 se
1822 681 2036 772 intelligeret
2059 706 2135 753 non

86 786 193 859 aium
215 783 379 853 civilibus
401 782 669 873 Magistratibus
695 806 715 851 a
739 780 971 854 Pontificibus
998 783 1089 874 eripi
1142 776 1279 847 ventris
1303 799 1393 857 esse,
1417 791 1479 847 aul
1501 778 1732 869 imperiorum
1747 795 1906 868 tantum,
1932 787 1991 854 sed
2010 781 2136 855 Eccle-

96 883 238 956 debere.
287 882 370 955 Non
386 887 520 977 respuit
537 885 777 955 conditionem
791 882 970 972 Pontifex,
991 886 1089 979 quod
1142 877 1349 949 §laeetiamt
1376 879 1434 947 cui
1450 881 1778 972 profectomagnam
1788 886 1961 976 praestitit
1977 909 2134 977 operam,
2240 932 2246 945 ·

10 982 55 1053 ic
103 984 346 1071 arbitraretur,
368 1010 406 1056 se
420 1010 485 1077 pro
502 987 679 1057 beneficiis
697 985 932 1077 lmperatoris,
958 987 1090 1080 quibua
1142 980 1238 1072 quod
1263 979 1373 1049 vitam
1403 978 1584 1053 Pontificis
1613 984 1735 1074 impii,
1766 989 1929 1058 omnium
1963 989 2136 1058 scelerum

108 1086 504 1172 ,tffl9352t01n21113‚
529 1089 724 1179 plurimum
748 1087 1091 1180 Imperatorigrafi.
1141 1083 1300 1173 plenam,
1336 1083 1594 1154 emendandam
1616 1087 1686 1155 sibi
1710 1112 1751 1157 eo
1777 1102 1936 1181 tempore
1964 1091 2136 1177 statuerit,

111 1188 281 1262 tesaurum
315 1213 389 1261 esse
420 1190 457 1259 in
492 1191 617 1276 rebus,
655 1213 805 1283 quarum
839 1213 875 1260 ae
902 1193 1088 1261 dominum
1141 1208 1213 1275 quo
1246 1185 1403 1275 primum
1436 1186 1482 1254 ab
1509 1183 1787 1278 Imperatoribus
1812 1194 1856 1261 ad
1883 1187 2135 1263 Occidentales
2200 1275 2204 1281 ¹

34 1376 40 1383 Ι
110 1284 370 1387 haudquaquam
402 1292 480 1361 iure
507 1294 585 1362 fore
618 1292 844 1365 existimavit,
910 1291 1089 1363 Pennittit
1140 1285 1292 1376 populos
1306 1286 1468 1355 doctrina
1483 1285 1679 1360 deChrislo
1696 1292 1805 1362 fuerit
1820 1295 1996 1366 translata.
2023 1293 2134 1364 Mulli

109 1392 205 1483 igitur
220 1389 285 1463 has
297 1395 506 1464 donationes
521 1392 747 1465 Constantini
763 1389 911 1465 Ottonia
926 1394 1088 1487 potestati
1141 1386 1238 1455 enim
1261 1411 1303 1455 ex
1318 1384 1491 1457 Vandalis
1516 1407 1550 1461 et
1571 1388 1737 1485 Cymbris
1756 1391 1837 1490 (qui
1860 1421 1879 1465 a
1903 1393 2032 1467 Carolo
2050 1395 2134 1465 Ma·

104 1492 279 1581 Pontifex,
311 1496 566 1589 confirmatque
590 1496 703 1566 literis
727 1497 888 1567 omnium
912 1493 1088 1567 Cardina·
1141 1512 1211 1578 gno
1225 1488 1337 1559 coacti
1352 1491 1567 1581 baptismum
1584 1492 1810 1591 acceperant)
1827 1522 1844 1565 a
1861 1494 2062 1568 Christiana
2077 1522 2136 1567 re·

100 1597 184 1671 lium
198 1620 374 1668 consensu
389 1599 610 1689 approbatis,
638 1611 751 1668 totum
770 1593 1003 1669 Occidentem
1020 1599 1088 1666 im·
1141 1591 1273 1679 ligione
1299 1592 1344 1659 ad
1372 1589 1472 1661 ldola
1510 1595 1729 1679 defecerant,
1769 1622 1858 1692 quos
1889 1598 2066 1670 Henricus
2099 1613 2137 1671 et

29 1696 35 1703 ’
96 1701 194 1793 perio
207 1695 375 1784 Ottonis‚
403 1714 695 1793 posterorumque
718 1700 812 1781 eius,
839 1701 918 1770 iure
938 1702 1089 1770 obsecu-
1141 1690 1230 1762 Otto
1247 1692 1382 1782 primus
1400 1717 1473 1763 uon
1490 1695 1567 1765 sine
1578 1722 1705 1789 magno
1727 1702 1872 1789 negocio
1894 1703 2062 1792 leguntur
2076 1726 2136 1772 re·

10 1850 14 1897 -ι
94 1817 239 1882 turum,
265 1817 300 1871 et
326 1824 549 1895 nequaquam
566 1799 791 1872 Pontificum.
843 1798 998 1872 Addidit
1020 1798 1089 1872 hoc
1140 1793 1298 1866 traxisse.
1333 1792 1469 1885 Quare,
1496 1800 1525 1865 si
1542 1800 1586 1867 de
1600 1802 1752 1871 amentia
1767 1800 1950 1874 Pontificis
1963 1799 2030 1873 bae
2047 1826 2134 1894 gen·

10 1932 27 1997 L
90 1926 253 2000 quoque:
280 1902 462 1974 Summam
479 1904 704 1973 autoritatem
719 1903 758 1972 in
778 1902 947 1975 electione
962 1902 1089 1975 Ponti·
1142 1910 1192 1964 les
1215 1898 1479 1986 cognovissent,
1508 1902 1676 1992 perfacile
1701 1904 1868 1976 omnibus
1893 1900 1949 1974 llis
1973 1919 2045 1975 iola
2066 1909 2135 1976 (lo-

10 2006 43 2099 s
88 2008 167 2077 licis
191 2007 320 2076 debere
343 2003 571 2099 Imperatoris
593 2028 687 2089 esse,
719 2029 793 2074 nou
816 2002 1089 2097 Episcoporum,
1139 1997 1252 2066 ctrina
1268 2003 1312 2066 de
1334 2014 1447 2070 morte
1471 2017 1505 2073 et
1527 2006 1784 2076 resurrectione
1799 2007 1863 2075 tilii
1880 2004 1945 2077 Dei
1964 2008 2002 2076 in
2019 2008 2134 2100 suspi-

88 2110 190 2202 quud
206 2108 342 2177 videret
367 2108 494 2196 vulgus
517 2104 737 2178 Clericorum
761 2108 1089 2201 propinquitatibus
1139 2101 1277 2168 tionem
1289 2101 1455 2172 venisset:
1477 2104 1538 2196 qui
1554 2105 1648 2174 euim
1665 2108 1734 2175 iam
1752 2123 1833 2179 ante
1848 2110 1995 2179 inimico
2012 2111 2132 2180 animo

88 2223 129 2279 ‚t
149 2207 362 2281 militaribus
380 2208 418 2276 in
433 2210 656 2278 decernendo
672 2206 845 2279 pontifice
859 2210 995 2280 moeri
1012 2233 1089 2279 ma.
1139 2201 1178 2269 in
1194 2196 1417 2272 Christianos
1433 2205 1591 2292 fucrant,
1615 2209 1718 2278 facile
1733 2211 1778 2280 ab
1800 2211 1961 2283 instituto
1977 2208 2034 2281 his
2053 2226 2133 2283 tan-

92 2311 170 2403 gis,
192 2334 299 2405 quam
318 2312 479 2379 doctrina
497 2324 533 2381 et
549 2311 766 2380 innocentia.
1139 2306 1186 2373 lis
1208 2300 1422 2381 Pontificum
1443 2308 1634 2379 sceleribus
1656 2311 1816 2381 deterriti
1835 2314 2005 2397 fuissent,
2041 2338 2132 2407 quae

1140 2419 1234 2475 certe
1254 2405 1357 2474 abiis
1380 2407 1506 2488 etiam,
1529 2413 1592 2502 qui
1614 2414 1658 2481 de
1674 2407 1818 2483 Christo
1839 2410 1932 2483 nihil
1955 2438 2132 2505 cognove-

1141 2519 1241 2591 rant,
1278 2507 1316 2575 iu
1348 2510 1563 2600 turpissimis
1594 2515 1701 2584 rebus
1730 2509 1856 2587 haberi
1887 2539 2026 2587 necesse
2052 2517 2135 2589 fixit.

1141 2608 1248 2697 Quod
1264 2606 1428 2680 Pontifex
1445 2611 1570 2693 etiam,
1607 2616 1670 2709 qui
1697 2617 1803 2688 totius
1817 2614 1995 2690 Ecclesiae
2017 2633 2135 2710 capnt,

1140 2725 1174 2779 et
1196 2705 1329 2782 Christi
1351 2714 1503 2783 vinarius
1527 2738 1600 2784 esse
1623 2717 1718 2802 vult,
1751 2743 1889 2789 summa
1912 2722 2004 2790 vitae
2026 2722 2133 2789 inuo-

194 2440 285 2517 Otto
301 2467 386 2511 vero
409 2440 465 2513 his
486 2446 592 2516 rebus
615 2446 803 2524 confectis,
829 2445 977 2541 reliquis
994 2447 1087 2516 duo-

10 2620 14 2639 ,
89 2548 211 2621 decim
227 2547 332 2616 annis
349 2544 491 2638 imperii
508 2547 562 2616 sui
580 2546 630 2616 sic
646 2546 857 2637 Magistratu
875 2542 943 2618 hoc
959 2548 1089 2619 defun·

87 2664 167 2723 ctus
186 2663 259 2733 eat,
284 2661 324 2718 ut
343 2649 541 2739 exemplum
564 2648 717 2737 sortibus
733 2664 767 2720 et
791 2650 895 2745 bonis
910 2647 1089 2742 Principi-

86 2752 158 2825 hus
177 2751 423 2823 defendendae
444 2750 628 2837 ¹⁰¹533⁰¹¹i⁸
651 2752 830 2841 ‘g‘egium
854 2751 1089 2843 pr⁰p⁰⁸uerit’
1140 2812 1256 2882 centia
1273 2836 1391 2881 coram
1406 2817 1543 2885 mundo
1562 2815 1678 2888 lucere
1694 2821 1874 2908 debuerit,
1899 2825 2024 2891 eodem
2047 2813 2134 2913 ipsis

137 2858 208 2940 od,
256 2852 312 2922 uia
331 2851 482 2922 accrevit
503 2853 617 2922 oratio
641 2854 751 2943 magis
793 2878 874 2924 uam
893 2852 1009 2938 volui,
1031 2848 1089 2925 lu·
1221 2914 1229 2930 .
1286 2915 1295 2930 .
1516 2917 1526 2935 ,
1577 2917 1586 2935 ,
1721 2921 1730 2939 ,
1818 2923 1828 2941 ‚

10 2926 31 3005 ξ
85 2878 199 3045 gum,
223 2878 418 3047 gnam·
768 2880 791 2948 q
1140 2927 1378 3006 pertinuisset.
1417 2913 1647 3039 Multuetram·
1661 2918 1842 3043 Epicurea,
1868 2947 2019 3018 quorum
2035 2920 2135 3042 Deus

10 3100 36 3197 t
192 3086 398 3208 aa..
607 3083 704 3159 1...
1010 3089 1088 3163 1...
1140 3022 2134 3199 adata.fattedecantatas

10 3200 33 3279 ἶ·
86 3193 242 3267 Μῖίω
255 3216 407 3261 mmm
423 3192 752 3282 d¹fll⁰1P¹⁰b³⁸⁸⁸³
1140 3218 1338 3304 duxissent,
1368 3233 1408 3290 ut
1431 3223 1533 3292 nullo
1555 3224 1690 3311 officio,
1721 3240 1784 3296 aut
1804 3229 1991 3321 disciplina
2015 3251 2133 3298 assue-

110 3300 468 3395 Wfffwflwtlw't
488 3302 515 3370 τ’
536 3301 662 3389 (ἷῖαθόθ
682 3301 831 3391 ’‘913“005
851 3303 879 3371 τ’
902 3306 1067 3392 maraste.
1140 3321 1239 3404 facti,
1281 3317 1450 3411 Epicurei
1481 3324 1661 3415 crapulas,
1700 3327 1875 3399 adulteria
1909 3330 1948 3398 in
1981 3328 2150 3422 peccatis·

191 3412 267 3479 Dux
282 3419 380 3479 bonus
396 3438 431 3479 ιο
445 3421 734 3499 milaapraapoltens
752 3417 973 3482 venusinam.
1140 3416 1415 3516 haudquaquam
1438 3441 1693 3502 numerassent.
1744 3427 1862 3500 Taceo
1884 3431 1996 3512 furta,
2021 3432 2132 3503 latro·

93 3527 309 3623 Quanquam
340 3550 418 3597 mea
440 3528 585 3621 quidem
614 3527 788 3599 sententia
812 3551 888 3597 non
919 3551 1088 3618 magnum
1140 3524 1251 3609 tinia,
1276 3524 1417 3618 aliaque
1439 3526 1628 3598 innumera
1648 3529 1798 3616 scelera,
1830 3556 1921 3627 quae
1942 3536 2064 3602 eadem
2086 3533 2133 3602 de

87 3626 222 3705 haheat
253 3644 474 3700 momentum
508 3630 548 3697 in
574 3627 741 3722 Principe
774 3629 934 3721 corporis
963 3630 1087 3714 robur,
1139 3648 1243 3695 causa
1263 3626 1401 3697 nullam
1424 3630 1519 3718 apud
1541 3628 1635 3721 ipsos
1659 3630 1842 3702 infamiam
1864 3629 2028 3705 habitura
2044 3634 2135 3704 fuis-

87 3733 287 3826 plurisuum
302 3743 421 3801 autem
436 3731 639 3815 consilium,
666 3730 816 3813 iusticia,
837 3730 995 3803 studium
1011 3731 1088 3823 pie-
1139 3741 1230 3802 sent.
1280 3725 1324 3797 ln
1349 3727 1521 3801 Pontibce
1543 3733 1639 3801 euim
1660 3734 1778 3804 omnia
1802 3736 1972 3806 facinoris
1986 3736 2133 3807 cuilibet

10 3862 45 3947 ,ἓ-
85 3836 197 3921 tatis,
226 3832 502 3925 illustrandique
527 3833 684 3903 nominis
706 3833 844 3918 divini,
874 3858 963 3926 quas
985 3834 1088 3926 cqui-
1139 3831 1262 3900 fuisset
1276 3832 1496 3922 exemplum,
1520 3847 1555 3905 et
1570 3836 1615 3905 ab
1632 3837 1755 3906 eodem
1776 3837 1939 3907 omnium
1961 3840 2131 3909 scelerum

11 3940 14 3945 ’
82 3940 172 4011 dena
188 3935 337 4005 virtutes
352 3936 396 4004 de
412 3929 550 4005 Ottone
567 3936 682 4025 primo
705 3936 783 4005 iure
798 3936 960 4005 existimo
984 3959 1088 4027 prae-
1141 3931 1244 4022 impii
1281 3926 1444 4002 homines
1485 3937 1715 4025 sumpsissent
1748 3938 1819 4010 sibi
1861 3942 2133 4012 excusationem.

10 4040 20 4127 J
84 4036 207 4113 dicari
229 4059 343 4128 posse.
394 4032 574 4107 Ecclesiae
596 4037 752 4128 profecto
775 4034 880 4133 (uam
905 4061 981 4106 earn
1000 4061 1088 4122 rem,
1139 4031 1297 4106 'l'antum
1317 4035 1474 4125 profecto
1502 4036 1614 4107 scelus
1638 4051 1714 4109 erat
1740 4038 1814 4109 labi
1836 4038 2064 4126 Pontificem,
2093 4042 2133 4111 in

82 4154 131 4215 ut
144 4138 291 4213 brevior
303 4138 385 4222 sim,
410 4132 570 4209 hocloco
585 4140 722 4229 explico
736 4134 874 4235 solum)
884 4137 1087 4231 quodPon·
1139 4159 1210 4228 quo
1224 4138 1394 4228 peccandi
1410 4160 1551 4208 causam
1565 4139 1702 4209 nemini
1717 4153 1793 4212 tum
1809 4164 1882 4213 esse
1899 4144 2069 4236 oportuit.

10 4260 15 4319 t
83 4244 224 4319 tificem
252 4238 477 4331 represserit,
509 4240 656 4332 eiusque
682 4240 852 4311 minuerit
878 4241 1087 4332 potentiam,

10 4332 12 4337 ¹
82 4368 256 4437 magnam
268 4364 413 4437 operam
428 4337 680 4413 navavitOtto.
705 4340 811 4413 Prius
824 4357 954 4429 autem,
972 4366 1087 4437 quan·
1241 4335 1394 4409 lllustria
1409 4354 1461 4410 cst
1478 4341 1650 4413 memoria
1666 4339 1912 4434 Constantini,
1936 4349 2032 4440 quod
2058 4348 2133 4417 ius·

81 4462 233 4539 tepere,
253 4468 335 4515 cum
356 4441 563 4514 Pontificem
577 4445 788 4535 deponeret,
812 4440 1007 4514 Ecclesiam
1030 4444 1087 4513 iu·
1139 4439 1223 4509 serit
1235 4440 1352 4510 claudi
1366 4439 1545 4511 idolorum
1561 4445 1703 4536 templa,
1725 4443 1948 4536 prohibuerit
1963 4448 2132 4517 sacrificia

56 4538 196 4635 serit,
219 4548 420 4617 ostendam:
447 4560 567 4636 postea
581 4548 626 4613 de
640 4546 897 4617 donationibus
918 4545 1087 4637 imperio-
1137 4536 1395 4628 Ethuicorum,
1427 4543 1570 4614 iusserit
1591 4546 1735 4635 publice
1749 4549 1866 4618 doceri
1883 4545 2132 4639 Evangelium,

82 4675 172 4727 rum
194 4648 351 4721 breviter
367 4647 538 4718 dicturus.
589 4643 702 4719 Erunt
727 4649 837 4739 igitur
858 4643 989 4720 Ottoui
1011 4672 1085 4718 non
1137 4643 1277 4713 dederit
1288 4643 1464 4735 stipendia
1472 4647 1690 4734 doctoribus,
1704 4649 1859 4744 denique
1871 4672 2034 4738 maguam
2049 4674 2131 4742 par·

82 4769 233 4831 tantum
260 4749 484 4841 mavimimae
513 4772 638 4820 caune
659 4747 813 4823 Romam
839 4750 1085 4841 proficiscendi
1138 4759 1209 4816 tem
1237 4745 1366 4815 veteris
1390 4747 1525 4817 formae
1549 4748 1589 4818 in
1615 4749 1765 4842 imperio
1788 4749 1954 4822 Romano
1984 4765 2132 4843 propter

81 4858 129 4930 in
142 4854 334 4938 Pontifice,
353 4852 451 4946 quod
474 4845 597 4923 helluo
618 4868 724 4935 esset,
744 4866 938 4933 scomtor,
965 4852 1086 4943 periu-
1136 4842 1371 4936 Evangelium
1394 4848 1601 4935 mutaverit,
1626 4874 1707 4922 cum
1729 4853 1854 4921 acerbe
1869 4846 1986 4923 adhuc
1999 4853 2131 4925 odisset

81 4984 172 5047 nas,
204 4950 450 5047 blasphemus,
482 4978 604 5024 verum
625 4954 818 5026 adiuvabat
849 4948 946 5023 haud
975 4952 1085 5024 dubie
1136 4971 1267 5017 nomen
1291 4942 1426 5020 Christi
1455 4950 1608 5028 maxima
1638 4976 1721 5044 pars
1746 4952 1898 5044 imperii.
1959 4951 2130 5045 Magnam

81 5064 186 5135 idem
206 5058 397 5132 consilium
417 5055 448 5127 is
465 5055 591 5139 etiarn,
617 5080 688 5150 quo
704 5057 938 5147 fungebatur,
963 5051 1084 5144 Magi·
1136 5062 1315 5142 praeterea
1331 5050 1427 5140 apud
1446 5074 1572 5121 omues
1585 5074 1724 5146 semper
1742 5047 1869 5126 habuit
1883 5054 2026 5135 virtutis
2049 5058 2130 5149 opi-

81 5176 240 5248 atratus,
271 5159 336 5255 qui
357 5160 564 5229 mandatum
585 5153 736 5228 habebat
766 5156 1084 5229 communicandae
1135 5152 1280 5222 nionem
1299 5149 1451 5223 Carolus
1473 5150 1647 5243 Magnus,
1685 5156 1782 5249 quod
1813 5156 1960 5248 triginta
1990 5157 2130 5229 circiter

81 5264 292 5346 docuinae,
314 5259 485 5332 abolendi
507 5259 635 5352 impios
654 5261 788 5341 cultus,
813 5258 1000 5330 auferendi
1017 5282 1084 5329 au·
1133 5251 1238 5325 anuis
1250 5253 1457 5342 gravissimo
1473 5254 1569 5325 bello
1585 5258 1848 5347 persecutuasit
1861 5257 2031 5347 Saxones,
2054 5255 2128 5328 Da·

82 5386 186 5445 tores
199 5364 460 5448 scandalorum,
484 5376 520 5434 et
533 5363 686 5433 maxime
699 5360 849 5452 cogendi
865 5360 905 5431 iu
917 5360 1081 5433 ordinem
1133 5379 1216 5440 nos,
1237 5353 1437 5442 Vandalos,
1469 5357 1676 5452 priusquam
1698 5381 1822 5450 cogere
1845 5384 1907 5431 eoa
1929 5363 1973 5432 ad
1996 5383 2128 5457 appro-

82 5470 278 5547 Pontifiees
308 5466 529 5540 discedentes
561 5465 608 5537 ab
638 5465 775 5552 officio,
811 5464 910 5559 quod
934 5463 1080 5558 quidem
1131 5459 1286 5534 bandm
1299 5459 1500 5532 doctrinam
1517 5461 1564 5533 de
1577 5454 1725 5533 Christis
1740 5462 1908 5556 potuerit.
