4664 6022
139 314 215 390 soa
640 302 799 382 ouen
849 300 927 378 uu
958 298 1678 384 anaararmuouauun.
2105 304 2195 381 am

141 493 234 563 bene
255 485 319 571 sit,
344 475 481 578 inquit,
507 504 547 550 ac
564 502 711 571 surgens
727 476 890 572 protinus
906 477 982 571 ipse
997 502 1140 572 qnoque
1191 490 1314 547 contra
1338 476 1517 569 pessimis,
1541 492 1582 549 ut
1602 478 1748 549 maximi
1770 480 1870 555 fiant.
1919 477 2018 571 Ergo
2041 480 2071 552 si
2095 482 2195 552 idem

140 595 236 665 loeas
269 590 314 659 ad
346 584 561 678 emptionem
594 583 744 675 piscium
780 583 976 672 procurrit,
1019 594 1140 673 estque
1190 579 1305 649 literis
1322 593 1356 650 et
1380 577 1661 650 bnicdoctrinae
1685 579 1915 655 humanitatis
1940 585 2091 672 accidit,
2118 610 2194 657 uon

141 686 380 793 cytharoedus
410 687 507 758 solus
533 685 741 770 destitutus,
772 685 900 755 necin
929 697 1026 753 tauta
1050 683 1139 752 urbe
1192 706 1327 751 novum
1356 694 1416 751 aut
1439 683 1570 752 mirum
1601 686 1709 754 nimis
1732 686 1768 755 id
1799 687 1905 755 uobis
1932 688 2048 757 videri
2073 688 2194 777 debu,

140 790 305 892 repertus
320 806 372 863 est
385 790 584 884 quisquam,
610 787 673 882 qni
690 787 803 881 pluris
819 785 1006 872 Musicam,
1033 809 1139 879 quam
1193 809 1308 878 neque
1320 808 1392 853 uos
1404 787 1675 877 corruptissimo
1691 788 1788 878 vulgi
1799 789 1940 867 ¹indicio
1958 804 1992 860 et
2007 793 2193 861 errore·ab

143 896 433 996 putridos·pisces
450 893 591 964 faceret.

248 1098 300 1171 lta
315 1092 372 1167 his
385 1094 608 1188 temporibus
621 1089 706 1163 baec
719 1094 837 1165 studia
854 1117 995 1189 quoque
1011 1107 1044 1163 et
1060 1092 1140 1199 litef

146 1230 206 1279 rae
224 1201 466 1292 negliguntur.
518 1196 663 1266 Proruit
684 1220 720 1265 sc
744 1197 893 1290 quisque
910 1199 954 1265 ad
980 1196 1141 1265 sordidas

146 1324 180 1380 et
206 1318 433 1400 quaestuosas
455 1313 564 1384 artes,
591 1299 678 1368 diris
695 1299 951 1390 cupiditatibus
967 1314 1000 1368 et
1024 1298 1139 1367 ventri

145 1411 323 1493 serviunt,
348 1417 489 1499 praeter
501 1402 606 1470 illum
621 1400 761 1471 nullum
780 1398 894 1470 Deum
912 1415 1057 1474 norunt.
1094 1399 1142 1471 Ut

145 1513 351 1604 ingenium,
376 1520 418 1578 ut
433 1518 569 1597 partem
592 1504 774 1575 meliorem
796 1528 835 1572 ac
851 1505 1063 1573 diviniorem
1087 1502 1141 1572 sui

145 1616 308 1688 excolant
340 1622 532 1692 ornentve,
564 1606 733 1699 perpauci
756 1620 892 1679 curant.
954 1603 1073 1698 thue
1103 1605 1140 1672 in

145 1717 355 1792 turbulento
371 1728 404 1782 et
420 1712 559 1780 ebrioso
575 1709 751 1794 convivio,
775 1704 939 1778 homiues
953 1725 1142 1797 ungantur,

145 1822 286 1904 rident,
309 1816 565 1897 vociferantur,
589 1824 833 1903 perstrepunt,
861 1814 1005 1881 ludente
1022 1811 1141 1903 aliquo

146 1923 280 2014 insigni
306 1916 466 2001 Musico,
492 1939 558 1984 nec
579 1917 786 1997 advertunt,
812 1938 877 1981 nec
899 1914 1045 1982 mnibus
1065 1912 1142 1980 aui-

146 2028 259 2099 misve
287 2020 465 2111 accipiunt
503 2017 600 2086 illam
632 2016 839 2086 suavitatem
862 2015 1036 2098 Musices,
1083 2030 1141 2084 aut

147 2129 381 2225 perfruuntur
395 2147 452 2205 ea,
479 2121 526 2190 ita
544 2115 610 2187 boc
624 2119 781 2188 seculum
798 2119 871 2186 suis
888 2117 1142 2208 cupiditatibus

147 2234 246 2302 velut
265 2227 402 2297 ebrium
426 2236 460 2292 et
481 2244 601 2290 amens
624 2245 698 2290 nou
727 2222 869 2288 exaudit
893 2245 993 2288 voces
1018 2218 1142 2288 Musa-

148 2360 249 2418 rum,
277 2354 340 2398 uec
359 2325 510 2397 attendit
528 2325 698 2394 animum.
746 2319 819 2410 Qui
834 2347 917 2390 vero
932 2347 992 2391 sua
1010 2321 1141 2391 antori-

147 2453 219 2511 tate
246 2448 281 2505 et
307 2432 437 2523 opibus
472 2427 657 2519 praecipue
685 2420 771 2492 haec
797 2424 913 2494 studia
948 2419 1143 2513 provehere

53 2516 55 2527 Ι
148 2558 253 2633 atque
270 2558 398 2604 ornare
414 2532 610 2612 debebant,
634 2523 671 2597 hi
696 2551 775 2595 cum
799 2527 957 2619 plerique
973 2527 1039 2618 ipsi
1053 2524 1144 2594 Bar-

47 2672 54 2682 ·
148 2643 227 2714 bari
240 2640 312 2709 siut
328 2651 363 2706 et
378 2633 523 2714 inculti,
550 2629 732 2721 impendio
748 2630 858 2716 magis
872 2653 910 2697 ea
930 2652 1093 2720 oppressu
1110 2643 1142 2698 et

149 2745 264 2817 deleta
282 2740 442 2832 cupiunt.
472 2733 591 2826 thue
607 2731 767 2800 Herodes
783 2730 859 2802 Rex
880 2732 1040 2800 iudaicae
1057 2755 1140 2818 geu·

148 2848 194 2922 tis
211 2868 291 2917 cum
307 2865 347 2912 ex
362 2836 490 2910 humili
508 2848 541 2905 ct
558 2837 709 2904 obscuro
726 2834 802 2902 locu
820 2837 861 2901 ad
887 2834 1002 2922 regios
1027 2829 1143 2903 hosio·

148 2974 206 3023 res
227 2958 367 3019 evectus
392 2953 498 3022 esset,
522 2938 623 3006 iussit
647 2958 770 3006 omues
792 2936 922 3016 libros,
949 2936 987 3004 iu
1014 2936 1144 3028 quibus

150 3049 371 3146 genealogiae
391 3041 687 3122 continebantur,
710 3039 852 3107 incendi
873 3053 979 3130 atque
998 3039 1144 3121 aboleri,

149 3169 190 3227 ut
199 3154 251 3225 ita
264 3147 468 3220 discrimine
484 3142 680 3212 nobilitatis
695 3155 729 3212 et
744 3141 979 3231 ignobilitatis
993 3141 1144 3223 sublato,

150 3258 206 3330 sui
221 3275 362 3350 quoque
378 3246 515 3340 generis
533 3244 728 3313 obscuritas
750 3244 867 3311 minus
881 3243 1025 3311 infamis
1039 3256 1143 3310 esset:

150 3362 199 3432 ita
218 3354 382 3428 homines
398 3347 568 3420 ineruditi
583 3347 702 3416 literas
726 3360 760 3416 et
776 3348 947 3430 oderunt,
973 3358 1006 3415 et
1030 3344 1145 3413 aboli-

149 3478 202 3535 tas
217 3458 384 3550 eupiunt,
408 3463 590 3541 sperantes
605 3443 671 3518 boc
687 3450 793 3518 modo
814 3473 911 3517 suam
931 3471 1072 3540 qnoque
1087 3449 1143 3515 iu.

149 3565 287 3635 scitiam
311 3556 450 3627 facilius
472 3575 572 3645 posse
599 3551 718 3622 latere.
771 3549 830 3621 Sic
852 3551 909 3633 fit,
935 3563 975 3617 ut
998 3555 1043 3618 ab
1065 3550 1144 3618 aliis

150 3668 374 3741 infestentur,
398 3659 441 3725 ab
459 3654 537 3723 aliis
550 3654 789 3723 destituantur
805 3652 942 3720 literae:
970 3651 1058 3721 alios
1073 3653 1143 3720 alio

151 3766 283 3860 abripit
311 3787 409 3831 caeca
438 3757 630 3848 cupiditas,
652 3772 703 3825 et
726 3754 868 3846 quidvis
896 3754 1012 3843 potius
1038 3778 1142 3846 quam

150 3895 233 3940 vera
255 3869 347 3937 boam
366 3862 595 3943 admiramur,
622 3858 692 3926 imo
711 3882 750 3925 ea
765 3880 810 3924 ue
825 3855 1047 3945 agnoscimus
1063 3856 1145 3949 qni-

149 3978 243 4045 dem.
296 3967 346 4037 lta
365 3966 511 4037 Satanas
529 3974 663 4029 mentes
681 3954 854 4027 humanas
870 3957 943 4027 suia
964 3958 1144 4048 compedi-

146 4079 217 4147 bus
231 4072 434 4142 constrictas
458 4077 574 4151 tenet,
601 4075 636 4132 et
652 4086 794 4153 quoquo
818 4060 891 4150 ipse
909 4060 1002 4144 vult,
1028 4074 1145 4128 traus-

151 4199 268 4247 versus
284 4173 425 4264 abripit,
447 4193 486 4236 ac
501 4188 621 4235 revera
636 4187 732 4231 nuuc
748 4163 893 4229 minima
912 4164 956 4230 de
970 4162 1072 4231 malis
1087 4163 1145 4230 in-

151 4280 271 4352 scitiae
299 4274 482 4363 turpitudo
516 4267 676 4348 ducitur,
717 4288 785 4355 qua
818 4265 885 4332 uisi
918 4267 1085 4334 vecordes
1109 4278 1145 4335 et

149 4385 246 4453 velut
262 4391 379 4449 meute
395 4371 488 4464 capti
505 4389 677 4450 essemus,
702 4362 794 4434 nihil
812 4367 966 4450 tristius,
992 4381 1052 4438 aut
1068 4390 1143 4436 ma-

150 4487 202 4579 gis
218 4480 426 4573 fugiendum
443 4472 693 4542 indicaremus.
740 4468 887 4538 luterim
904 4470 963 4537 alii
978 4464 1144 4547 honores,

150 4589 210 4658 alii
227 4579 448 4656 locdissimas
465 4574 684 4663 voluptates,
711 4573 871 4666 plerique
886 4595 970 4660 opes
987 4586 1020 4641 et
1039 4597 1145 4662 pecu-

1193 881 1249 955 his
1284 887 1410 958 studiis
1450 892 1610 958 amandis
1651 892 1880 985 colendisque
1917 893 2048 963 abduci
2083 896 2192 965 decet.

1192 986 1287 1059 Haec
1311 1003 1352 1060 nt
1371 991 1550 1082 praelarcr
1573 1016 1654 1061 eum
1679 995 1723 1062 de
1747 991 1906 1063 Homero
1922 1008 1957 1063 et
1980 990 2038 1064 his
2059 997 2190 1068 nostris

1192 1093 1319 1163 studiis
1343 1095 1504 1163 dicturus
1523 1118 1654 1179 essem,
1686 1118 1744 1165 res
1764 1096 1838 1187 ipsa
1862 1111 1898 1167 et
1915 1097 2114 1188 indignitas
2137 1106 2189 1169 rue'

1193 1196 1316 1287 movit.
1368 1193 1459 1284 Quis
1483 1197 1579 1264 euim
1600 1221 1674 1266 uon
1696 1214 1979 1286 corsimoeeatur,
2005 1201 2069 1294 qui
2098 1195 2188 1271 huuc

1194 1312 1264 1366 tam
1288 1297 1462 1386 insignem
1485 1312 1726 1389 contemptum
1752 1303 2115 1391 rerumuptimarum
2137 1303 2185 1372 vi-

1194 1400 1298 1469 deat?
1352 1399 1423 1469 Vos
1450 1423 1513 1490 pro
1538 1415 1653 1471 vestra
1672 1397 1891 1475 humanitate
1915 1400 2008 1474 hauc
2028 1419 2186 1475 nostram

1194 1502 1390 1596 querelam,
1418 1527 1524 1594 quam
1550 1499 1640 1571 milti
1655 1503 1947 1597 'expressitdolor
1968 1533 2072 1581 meets
2087 1523 2122 1580 et
2136 1509 2187 1578 iu-

1195 1604 1348 1694 diguitas
1364 1604 1438 1689 rei,
1465 1605 1553 1674 boui
1565 1607 1791 1684 consuletis..
2027 1618 2030 1623 ’
2071 1614 2077 1625 “

1288 1803 1408 1899 Atque
1421 1821 1464 1878 ut
1477 1810 1520 1878 ad
1539 1810 1590 1896 id,
1615 1814 1744 1905 dequo
1760 1812 1798 1881 iu
1815 1816 2014 1906 praeseutia
2029 1816 2187 1888 instituta

1195 1922 1265 1992 est,
1297 1933 1333 1977 se
1359 1911 1487 1982 referat
1517 1914 1651 2004 oratio,
1682 1913 1830 1985 Homeri
1862 1925 2006 2008 poema,
2039 1934 2086 1990 nt·
2107 1920 2188 2004 dixi,

1195 2009 1271 2079 Diis
1293 2013 1384 2080 bene
1408 2014 1628 2101 faventibus,
1653 2017 1877 2109 interpretari
1900 2021 2062 2108 decrevi3
2089 2024 2186 2111 dees

1195 2115 1233 2181 iu
1259 2115 1454 2203 praeseutia
1484 2119 1638 2189 breviter
1661 2122 1813 2212 praefari
1834 2125 2032 2193 constitui·
2074 2121 2187 2220 Atque
2231 2210 2233 2217 Ι

1195 2216 1329 2285 satiatam
1354 2239 1417 2305 ego
1442 2218 1531 2288 illud
1556 2234 1626 2290 tam
1651 2247 1788 2315 possem
1806 2225 2095 2301 adolescentibus
2112 2253 2187 2299 ors-

1195 2320 1291 2387 tioue
1326 2322 1590 2402 commendare,
1628 2349 1667 2392 ac
1703 2327 1819 2417 dignis
1852 2329 2018 2399 laudibus
2051 2336 2186 2419 o'rusre,

1196 2445 1299 2512 qnam
1318 2444 1500 2515 uunquam
1519 2426 1601 2493 satis
1618 2440 1731 2519 potest
1747 2430 1995 2521 prodigalitate
2008 2433 2186 2521 celebrari,

1195 2536 1430 2616 exciperetque
1453 2523 1600 2596 Homeri
1621 2530 1790 2620 splendor
1812 2556 1954 2601 omnem
1978 2534 2187 2610 orationem.
2231 2598 2233 2607 .

1195 2624 1265 2695 Sed
1287 2616 1406 2695 tamen
1428 2642 1469 2696 ut
1487 2652 1613 2717 magua
1639 2634 1788 2702 numina
1811 2657 2076 2730 nonnunquam
2099 2639 2187 2710 farre
2231 2648 2233 2653 '

1196 2742 1228 2797 ct
1242 2725 1314 2795 sale
1331 2726 1401 2795 coli
1417 2728 1542 2815 solent,
1567 2733 1614 2801 ita
1630 2758 1695 2804 uos
1712 2735 1840 2829 siquid
1857 2761 1921 2827 pro
1938 2744 2062 2809 nostra
2076 2742 2188 2813 tenni·

1195 2841 1265 2898 tate
1281 2830 1484 2919 poterimus,
1500 2837 1544 2902 ad
1560 2837 1650 2906 tanti
1665 2838 1847 2931 scriptoris
1860 2840 2094 2931 praeconium
2110 2868 2188 2917 tou·

1195 2932 1359 3005 feremus.
1411 2929 1483 3002 Nec
1505 2960 1588 3006 vero
1613 2934 1671 3008 hic
1698 2942 1741 3009 de
1762 2941 1958 3029 natalibus,
1988 2934 2123 3035 patria,
2155 2960 2185 3020 et

1196 3033 1267 3101 vita
1283 3031 1433 3102 Homeri
1456 3038 1561 3106 uobis
1583 3041 1696 3111 oratio
1720 3042 1805 3129 erit,
1831 3039 1916 3114 haec
1930 3047 2028 3115 euim
2047 3050 2095 3119 ab
2112 3047 2182 3143 aliis

1196 3135 1280 3203 satis
1296 3151 1456 3207 accurate
1475 3155 1507 3210 et
1530 3143 1606 3211 fuse
1625 3144 1814 3235 explicata,
1841 3146 1903 3241 qui
1923 3149 2050 3220 volent
2073 3152 2183 3247 requi·

1198 3262 1272 3305 rere
1288 3253 1469 3327 poterunt:
1492 3245 1535 3311 de
1553 3251 1713 3335 poemate
1731 3246 1818 3339 ipso,
1847 3263 1881 3319 ct
1896 3250 2064 3338 utilitate,
2087 3280 2187 3351 quam

1196 3340 1345 3410 studiosi
1373 3342 1456 3410 iude
1480 3371 1602 3438 capere
1625 3351 1780 3440 possint,
1815 3354 1989 3440 breviter,
2007 3358 2133 3453 atque
2154 3371 2189 3429 ul

1197 3443 1350 3535 patietur
1372 3437 1457 3513 haec
1480 3451 1647 3540 temporis
1676 3453 1855 3541 augustia,
1888 3479 2044 3544 agemus.
2104 3458 2189 3531 Nam

1197 3544 1259 3638 qni
1280 3545 1326 3614 ita
1345 3548 1515 3619 evolvunt
1532 3549 1747 3640 Homerum,
1774 3570 1813 3624 nt
1830 3550 1921 3626 nihil
1938 3552 2023 3627 hine
2043 3560 2115 3633 uisi
2132 3588 2190 3633 vo

1196 3648 1366 3736 luptatem
1391 3667 1582 3738 venentur,
1615 3670 1648 3724 et
1677 3658 1906 3727 sententiolas
1928 3665 2103 3753 quasdam
2131 3688 2188 3735 ccu

1196 3750 1361 3819 flosculos
1383 3746 1467 3821 hinc
1490 3754 1572 3825 iude
1597 3758 1775 3842 collectas,
1809 3755 1846 3828 hi
1870 3762 2020 3852 perinde
2046 3767 2189 3852 faciunt,

1197 3865 1235 3919 ut
1250 3852 1279 3919 si
1296 3854 1375 3945 quis
1391 3855 1647 3927 fertilissimum
1664 3883 1786 3950 agrum
1804 3877 1941 3932 tautum
1958 3868 2073 3936 animi
2089 3892 2188 3942 causo

1197 3955 1306 4037 colat,
1332 3969 1371 4023 ut
1388 3956 1537 4028 floribus
1554 3959 1591 4026 iu
1606 3988 1646 4030 eo
1664 3964 1755 4032 uentis
1773 3965 1965 4059 aliquando
1982 3993 2019 4036 sc
2035 3986 2190 4057 coronet,

1198 4059 1393 4140 fructuum,
1420 4084 1508 4151 qnos
1533 4063 1615 4130 inde
1629 4066 1828 4136 uberrimos
1848 4071 2028 4160 percipere
2043 4089 2191 4165 poterat,

1197 4181 1317 4227 curam
1349 4158 1454 4250 plane
1483 4165 1654 4254 negligat,
1689 4162 1786 4238 hunc
1812 4171 1941 4264 aliquis
1965 4188 2079 4261 reete,
2113 4176 2189 4269 opi·

1199 4256 1282 4345 nor,
1301 4286 1534 4333 oeconomum
1555 4293 1678 4358 parum
1700 4275 1909 4371 prudentem
1929 4275 2070 4352 dixerit.
2116 4276 2188 4351 Etsi

1197 4364 1290 4430 euim
1327 4364 1542 4455 voluptatem
1579 4393 1620 4437 ex
1662 4372 1814 4442 lectione
1847 4370 1996 4445 Homeri
2038 4393 2190 4469 tantam,

1197 4479 1364 4559 quautam
1383 4469 1441 4536 vix
1459 4469 1533 4537 ullo
1551 4472 1621 4539 alio
1639 4498 1679 4541 ex
1694 4489 1828 4557 autore,
1846 4501 1970 4569 capere
1987 4481 2081 4569 licet,
2097 4487 2189 4580 quod

1199 4581 1323 4636 natura
1345 4569 1417 4636 fere
1442 4570 1489 4640 ita
1517 4589 1758 4664 comparatum
1780 4592 1848 4662 est,
1882 4594 1921 4651 ut
1949 4606 2029 4652 cum
2054 4611 2188 4657 summa

151 4692 247 4760 uiam
265 4694 453 4756 sectantur.
504 4674 600 4744 Haec
623 4675 805 4742 solaboua
829 4675 962 4761 ingenti
987 4677 1145 4742 mercede
1197 4670 1366 4750 utilitate,
1398 4694 1533 4741 summa
1561 4701 1704 4747 acvcra
1730 4682 1893 4771 voluptas
1922 4686 2188 4773 coniunctam,

150 4795 320 4866 licentur,
348 4783 456 4849 vitam
480 4792 584 4869 atque
607 4776 780 4857 animam,
806 4792 846 4846 ut
869 4777 1013 4853 illeait,
1045 4776 1144 4846 lucro
1199 4797 1271 4839 uon
1292 4785 1465 4843 tameuea
1490 4778 1674 4870 praecipua
1699 4805 1781 4851 cura
1805 4807 1879 4852 esse
1900 4786 2022 4872 debet,
2056 4794 2188 4864 sedeat

149 4894 355 4965 vendentes.
392 4879 459 4950 His
474 4879 699 4949 foelicitatem
718 4879 915 4948 irretiuntur
928 4878 1058 4955 miseri,
1082 4879 1142 4969 qui
1197 4873 1265 4942 alia
1288 4875 1404 4943 maior
1428 4892 1461 4947 et
1484 4881 1619 4966 potior,
1654 4907 1798 4977 nempe,
1828 4899 1869 4956 nt
1889 4894 2187 4980 quemadmodum

150 5020 224 5066 uou
244 4987 466 5079 expendunt.
494 5005 716 5078 quamsaepe
740 4982 808 5050 levi
831 4996 1012 5049 momento
1032 4982 1145 5047 inloe·
1197 4977 1235 5044 iu
1256 4999 1316 5044 sua
1342 5000 1380 5045 re
1400 4979 1568 5049 familiari
1584 4985 1677 5055 cauti
1694 4987 1963 5077 patresfamilias
1978 4974 2117 5082 solenl,
2141 4998 2187 5070 its

152 5099 201 5166 lix
219 5093 279 5161 illa
297 5086 471 5160 foelicitas
485 5110 559 5159 uon
576 5083 793 5172 interpellari
814 5086 938 5162 modo,
965 5106 1088 5149 verram
1112 5095 1145 5151 et
1197 5079 1300 5148 initio
1321 5079 1437 5148 statim
1455 5084 1640 5155 nobiscum
1660 5089 1834 5159 rationem
1851 5090 2030 5178 ineamus,
2054 5123 2096 5171 ec

149 5219 314 5293 prorsum
337 5189 447 5262 everti
472 5190 600 5258 soleatz
632 5184 761 5256 Docuit
791 5181 856 5253 lsoc
880 5185 1010 5252 multos
1039 5206 1145 5274 expe·
1197 5204 1323 5271 operae
1345 5184 1504 5273 precium
1535 5186 1663 5257 facturi
1689 5190 1800 5262 simus
1823 5197 2021 5267 evolvendo
2044 5195 2186 5275 bosut

150 5298 279 5372 rientia
296 5295 485 5365 stultorum
501 5290 678 5380 magistra.
731 5287 801 5357 Sed
817 5287 903 5378 qnid
920 5309 987 5354 uos
1002 5285 1144 5354 iuterim
1197 5283 1261 5351 illo
1277 5285 1458 5375 scriptore.
1510 5285 1619 5376 Quod
1637 5292 1733 5362 idem
1748 5296 1778 5364 si
1793 5297 1831 5365 iu
1848 5293 2006 5371 Homero
2021 5303 2185 5377 discendo

151 5403 269 5474 dicere
286 5394 450 5490 oportet?
471 5394 632 5462 videmus
649 5385 717 5458 ltoc
735 5388 971 5457 communiter
988 5387 1145 5457 accidere
1196 5386 1382 5472 faciemus,
1408 5400 1482 5457 tum
1498 5391 1604 5461 uobis
1621 5395 1735 5464 statim
1753 5423 1788 5468 se
1804 5399 1928 5470 offeret
1944 5401 2109 5476 infinitus
2121 5405 2184 5479 uti-

150 5496 256 5578 rebus
271 5498 426 5597 optimis,
449 5510 490 5568 ut
505 5497 649 5566 eaedem
665 5492 738 5562 siut
753 5486 1083 5583 contemptissimae,
1109 5502 1146 5559 et
1167 5466 1176 5567 l
1198 5487 1338 5558 litatum
1371 5493 1555 5574 cumulus,
1594 5508 1630 5567 et
1656 5498 1754 5570 velut
1786 5498 1983 5598 μυρμηκία
2012 5500 2181 5605 dyadem,
