4664 6022
137 334 208 407 att
580 316 739 393 unct..
771 314 847 389 DE
879 309 1100 390 STUDlO
1136 310 1401 387 LlNGUAE
1433 308 1724 387 EBRAEAE.
2097 306 2167 383 att

141 528 223 576 vera
249 504 393 594 pietate,
429 497 622 567 Lucienus:
656 491 815 562 scribunt
839 490 934 558 enim
957 488 1130 557 'sinceram
1270 482 1324 556 Ac
1339 487 1408 557 late
1422 499 1517 579 patet
1533 480 1599 556 hoc
1613 487 1711 579 quod
1727 487 1771 556 de
1785 478 1905 576 phrasi
1923 478 2094 557 diximus.
2124 478 2168 553 Ut

143 624 177 679 et
191 606 433 695 incorruptam
447 599 523 668 cius
536 594 746 666 sententiam
769 592 808 660 in
827 590 993 662 omnibus
1007 587 1132 659 Ecclc-
1181 587 1258 658 sine
1278 589 1356 658 luce
1378 613 1451 657 non
1474 588 1571 658 cerni
1594 601 1741 679 possunt
1769 586 1932 657 colorum
1954 581 2169 665 districtum,

144 714 215 780 siae
237 703 460 796 dogmatibus
476 700 593 769 irtissc.
646 693 716 765 Hic
734 694 845 765 edidit
869 692 1133 784 interpretatio·
1182 691 1231 761 ita
1252 690 1329 761 sine
1350 690 1553 781 cognitione
1567 684 1724 783 phrasis,
1746 702 1842 760 totns
1862 710 1981 758 sermo
1995 683 2170 756 reteriset

138 828 226 882 'nem
244 810 346 879 valde
360 805 549 874 laudatam.
592 798 712 888 Quare
728 795 863 866 etiamsi
879 791 1132 887 Apostolorum
1182 793 1268 863 novi
1295 789 1512 864 Testamenti
1547 792 1688 883 ignotus
1720 804 1783 865 est.
1832 789 1927 862 Nam
1952 788 2022 859 etsi
2045 810 2170 857 monu-

146 927 258 985 actate
291 905 534 999 interpretatio
566 902 605 969 in
638 899 805 969 manibus
837 893 1023 968 hominum
1056 894 1135 974 fuit,
1184 908 1302 965 menta
1324 892 1577 986 Apostolorum
1602 891 1737 965 Graeca
1760 906 1862 978 sunt,
1893 905 2017 962 tamen
2039 885 2171 982 phrasis

148 1033 377 1112 quoscunque
410 1008 470 1075 illa
503 1016 643 1075 autores
675 995 817 1071 habuit:
851 1014 968 1069 tamen
994 997 1136 1086 linguae
1185 993 1408 1068 estEbraica:
1431 1011 1582 1068 utnunc
1598 996 1878 1087 plurimibatine
1894 996 2099 1087 loquentes,
2118 1014 2172 1082 ps·

148 1116 305 1188 studium
340 1110 476 1181 utiliter
508 1119 684 1179 retentum
714 1116 783 1188 cst,
816 1115 856 1172 ut
879 1102 1008 1172 usitata
1031 1098 1136 1168 lectio
1185 1099 1273 1170 triae
1301 1099 1442 1190 linguae
1477 1094 1623 1192 phrasin
1659 1111 1776 1168 tamen
1806 1098 2010 1171 imitantur.
2071 1092 2174 1187 ldque

149 1216 329 1289 emendari
352 1226 385 1281 ει
412 1209 585 1281 illustrari
609 1220 736 1300 posset.
792 1198 895 1274 Nihil
916 1202 1055 1272 facilius
1075 1212 1138 1283 est,
1186 1200 1299 1291 magis
1315 1200 1441 1272 accidit
1456 1200 1656 1294 Apostolis,
1687 1200 1748 1293 qui
1763 1195 2031 1291 Prophetarum
2049 1218 2174 1265 sermo-

149 1344 253 1416 quam
276 1337 443 1405 magnum
462 1335 626 1382 acervum
648 1321 843 1378 erratorum
862 1318 1017 1375 vetustae
1040 1303 1139 1372 illius
1187 1327 1268 1373 nem
1284 1302 1384 1393 gravi
1398 1304 1547 1374 consilio
1559 1319 1592 1375 et
1609 1326 1736 1393 magno
1752 1302 1870 1374 studio
1885 1300 2176 1395 sequebanturat

150 1422 307 1494 Graecae
321 1414 484 1486 lectionis
498 1435 703 1502 congerere,
728 1408 921 1501 etquidem
938 1407 975 1475 in
996 1420 1139 1476 senten·
1187 1406 1392 1476 reddebant.
1447 1405 1495 1477 Ut
1511 1405 1619 1495 igitur
1641 1419 1735 1474 reete
1756 1417 1790 1475 et
1812 1406 1934 1474 dextre
1958 1399 2177 1490 intelligatur

149 1526 209 1594 tiis
231 1543 321 1616 quae
347 1517 557 1611 peculiarem
582 1513 778 1583 doctrinam
801 1511 1003 1593 continent,
1037 1506 1139 1577 utin
1188 1530 1298 1598 genus
1330 1509 1503 1576 sermonis
1536 1509 1576 1576 in
1614 1507 1782 1578 universo
1814 1528 1968 1596 corpore
2002 1524 2176 1573 sacromn

149 1626 292 1697 Psalmo
314 1644 388 1690 non
408 1617 704 1688 dissimulandum
730 1614 890 1705 estquod
912 1611 1139 1701 scripserunt,
1188 1612 1381 1689 librorum,
1416 1604 1554 1701 phrasis
1579 1610 1748 1679 discenda
1778 1623 1841 1680 est.
1897 1603 1957 1679 Ad
1987 1600 2091 1675 hane
2114 1604 2176 1673 sins

151 1720 417 1818 Apprehendite
442 1719 681 1810 disciplinam:
722 1739 786 1806 pro
815 1714 910 1784 dicto
932 1707 1141 1803 Prophetae,
1189 1708 1351 1781 Ebraicis
1363 1711 1476 1781 literis
1491 1711 1671 1804 perveniri
1687 1734 1761 1782 non
1777 1723 1902 1803 potest.
1955 1706 2056 1779 Nam
2075 1704 2172 1777 consi·

150 1825 375 1901 Oseulamini
397 1822 522 1895 filium.
575 1819 617 1888 ln
643 1814 709 1887 hoe
734 1818 830 1896 loco,
856 1816 917 1909 qui
943 1815 987 1882 de
1009 1812 1140 1883 Massia
1189 1813 1367 1884 derandae
1388 1828 1471 1883 sunt
1491 1815 1682 1884 verborum
1704 1813 1859 1903 origines
1880 1823 1915 1881 ει
1938 1804 2131 1902 emphases
2145 1807 2175 1877 iu

150 1928 393 2005 testimonium
418 1938 452 1994 ει
479 1922 676 1993 doctrinam
707 1917 944 1987 dulcissimam
972 1915 1141 1997 continet,
1190 1915 1276 2008 ipsis
1295 1915 1473 2001 fontibus,
1502 1916 1667 1987 discenda
1690 1929 1742 1985 εει
1762 1914 1984 2007 proprietas,
2012 1925 2053 1984 et
2067 1910 2175 1981 viden-

149 2029 382 2105 hallucinatio
397 2026 487 2098 iuste
502 2018 784 2116 reprehenditur.
817 2018 869 2089 Ac
883 2016 1013 2086 similia
1027 2030 1140 2086 errata
1190 2020 1297 2100 dum,
1327 2016 1390 2086 nbi
1413 2020 1670 2088 transferantur
1684 2042 1787 2088 voces
1810 2016 1994 2106 singulae,
2024 2027 2087 2086 aut
2109 2012 2175 2082 iun-

151 2128 450 2225 interpretationis
468 2139 623 2196 vetustae
635 2122 791 2192 Graecae
806 2135 839 2191 et
858 2118 1007 2190 Latinae
1032 2117 1141 2188 multa
1191 2134 1284 2204 ctae,
1310 2119 1485 2191 allusione
1499 2135 1533 2190 et
1547 2120 1668 2211 figuris
1683 2119 1726 2189 ad
1743 2119 1877 2189 vicinas
1893 2116 2174 2208 significationes.

150 2234 289 2307 recitari
305 2243 456 2324 possent.
489 2226 638 2317 Quoties
654 2225 758 2295 etiam
774 2222 911 2306 accidit,
931 2234 971 2291 nt
984 2220 1140 2289 membra
1191 2217 1354 2292 Omnino
1378 2222 1566 2314 peculiaris
1585 2225 1698 2292 forma
1725 2235 1776 2291 est
1795 2220 1997 2305 orationis,
2027 2216 2174 2310 gravissi·

149 2341 187 2409 in
207 2333 497 2425 interpretatione
512 2338 759 2420 compareant,
783 2337 817 2393 et
835 2336 951 2392 tamen
968 2321 1140 2391 sententia
1190 2349 1268 2393 mae
1284 2324 1381 2393 illius
1396 2325 1628 2418 antiquitatis,
1654 2324 1782 2409 brevis,
1807 2324 1971 2394 conferta
1989 2322 2112 2405 rebus,
2129 2340 2173 2385 re·

149 2466 225 2512 non
239 2437 459 2525 intelligatur
475 2431 520 2500 ab
537 2430 581 2498 iis
597 2429 657 2521 qni
677 2422 822 2519 phrasin
845 2449 917 2493 non
938 2436 1141 2513 agnoscunt,
1190 2429 1356 2510 reconda,
1378 2451 1452 2496 non
1468 2426 1653 2517 ambigua,
1678 2427 1738 2495 sed
1754 2425 1840 2495 alibi
1853 2426 2033 2518 proprie,
2061 2424 2171 2511 signate

150 2558 187 2614 ut
209 2541 247 2609 in
265 2538 422 2609 Psalmo:
448 2533 489 2604 si
514 2529 696 2600 dormietis
722 2529 814 2598 inter
833 2528 970 2598 medios
987 2528 1142 2622 clypeos,
1191 2542 1226 2599 et
1239 2527 1394 2598 dilucide
1416 2552 1619 2621 proponens
1641 2529 1733 2620 leges
1757 2542 1792 2598 et
1807 2528 2004 2617 dogmata,
2033 2525 2116 2595 alibi
2132 2543 2171 2592 res

149 2666 285 2739 pennae
310 2637 494 2709 columbae
513 2634 607 2702 velut
632 2644 815 2719 argentum
832 2642 867 2698 et
888 2653 1013 2699 aurum
1028 2629 1142 2717 fulge·
1191 2633 1329 2701 easdem
1348 2629 1561 2700 dulcissimis
1577 2631 1698 2720 figuris
1715 2629 1880 2720 pingens:
1908 2651 2010 2723 quae
2029 2628 2080 2699 ita
2092 2619 2168 2697 adhi-

149 2748 251 2818 hunt.
302 2738 413 2812 Recte
437 2737 543 2805 verba
568 2734 704 2802 reddita
721 2745 823 2816 sunt,
850 2734 910 2800 sed
935 2731 1019 2823 quid
1044 2731 1141 2798 dica·
1191 2736 1338 2817 bentur,
1363 2744 1404 2801 ut
1423 2733 1546 2801 lumen
1574 2734 1644 2801 sint
1670 2756 1793 2802 eorum
1815 2754 1905 2824 quae
1930 2731 2030 2801 alibi
2054 2726 2165 2822 proprie

151 2863 227 2931 tur,
252 2841 372 2914 Latini
388 2836 571 2917 homines,
599 2834 713 2923 ignari
731 2832 998 2903 consuetudinis
1012 2828 1142 2900 Ebrai-
1192 2858 1353 2904 sermone
1369 2833 1555 2917 dicuntur,
1581 2857 1653 2901 non
1671 2848 1711 2903 ut
1731 2834 1924 2904 offundant
1945 2834 2161 2911 tenebrasti

149 2973 229 3030 cae,
257 2942 414 3013 iudicare
436 2962 510 3007 non
532 2949 692 3028 possunt,
743 2930 851 3003 Aliud
871 2934 979 3022 igitur
993 2934 1053 3001 alii
1072 2932 1142 3002 La·
1193 2960 1234 3005 er
1249 2934 1353 3007 certis
1370 2935 1592 3023 dogmatibus
1607 2934 1738 3005 faciant
1757 2934 1935 3025 ambigna.
1996 2930 2154 3007 vatillo

150 3049 218 3118 tini
246 3046 285 3115 in
316 3041 516 3111 enarrando
543 3038 782 3108 somniarunt:
816 3038 875 3105 secl
900 3034 961 3129 qni
986 3034 1143 3125 agnoscit
1192 3062 1292 3109 suam
1309 3036 1519 3107 sententiam
1535 3037 1572 3105 in
1590 3038 1665 3127 lege
1678 3051 1712 3106 ει
1727 3036 1968 3130 promissione
1982 3032 2158 3109 recondit·

150 3146 317 3242 phrasin,
344 3142 511 3231 intelligit
537 3143 580 3210 de
602 3139 755 3209 exercitu
778 3138 861 3209 dici.
914 3137 954 3208 si
970 3136 1142 3226 iacebitis,
1192 3140 1300 3212 tionis
1322 3152 1452 3209 certam
1478 3153 1511 3210 et
1535 3138 1739 3230 explicatam
1766 3162 1859 3223 esse,
1891 3162 1974 3210 non
2006 3140 2100 3211 ludit
2118 3156 2167 3205 st*

152 3254 186 3321 iel
204 3263 275 3334 est,
300 3247 330 3317 si
345 3259 456 3316 castra
471 3240 651 3313 habebunt
669 3238 849 3312 Ecclesiae
864 3238 993 3332 passim
1008 3240 1044 3308 in
1061 3239 1144 3307 lini-
1193 3242 1297 3331 bigne
1312 3241 1435 3326 dictis,
1459 3265 1534 3310 non
1547 3241 1704 3314 offundit
1718 3240 1941 3335 praestigias,
1970 3266 2056 3313 non
2071 3234 2172 3311 ested

150 3356 229 3446 bns,
255 3351 373 3433 idest,
401 3345 607 3439 provinciis,
632 3344 817 3433 fulgebunt
831 3343 933 3423 acies,
959 3356 1002 3413 ut
1017 3365 1142 3410 aurum
1193 3337 1435 3437 labyrinthos,
1469 3345 1530 3411 sed
1557 3344 1664 3435 plane
1693 3342 1944 3428 concionatur,
1981 3359 2030 3417 ut
2059 3354 2174 3413 nostrat

151 3470 184 3527 ct
199 3466 394 3545 argentum.
421 3448 528 3539 Apud
544 3442 686 3515 Esaiam
703 3445 847 3534 legitur:
872 3442 1143 3516 Consummatio
1192 3458 1330 3515 mentes
1352 3468 1433 3515 enm
1456 3444 1642 3531 invocare,
1668 3459 1703 3514 et
1724 3458 1854 3515 certam
1872 3445 1920 3514 de
1938 3446 2028 3518 eius
2043 3448 2176 3517 Ιεεσετσ·

150 3554 352 3629 abbreviata
382 3548 578 3622 exundabit
605 3547 800 3637 iusticiam,
831 3545 961 3632 idest,
994 3546 1032 3614 in
1058 3569 1144 3616 con·
1195 3547 1303 3618 lentia
1335 3546 1545 3617 sententiam
1579 3546 1764 3638 concipere
1788 3546 1937 3638 possint.
2006 3548 2057 3622 Ut
2082 3560 2179 3617 auten

151 3657 405 3739 summatione,
433 3647 501 3721 hoe
524 3663 594 3735 est,
626 3650 663 3717 in
683 3650 753 3717 bne
769 3662 805 3719 ει
829 3649 977 3718 interitu
1000 3648 1145 3739 politiae
1194 3646 1280 3719 haec
1302 3648 1477 3720 certitudo
1499 3662 1660 3720 teneatur
1676 3662 1709 3718 et
1727 3649 1959 3737 defendatur,
1990 3654 2181 3721 neccsseest

152 3758 332 3831 Moesicae
363 3753 575 3833 constituto,
611 3751 748 3820 iusticia
779 3749 987 3820 cmmdabit:
1022 3750 1058 3817 id
1084 3761 1146 3833 εει,
1193 3749 1365 3821 Doctores
1386 3751 1425 3819 in
1444 3746 1600 3821 Ecclesia
1621 3744 1768 3842 phrasin
1789 3750 1864 3820 eius
1886 3750 2043 3843 linguae
2065 3747 2182 3821 intelli·
2211 3792 2218 3863 q

151 3859 346 3930 donabitur
376 3869 517 3926 aeterna
546 3853 698 3938 iustitia,
730 3865 764 3922 et
795 3852 864 3921 late
892 3851 1146 3944 propagabitur
1195 3877 1285 3944 gere,
1309 3876 1400 3948 quae
1415 3853 1529 3923 literis
1542 3851 1744 3924 testimonia
1761 3866 1795 3923 et
1811 3874 2001 3926 sermones
2015 3853 2087 3927 Dei
2101 3874 2182 3923 cotn-

154 3964 262 4032 misso
290 3962 532 4047 redemptore,
567 3968 602 4024 et
634 3977 752 4046 sparsa
787 3952 825 4021 in
858 3957 1034 4024 mundum
1061 3976 1146 4024 voce
1194 3955 1295 4048 plexa
1320 3966 1383 4027 est.
1436 3951 1485 4026 Ut
1511 3954 1661 4025 artifices
1681 3968 1834 4026 caeteros
1855 3978 2006 4027 σεεεεεε
2031 3970 2087 4029 εει
2115 3972 2184 4023 suas

153 4061 353 4153 Evangelii.
402 4056 482 4129 Hoc
498 4057 633 4127 dictum
654 4054 804 4127 aPaulo
823 4055 926 4125 citari
950 4057 994 4126 ad
1009 4052 1146 4126 Roma·
1195 4080 1372 4154 quemque
1387 4056 1474 4127 artis
1489 4057 1660 4127 vocabula
1683 4078 1801 4127 nosse:
1826 4057 1876 4126 sic
1890 4080 1962 4129 nos
1985 4058 2028 4129 iu
2039 4053 2185 4131 Ecclesia

153 4188 221 4236 nos
236 4160 466 4246 meministis,
488 4159 550 4254 qui
567 4158 755 4229 lectionem
775 4172 859 4227 tunc
876 4158 1038 4228 usitatam
1061 4157 1147 4228 reti.
1196 4171 1334 4252 oportet
1349 4181 1470 4230 earum
1485 4182 1605 4229 rerum
1625 4158 1879 4251 appellationes
1900 4159 2131 4253 intelligere,
2150 4158 2185 4227 dt
2216 4190 2218 4201 ·

156 4267 249 4361 nuit,
273 4288 339 4335 nec
353 4262 564 4333 aberravita
580 4260 767 4344 sententia,
792 4260 930 4331 tametsi
945 4260 1049 4331 lectio
1061 4283 1147 4328 con·
1197 4260 1328 4355 quibus
1344 4260 1441 4333 Deus
1463 4260 1706 4333 concionatur.
1756 4259 1891 4331 Paulus
1913 4261 2028 4335 dicit:
2057 4260 2186 4333 lnduitt
2216 4270 2218 4279 '

154 4369 232 4439 fusa
249 4382 301 4438 est
318 4380 353 4437 et
366 4363 503 4435 mutila.
553 4362 623 4433 Sed
647 4361 785 4433 collatis
802 4360 961 4432 fontibus
987 4362 1149 4452 agnosci·
1198 4365 1329 4433 viscera
1343 4362 1622 4434 miserationum.
1656 4360 1755 4452 Quid
1772 4357 1880 4433 bomo
1894 4360 2058 4436 Latinus
2072 4376 2186 4435 uun

157 4486 216 4542 tur
240 4467 430 4542 sententia:
475 4456 587 4563 λόγον
621 4466 809 4538 συντελῶν
838 4459 901 4535 καὶ
930 4461 1149 4559 συντέμνων
1197 4466 1382 4558 peregrina
1397 4467 1511 4537 forma
1525 4465 1700 4535 sermonis
1719 4464 1920 4555 intelligat?
1955 4464 2032 4538 Sed
2048 4462 2186 4538 Ebraeit

160 4572 200 4646 ἐν
216 4561 447 4662 δικαιοσύνῃ.
507 4566 685 4658 lnterpres
707 4558 819 4664 λόγον
846 4570 1036 4641 συντελῶν
1060 4565 1151 4636 dixit
1197 4568 1325 4639 usitata
1356 4565 1564 4660 metaphora
1591 4579 1662 4647 εει,
1692 4566 1824 4637 viscera
1848 4589 1915 4658 pro
1939 4592 2031 4641 vcra
2059 4564 2187 4665 στοργῇ
2217 4606 2219 4657 t

159 4699 233 4746 rem
248 4674 388 4754 liniens,
405 4684 445 4739 ut
458 4670 574 4740 solent
585 4664 715 4738 Ebraei
732 4668 864 4738 dicere:
880 4667 986 4758 Quod
1002 4684 1054 4740 est
1070 4692 1150 4738 ver·
1199 4670 1316 4740 cordis
1330 4669 1459 4740 dicere.
1509 4665 1607 4761 Ergo
1628 4692 1708 4739 eum
1732 4667 1866 4763 inquit:
1895 4664 2187 4743 ludniteviscert
2217 4662 2219 4713 Ι

159 4777 265 4860 bum,
291 4774 328 4841 id
345 4785 408 4856 est,
434 4772 519 4865 quid
536 4770 606 4852 rei,
633 4771 720 4864 quid
733 4770 870 4860 negocii
886 4786 947 4843 est.
1002 4769 1066 4856 lta,
1093 4771 1150 4838 in·
1198 4771 1486 4858 miserationum,
1510 4773 1586 4842 vult
1604 4794 1676 4839 non
1692 4770 1893 4840 simulatam
1908 4770 2219 4845 misericordin'

161 4875 257 4969 quit,
282 4872 402 4955 liniet,
427 4872 526 4943 utin
550 4897 590 4941 co
617 4872 762 4943 interitu
785 4886 902 4942 tamen
926 4871 1064 4945 iusticia
1091 4898 1151 4943 ex·
1199 4874 1358 4959 ostendi,
1398 4876 1457 4944 sed
1494 4897 1612 4945 veram
1646 4886 1681 4944 et
1705 4885 1905 4943 nascentem
1925 4870 1969 4943 in
1993 4878 2109 4947 eorde
2128 4870 2188 4945 ui·

161 4976 311 5046 oriatur:
347 4976 407 5068 qni
435 4972 582 5044 verbnm
606 4974 848 5045 abbreviatum
875 4976 994 5060 faciet,
1028 4976 1151 5064 idest,
1199 4991 1300 5060 stete,
1325 4976 1363 5044 in
1380 5000 1448 5071 qua
1467 4989 1581 5047 totum
1597 4988 1718 5067 peetus
1734 4972 1863 5044 sentiat
1877 4974 2051 5049 dolorem
2065 4978 2189 5050 attense

162 5100 236 5148 rem
252 5076 508 5145 abbreviatam:
540 5071 608 5146 hoc
625 5090 696 5159 est,
722 5080 828 5145 finem
853 5077 1042 5147 constituet
1067 5073 1151 5149 huic
1199 5077 1372 5152 miseriae.
1423 5075 1507 5147 Ideo
1521 5077 1608 5148 dicit
1626 5069 1821 5174 σπλάγχνα
1835 5076 2063 5173 οἰκτιρμῶν.
2217 5068 2219 5107 ⁵

161 5178 326 5272 politiae,
358 5179 396 5245 in
414 5202 482 5269 qna
500 5177 618 5247 ludaei
634 5179 808 5270 putabant
826 5201 864 5246 εε
887 5179 1037 5269 imperio
1053 5180 1150 5250 orbis
1300 5180 1423 5266 Dices,
1447 5176 1515 5250 hoc
1532 5202 1606 5249 esse
1621 5177 1819 5259 minutum,
1845 5192 1880 5248 et
1895 5179 1978 5250 sine
1995 5176 2068 5253 hac
2089 5179 2189 5255 subli-
2216 5120 2220 5229 i

161 5296 336 5351 terrarum
353 5279 528 5371 potitums
545 5301 627 5349 csse.
678 5277 754 5350 Etsi
770 5280 879 5368 igitur
894 5281 997 5351 lectio
1014 5279 1150 5352 Graeca
1199 5283 1297 5353 litate
1313 5306 1433 5352 rerum
1450 5304 1603 5352 summas
1618 5279 1767 5369 intelligi
1788 5301 1900 5372 posse.

163 5383 345 5453 confusior
370 5392 438 5465 cst,
464 5395 581 5451 tamen
603 5378 755 5452 Ebraice
774 5394 954 5475 uteunque
979 5385 1151 5470 eruditus,
1301 5382 1378 5476 Ego
1393 5408 1480 5455 vero
1495 5383 1594 5454 volui
1607 5383 1804 5474 exemplum
1819 5406 2030 5474 proponere
2044 5412 2121 5459 non
2136 5386 2188 5456 ob-

162 5484 320 5574 agnoscit
335 5482 485 5554 Paulum
501 5484 654 5554 retinere
669 5482 827 5554 nativam
841 5485 1061 5561 senteutiam.
1173 5486 1351 5559 iscurnm.
1394 5486 1444 5558 Αι
1458 5481 1548 5556 mihi
1565 5484 1697 5557 credite
1712 5497 1807 5556 totus
1821 5507 1942 5557 sermo
1966 5486 2187 5583 propheticus
