4664 6022
139 300 217 378 679

244 471 411 562 Longum
437 464 498 541 hic
521 480 610 537 ess'et
632 489 831 549 recensere,
867 490 973 560 quam
999 467 1140 559 copiose

144 576 259 648 nostri
272 574 411 645 fabulas
430 573 635 665 poematum
657 570 700 638 de
722 570 930 655 connubiis,
956 570 1141 640 adulteriis

147 693 182 750 et
197 677 384 749 discordiis
398 676 546 745 deorum
562 667 855 762 reprehenderint
870 686 903 743 et
919 672 1142 762 exagitarint.

147 782 219 854 Sed
244 774 378 850 hasne
408 777 483 868 ipse
508 775 650 869 quidem
674 770 926 869 Symmachus,
957 774 1080 845 Cicero
1108 787 1146 844 et

147 882 281 954 similes
302 880 511 974 probabant.
562 872 637 948 Aut
657 877 779 947 ludere
801 890 943 968 poetas,
975 892 1036 948 aut
1057 878 1144 947 alle-

148 983 266 1078 gorias
280 984 418 1054 tradere
434 980 711 1052 arbitrabantur.
765 977 912 1051 Interim
929 995 1048 1052 tamen
1064 981 1145 1048 fons

151 1109 311 1158 errorum
337 1086 382 1155 ab
407 1085 479 1155 illis
500 1082 661 1174 patronis
676 1081 868 1167 retinetur,
894 1085 1021 1153 volunt
1034 1083 1146 1152 usita-

150 1204 204 1261 tas
223 1187 413 1278 religiones
433 1184 652 1269 conservari,
687 1185 846 1253 invocari
873 1182 1011 1268 lovem,
1044 1184 1147 1254 Mar-

151 1305 240 1374 tem,
267 1287 495 1381 Apollinem,
527 1285 772 1371 Mercurium,
807 1283 1000 1380 lnnonem,
1027 1285 1147 1356 Palla·

152 1395 248 1464 dem:
283 1384 352 1462 hoc
372 1391 460 1485 quid
485 1403 538 1460 est
558 1389 656 1458 aliud
672 1412 777 1481 quam
792 1392 905 1461 multa
921 1405 1062 1461 aeterna
1079 1414 1148 1458 nu-

150 1495 248 1565 mina
264 1491 505 1577 comminisci,
531 1502 566 1560 et
580 1504 618 1561 ut
633 1491 673 1559 in
687 1490 829 1560 civitate
842 1493 980 1564 diversa
998 1513 1147 1561 monera

153 1596 303 1687 singulis
319 1593 537 1665 attribuere?

156 1760 162 1769 ·
255 1712 330 1784 lam
353 1734 434 1782 cum
456 1722 591 1782 constet
612 1704 699 1779 haec
723 1708 848 1779 deliria
875 1733 951 1779 non
976 1731 1050 1807 esse¹
1074 1710 1149 1801 pri-

154 1839 248 1887 mam
272 1814 503 1902 religionem,
529 1813 730 1905 quaerenda
753 1824 806 1881 est
822 1812 892 1881 alia
917 1813 1091 1883 vetustior
1114 1823 1150 1881 ct

153 1917 295 2013 purior:
320 1911 381 1985 hic
394 1916 606 1985 conferenda
624 1927 676 1984 est
692 1914 895 2007 antiquitas.
948 1913 1065 1985 Series
1080 1915 1149 1982 im-

155 2019 336 2114 periorum
359 2029 507 2088 testatur
521 2040 577 2086 res
594 2014 748 2086 Graecas
769 2029 804 2085 et
820 2013 1004 2087 Romanos
1028 2040 1150 2086 recen·

154 2121 265 2193 tiores
280 2143 352 2190 esse
365 2115 628 2190 Chaldaeorum
646 2132 680 2189 et
694 2113 914 2188 Phoenicum
929 2113 1099 2189 historiis.

257 2239 396 2311 Deinde
412 2238 452 2308 in
473 2235 619 2308 Graccis
635 2250 697 2307 aut
710 2233 886 2308 Romanis
908 2237 1150 2308 monumentis

156 2367 232 2414 non
258 2342 476 2422 ostenditur,
508 2341 605 2410 unde
635 2339 824 2428 religiones
848 2363 967 2409 earum
993 2340 1150 2433 gentium

156 2446 325 2530 traditae,
362 2459 422 2514 aut
448 2444 629 2537 quomodo
661 2454 870 2533 propagatae
894 2444 981 2527 sint,
1018 2444 1150 2513 multae

157 2549 284 2619 subitis
300 2547 439 2615 casibus
460 2557 558 2614 ortae
576 2556 678 2629 sunt,
703 2568 854 2637 quarum
871 2544 1011 2637 aliquae
1030 2558 1063 2615 et
1077 2546 1151 2615 dis-

157 2651 316 2724 sentiunt
335 2649 428 2717 inter
447 2669 540 2732 sese,
574 2658 607 2715 et
627 2671 707 2715 cum
732 2659 857 2715 natura
877 2660 1057 2737 pugnant,
1082 2647 1152 2717 luit

156 2753 251 2824 enim
273 2751 440 2820 usitatum
463 2749 535 2818 fere
552 2748 720 2818 omnibus
737 2748 901 2837 gentibus
919 2748 1052 2838 ignaris
1073 2748 1153 2835 Dei,

82 2859 85 2865 ’
157 2866 311 2924 mactare
334 2846 507 2921 humanas
526 2845 677 2934 hostias,
702 2850 857 2942 denique
883 2875 1027 2941 prorsus
1052 2851 1151 2920 nulla

156 2968 243 3026 sunt
257 2965 489 3023 monumenta
503 2949 723 3022 Graecorum
740 2963 801 3021 aut
814 2949 1040 3038 Latinorum,
1063 2975 1151 3046 quae

156 3057 348 3130 ostendant
361 3055 516 3144 origines
531 3077 678 3124 suorum
694 3077 887 3127 sacrorum.

258 3170 380 3247 Unum
395 3185 513 3244 autem
530 3185 623 3242 extat
638 3170 807 3264 scriptum
816 3170 938 3266 Moisi,
965 3173 1060 3267 quod
1077 3173 1152 3266 pri·

156 3302 256 3349 mum
273 3275 442 3368 temporis
456 3287 609 3346 vetustas
625 3273 729 3342 nobis
751 3277 995 3358 commendat,
1023 3278 1151 3349 deinde

157 3378 341 3451 doctrinae
356 3376 473 3450 series.
525 3375 674 3447 Nullum
692 3389 744 3447 est
762 3377 857 3446 enim
874 3380 1041 3471 scriptum
1058 3378 1152 3449 anti-

157 3482 288 3577 quius?
335 3476 492 3564 Deinde,
523 3479 664 3548 nullum
689 3479 833 3549 exordia
857 3482 984 3551 mundi
1005 3494 1039 3550 et
1063 3495 1152 3551 tem-

155 3605 245 3676 pora
266 3597 361 3655 certo
389 3581 555 3652 distincta
588 3603 738 3649 numero
767 3605 963 3667 annorum,
999 3583 1153 3674 origines

157 3685 335 3776 gentium,
362 3696 397 3755 et
411 3683 659 3772 migrationes,
687 3681 788 3751 initia
810 3683 1024 3772 religionum
1040 3699 1075 3755 et
1089 3686 1153 3753 de-

156 3787 384 3878 pravationes
405 3798 498 3854 certa
523 3784 630 3854 series
652 3783 837 3868 describit,
868 3797 907 3854 ut
932 3779 1018 3855 hacc
1043 3785 1152 3856 Moisi

155 3884 317 3963 historia.
368 3885 460 3958 Cum
483 3885 592 3976 igitur
613 3881 750 3955 Graeca
778 3901 1008 3958 monumenta
1030 3912 1152 3958 recen-

74 4041 76 4045 ι
159 3990 248 4062 tiora
265 3990 355 4075 sint,
381 4013 461 4059 cum
478 3985 571 4058 nihil
588 3990 631 4057 de
648 4001 731 4058 ortu
746 4003 807 4059 aut
827 3990 1080 4081 propagatione
1096 4015 1152 4062 re-

158 4091 333 4180 ligionum
348 4090 434 4161 certi
451 4091 580 4174 dicant,
604 4088 758 4182 denique
774 4113 853 4160 cum
869 4092 1058 4164 absurdam
1071 4094 1152 4186 opi·

158 4193 303 4263 nionem
329 4195 373 4262 de
397 4192 626 4263 multitudine
650 4192 798 4262 deorum
823 4195 1045 4282 contineant,
1087 4221 1152 4266 ne-

153 4315 253 4366 cesse
267 4308 317 4364 est
331 4295 499 4365 anteferri
516 4293 671 4365 Moisen.
779 4309 782 4314 '

260 4412 330 4485 Sed
346 4413 431 4504 fingi
446 4408 533 4484 haec
550 4411 706 4507 potuisse
718 4411 819 4506 impii
835 4415 975 4502 dicunt,
1008 4431 1048 4487 ut
1065 4421 1152 4510 poe'·

158 4530 292 4587 matum
315 4516 471 4587 fabulas:
505 4516 578 4585 imo
599 4528 692 4585 certa
714 4517 902 4589 autoritate
927 4513 966 4588 hi
988 4519 1072 4589 libri
1095 4543 1151 4589 as-

158 4617 287 4689 servati
310 4630 412 4700 sunt,
437 4617 475 4686 in
501 4630 603 4708 gente
626 4641 703 4685 non
725 4619 893 4704 obscura,
924 4644 1030 4712 quam
1053 4618 1151 4692 Deus

157 4720 237 4789 ideo
263 4732 314 4790 tot
339 4720 440 4789 miris
462 4718 648 4789 eventibus
668 4721 830 4800 ornavit,
849 4735 891 4792 ut
907 4721 1149 4793 testimonium

158 4821 202 4889 de
217 4819 320 4891 libris
337 4835 371 4892 et
396 4821 559 4892 doctrina
578 4821 721 4895 diceret.
773 4818 908 4892 Eduxit
932 4847 973 4890 ex
989 4822 1149 4919 Aegypto

157 4922 226 5009 sic,
251 4938 291 4996 ut
304 4926 491 5015 adpareret
505 4947 578 4995 rem
602 4919 698 5015 geri',
724 4948 798 4994 non
819 4919 982 4993 humanis
999 4929 1149 4999 viribus.

260 5056 312 5130 lta
329 5059 430 5129 miris
445 5058 631 5150 exemplis,
657 5059 697 5127 in
713 5082 752 5128 ea
767 5060 849 5128 sede
862 5058 899 5126 in
917 5084 1022 5153 quam
1037 5063 1148 5132 collo-

157 5173 272 5248 carat,
312 5185 371 5231 eos
404 5161 579 5244 defendit,
625 5181 741 5229 annos
768 5159 908 5230 circiter
940 5178 1148 5252 nongentos,

156 5260 270 5334 donec
286 5261 506 5358 Babylonem
520 5263 663 5332 abducti
681 5274 775 5335 sunt.
827 5260 916 5331 Inde
932 5266 1088 5350 reduxit,
1115 5279 1147 5336 et

155 5367 309 5438 servavit
326 5390 386 5437 eos
404 5390 515 5461 usque
529 5365 573 5434 ad
592 5361 801 5456 Apostolos,
827 5387 940 5435 annos
953 5367 1025 5437 tere
1040 5368 1148 5463 quin-

156 5480 288 5556 gentos

824 288 984 368 nucu.
1035 289 1110 369 DE
1143 289 1478 370 AMBROSIO.

2108 297 2189 376 580

1296 463 1378 536 Non
1396 464 1504 556 igitur
1518 460 1604 536 baec
1619 467 1783 540 doctrina
1799 471 1928 561 poema
1943 485 1998 544 est
2011 486 2195 566 acceptum

1195 569 1241 638 ab
1261 568 1422 638 obscuris
1442 582 1503 640 aut
1526 569 1657 660 ignotis
1683 572 1880 649 autoribus.
1939 572 2077 647 Omnia
2102 589 2196 667 gesta

1196 684 1280 740 sunt
1303 671 1342 739 in
1364 671 1462 757 luce,
1488 686 1523 743 et
1542 674 1781 764 spectantibus
1804 676 1932 748 vicinis
1950 675 2112 768 Regibus
2125 677 2195 749 Ba·

1195 774 1391 868 bylonicis,
1424 770 1599 869 Assyriis,
1631 772 1833 871 Aegyptiis,
1859 792 1894 851 et
1917 781 2050 852 deinde
2072 779 2196 850 Mace-

1197 877 1333 946 donum
1357 881 1520 968 posteris.
1571 876 1627 949 Ac
1647 880 1753 951 multi
1776 878 1892 971 Reges
1913 882 2047 953 summi
2067 907 2112 953 ex
2129 878 2193 969 his,

1197 1002 1278 1047 rum
1296 974 1404 1049 huius
1426 978 1540 1069 gentis
1555 981 1755 1052 doctrinam
1772 986 2038 1073 cognovissent,
2062 985 2192 1055 divinis

1198 1081 1287 1151 moti
1305 1081 1520 1152 testimoniis
1541 1083 1682 1155 adsensi
1697 1098 1781 1156 sunt
1797 1099 1832 1156 et
1846 1087 1935 1181 ipsi,
1962 1113 2003 1160 ac
2020 1088 2190 1159 idoloma-

1198 1182 1277 1252 nias
1293 1183 1509 1255 abiecerunt.
1623 1214 1624 1219 ¹

1301 1284 1436 1371 David,
1463 1284 1627 1372 Salomo,
1659 1287 1795 1359 vicinos
1817 1287 1933 1380 Reges
1956 1302 2131 1361 vocarunt
2148 1292 2185 1362 ad
2227 1258 2229 1267 Ι

1199 1410 1319 1456 veram
1335 1388 1512 1479 pietatem.
1555 1386 1785 1461 Audivernut
1800 1393 1937 1487 Assyrii
1956 1390 2098 1484 lunam,
2122 1390 2184 1463 Ds-

1200 1489 1331 1558 nielem
1364 1488 1650 1580 Nabugdonosor
1682 1492 1812 1579 victor,
1847 1506 1884 1566 et
1914 1495 2046 1566 deinde
2072 1493 2183 1590 Cym

1199 1588 1371 1672 Esdram,
1407 1589 1616 1663 Nehemiam
1643 1589 1865 1666 Artaxerxes.
1916 1595 1969 1666 Hi
1989 1600 2073 1667 cuni
2096 1599 2182 1671 vide·

1202 1695 1274 1763 rint
1301 1695 1423 1763 divina
1456 1697 1615 1786 exempla
1653 1711 1687 1767 et
1718 1699 1903 1768 doctrinae
1939 1697 2086 1770 adsensi
2112 1699 2183 1786 sint,

1201 1808 1294 1866 certe
1309 1808 1482 1867 testantur
1497 1798 1609 1868 libros
1627 1822 1701 1868 non
1718 1822 1792 1869 esse
1805 1802 2088 1874 commentitios.

1303 1911 1443 1984 Deinde
1463 1915 1596 1985 multae
1619 1915 1841 1987 narrationes
1862 1918 2014 1989 aliarum
2036 1918 2184 2009 gentium

1201 2015 1440 2105 suffragantur
1461 2011 1621 2087 historiis
1645 2016 1772 2088 Moisi:
1807 2018 1943 2090 Mansit
1965 2019 2101 2091 diluvii
2121 2043 2185 2090 mc·

1201 2118 1316 2187 moria
1339 2122 1432 2209 apud
1458 2115 1634 2205 Graecos,
1670 2135 1877 2193 manserunt
1904 2124 2057 2193 nomina
2079 2120 2186 2216 Iapeti

1204 2219 1321 2306 lonis,
1347 2217 1502 2307 Cithim,
1527 2217 1631 2291 Elam
1647 2235 1682 2292 et
1694 2223 1763 2292 alia
1779 2226 1965 2317 quaedam.
2020 2224 2096 2296 Sed
2111 2249 2185 2320 quo-

1202 2324 1311 2392 modo
1334 2336 1511 2394 servatum
1533 2324 1580 2395 sit
1601 2346 1713 2413 genus
1736 2320 1952 2413 humanum,
1980 2329 2084 2399 unde
2103 2341 2185 2400 onos

1204 2427 1247 2495 sit
1271 2422 1429 2516 lapetus,
1462 2425 1543 2520 quis
1563 2428 1670 2498 suerit
1693 2425 1759 2496 lon
1776 2425 1932 2499 Graecae
1953 2430 2077 2519 gentis
2091 2443 2181 2523 peter,

1204 2529 1282 2623 quis
1291 2523 1438 2612 Cithim,
1462 2530 1558 2597 unde
1576 2526 1747 2599 Macedon
1763 2543 1824 2611 est,
1849 2531 1929 2625 quis
1943 2527 2068 2615 Elam,
2095 2552 2184 2625 aquo

1204 2631 1387 2725 propagati
1410 2643 1496 2701 sunt
1509 2628 1655 2717 Persae,
1681 2655 1787 2701 nemo
1809 2633 1947 2724 integra
1959 2650 2107 2722 narrat,
2121 2630 2186 2704 nisi

1205 2734 1351 2804 Moises.

1302 2830 1627 2904 celebratissimum
1642 2845 1694 2902 est
1707 2857 1840 2905 nomen
1849 2833 2084 2925 Hammonis,
2098 2858 2188 2933 quen
2226 2890 2229 2903 .

1204 2933 1341 3004 Arabes
1357 2949 1391 3004 et
1407 2932 1574 3028 Aegyptii
1587 2958 1707 3005 errore
1721 2938 1920 3013 coluerunt.
1967 2937 2021 3012 At
2037 2965 2083 3011 ex
2095 2937 2188 3012 Maii

1203 3035 1306 3105 libris
1328 3037 1432 3105 facile
1458 3035 1609 3106 iudicari
1637 3051 1769 3130 potest,
1804 3063 1861 3110 eas
1885 3053 2008 3131 gentes
2040 3038 2182 3114 ortsssb

1203 3135 1320 3208 Harno
1334 3138 1409 3208 filio
1423 3133 1556 3225 Nohae,
1578 3139 1766 3211 retinuisse
1783 3142 1941 3213 nominis
1954 3147 2168 3217 memorien·

1306 3251 1506 3327 Manethon
1521 3258 1690 3331 describit
1702 3261 1958 3351 profectionem
1975 3259 2189 3336 Ebraeorun

1205 3383 1246 3428 ex
1261 3355 1441 3454 Aegypto,
1466 3372 1502 3430 et
1517 3373 1657 3432 secutus
1674 3363 1806 3454 priscas
1821 3365 2050 3436 narrationes
2063 3366 2191 3449 Strabo,

1204 3462 1255 3532 ait
1271 3460 1414 3532 Moisen
1430 3462 1556 3532 ducem
1571 3463 1697 3549 fuisse,
1723 3465 1787 3558 qui
1809 3488 1958 3556 maguae
1973 3465 2191 3541 multitudini

1205 3565 1433 3656 persuaserit,
1458 3588 1533 3634 non
1546 3578 1639 3637 recte
1654 3566 1723 3636 coli
1736 3568 1856 3639 Deum
1873 3569 1918 3639 ab
1930 3566 2141 3664 Aegyptiis,
2159 3588 2192 3640 sc

1205 3661 1419 3737 simulachra
1451 3680 1630 3737 execratus
1663 3669 1725 3755 sit,
1762 3683 1797 3740 et
1822 3671 1985 3742 docuerit
2019 3672 2192 3766 quomou

1205 3765 1302 3838 Deus
1318 3769 1538 3841 invocandus
1554 3769 1610 3838 sit.
1645 3767 1743 3840 llaec
1758 3771 1900 3859 Strabo,
1916 3775 1979 3866 qui
1993 3770 2192 3871 Aegyptum

1204 3871 1450 3962 perlustravit,
1476 3895 1517 3940 ex
1537 3870 1612 3939 eius
1629 3873 1743 3962 gentis
1755 3876 1996 3946 monumentis
2016 3873 2119 3948 baud
2136 3878 2192 3948 du·

1204 3973 1262 4044 bie
1289 3974 1439 4065 accepit,
1467 3996 1557 4065 quae
1582 3986 1757 4045 testantur
1781 3972 2006 4049 Ebraeorum
2034 3975 2192 4051 historias

1204 4077 1411 4148 vetustiores
1424 4097 1496 4143 esse
1514 4071 1673 4147 Graecis.

2225 2132 2229 2273 t

1306 4191 1380 4263 Nec
1401 4193 1742 4265 leve'testimonium
1764 4208 1817 4266 est
1831 4195 2079 4291 antiquitatis,
2106 4196 2192 4295 quod
2227 4168 2229 4177 Ι

1204 4295 1344 4380 literae,
1376 4308 1416 4366 ut
1437 4296 1567 4367 fatetur
1588 4293 1814 4384 Herodotus,
1845 4323 1865 4370 a
1890 4296 2138 4374 Phoenicibus
2160 4300 2192 4371 in

1204 4395 1390 4467 Graeciam
1408 4397 1564 4489 primum
1580 4398 1707 4470 allatae
1721 4413 1814 4471 sunt.

1303 4509 1351 4585 Et
1360 4525 1569 4607 ‘quanquam
1585 4511 1791 4587 Herodotus
1805 4514 1920 4607 Reges
1933 4511 2132 4615 Aegyptios
2146 4543 2193 4593 re·

1203 4629 1339 4702 censet,
1370 4629 1489 4686 tamen
1521 4617 1675 4706 ingenue
1709 4619 1838 4688 latetur
1868 4621 2082 4693 vetustiores
2115 4650 2136 4695 a
2162 4645 2193 4693 se

1201 4718 1409 4812 praeteritos
1423 4741 1506 4788 esse.
1550 4716 1721 4790 Nominat
1738 4721 1875 4814 eosqui
1893 4724 2085 4813 paululum
2101 4738 2194 4798 ante·

1202 4833 1381 4892 cesserunt
1395 4816 1571 4888 Persicam
1588 4816 1851 4908 monarchiam,
1876 4849 2031 4917 quorum
2052 4827 2194 4899 nomina

1202 4938 1319 4994 extant
1335 4936 1369 4992 et
1386 4923 1423 4991 in
1438 4917 1627 5014 Prophetis
1644 4923 1910 4996 recentioribus.

1304 5039 1468 5111 leremias
1493 5041 1539 5112 ait
1564 5039 1698 5133 Regem
1713 5039 1973 5136 Babylonicum
1998 5048 2194 5120 conflixisse

1200 5168 1281 5214 cum
1296 5141 1403 5212 Nero.
1453 5139 1658 5214 Herodotus
1681 5147 1899 5215 mentionem
1920 5148 2005 5218 tacit
2027 5150 2116 5221 belli
2132 5150 2194 5246 Sy·

1199 5246 1304 5330 riaci,
1329 5246 1424 5338 quod
1438 5245 1543 5334 gessit
1557 5243 1682 5316 Necus.

1301 5361 1444 5430 Deinde
1468 5359 1635 5431 leremias
1663 5363 1877 5434 vaticinatur
1903 5365 1948 5437 de
1971 5360 2103 5458 Aprie,
2136 5365 2191 5461 qui

1200 5463 1360 5554 regnavit
1387 5476 1468 5557 post
1490 5465 1641 5535 deletam
1663 5488 1684 5535 a
1710 5460 1899 5537 Chaldaeis
1928 5465 2190 5567 lerosolymam.
