4620 6008
234 293 309 369 867
584 283 744 365 DECL.
794 281 873 361 DE
904 282 1243 363 UTlLl'l'ATE
1276 282 1559 365 stublon.
1592 286 1933 388 ELOQUENT.
2206 306 2272 391 ⁸00

231 489 313 541 rum
329 487 370 537 ac
383 458 563 554 gentium,
586 473 621 532 et
638 459 695 529 vel
709 459 905 529 incendens
924 459 1148 549 languentes,
1174 461 1230 531 vel
1282 459 1404 546 iussit,
1430 460 1932 559 cuius-omnes-eogitatiooes
1955 475 2028 546 ism
2055 477 2095 548 in
2122 487 2272 573 paramo

231 587 402 643 revocms
429 588 471 635 ac
498 564 627 635 sedans
658 561 842 649 incitatas,
885 562 1028 657 qualem
1061 564 1232 637 describit
1281 563 1378 635 bello
1392 565 1562 637 adrasus
1578 565 1714 639 Turcas
1730 593 2035 654 consumerentur.
2087 581 2194 657 Hane
2208 588 2273 662 ein

232 667 414 763 Vergilius
426 667 666 763 eloquentiam
682 690 762 737 cum
780 666 846 737 ait:
1281 666 1481 738 orationem
1497 671 1691 760 prudentes
1705 699 1848 765 omnes,
1869 694 2017 773 propter
2035 686 2229 759 eonsilium
2245 707 2272 766 et

309 777 361 844 Ao
378 782 475 841 voluti
493 798 603 860 magno
619 780 653 839 in
668 780 786 861 populo
802 797 874 840 eum
888 798 977 859 saepe
991 788 1094 839 coorta
1108 789 1154 841 est
1282 769 1539 843 sententiarum
1554 775 1773 865 gravitatem,
1791 783 1925 854 emditi
1940 784 2048 857 eliam
2060 805 2213 884 propter
2222 816 2271 884 ge·

310 880 452 962 sadum
477 885 632 966 nevitque
645 885 755 943 animis
771 883 907 963 ignobile
922 884 1043 962 uagus,
1282 896 1351 943 nus
1374 875 1585 962 verborum,
1627 900 1754 969 magna
1783 907 1866 955 curn
1893 889 2135 964 admiratione
2159 898 2272 967 audie·

308 983 436 1071 lamque
452 985 575 1048 feceret
591 989 797 1064 saxsvotent,
823 986 909 1046 furor
924 1005 1008 1047 uma
1021 987 1189 1047 ministret:
1282 977 1386 1049 bant:
1423 990 1563 1049 tantum
1587 980 1705 1053 laudis
1716 981 1879 1080 Principi
1902 991 2062 1082 pariebat
2078 994 2211 1068 Latine
2226 1001 2271 1070 di-

309 1089 394 1155 Tum
407 1091 518 1172 pietate
531 1110 653 1171 grum
667 1091 830 1152 ermerici·
844 1093 870 1151 st
883 1090 962 1150 torte
975 1093 1077 1150 vnum
1091 1110 1182 1173 quem
1282 1079 1386 1149 cendi
1408 1080 1570 1155 facultas.
1623 1082 1745 1173 Quare
1774 1102 1811 1160 et
1835 1092 1992 1187 reliquae
2016 1098 2271 1187 nobilitati,et

310 1193 523 1276 conspexere,
549 1197 658 1272 sssent,
684 1196 866 1277 anesusque
882 1195 1004 1255 auribus
1020 1205 1128 1272 esunt,
1282 1182 1427 1254 caeteris
1442 1183 1506 1277 qui
1516 1187 1565 1254 ad
1582 1183 1761 1280 Ptempub.
1776 1197 1949 1267 accessuri
1961 1212 2065 1286 sunt,
2092 1204 2197 1273 omni
2209 1220 2271 1278 stu·

308 1293 367 1361 Ille
381 1301 459 1380 regit
474 1297 562 1359 dictis
576 1300 711 1377 animos,
738 1310 768 1359 et
781 1310 902 1379 pectora
914 1299 1036 1359 mulcet.
1282 1284 1343 1355 dio
1378 1286 1583 1380 eloquentia
1619 1296 1815 1382 expetenda
1851 1313 1923 1381 est,
1971 1305 2187 1394 praesertim
2221 1303 2271 1383 het

234 1393 348 1466 Porro
367 1395 413 1465 de
427 1389 493 1464 hac
510 1394 696 1465 excellenti
713 1394 768 1479 vi,
793 1407 827 1464 et
843 1395 995 1485 perfecta
1016 1389 1231 1485 eloquentia,
1283 1401 1407 1463 aetate.
1463 1387 1599 1461 Videtis
1621 1395 1718 1465 enim
1740 1414 1894 1490 quantae
1913 1426 1972 1474 res
1984 1405 2026 1476 in
2051 1401 2121 1478 hac
2140 1411 2272 1484 natione

234 1521 310 1571 non
326 1520 407 1568 sum
422 1497 599 1579 dicturus,
626 1501 686 1566 sed
703 1500 747 1567 de
763 1491 820 1565 his
839 1496 972 1570 nostris
988 1495 1135 1579 studiis,
1162 1488 1231 1563 boc
1283 1504 1400 1562 motae
1417 1491 1506 1578 sint,
1531 1510 1705 1587 quantum
1727 1501 1775 1572 sit
1797 1506 1937 1594 negocii
1952 1510 2090 1581 nostrie
2104 1508 2273 1607 Principi-

173 1662 177 1675 .
234 1614 306 1686 est,
338 1599 592 1687 dediligentia
618 1600 899 1692 mendicandi,
926 1620 1231 1689 seucomponen-
1283 1595 1368 1680 bus,
1409 1619 1490 1666 cum
1515 1599 1684 1670 omnibus
1702 1599 1864 1693 Regibus
1885 1604 2085 1684 Christiani
2115 1616 2273 1700 nominis,

234 1707 300 1775 dae
314 1700 465 1774 Latinae
481 1703 672 1789 orationis,
698 1727 788 1795 quae
805 1715 925 1773 tamem
946 1725 1027 1792 pars
1044 1701 1165 1794 aliqua
1181 1712 1232 1769 est
1284 1697 1350 1767 ubi
1367 1697 1536 1791 pleraque
1551 1703 1675 1773 omnia
1689 1703 1818 1777 Latine
1835 1714 1971 1800 agenda
1989 1730 2089 1791 sunt.
2146 1717 2228 1810 Qus
2243 1722 2274 1792 in

233 1805 479 1900 eloquentiae,
516 1819 551 1876 et
574 1805 673 1877 velut
693 1800 886 1880 inchoatio.
938 1803 1035 1874 Haec
1058 1816 1230 1897 qnantum
1283 1825 1322 1870 re
1340 1813 1376 1871 et
1400 1801 1491 1870 illud
1510 1805 1808 1879 considerandum
1826 1827 1898 1898 est,
1923 1838 2116 1912 nunquam
2132 1838 2275 1895 caetum

234 1909 282 1982 sit
295 1920 566 1994 ornamentum,
591 1933 698 2000 quam
720 1908 934 2000 multiplices
957 1907 1127 1978 utilitates
1143 1906 1231 1975 affe·
1284 1901 1401 1991 Reges
1424 1906 1513 1975 adeo
1538 1908 1716 1981 studiosos
1731 1914 1841 1984 fuisse
1861 1917 2110 2011 eloquentiae,
2136 1940 2181 1997 nt
2195 1950 2276 1999 nune

234 2013 312 2098 rat,
354 2033 538 2101 exponam.
603 2010 767 2098 Primum
805 2013 900 2080 enim
934 2009 1231 2095 commemorabo,
1282 2019 1377 2077 sunt.
1426 2002 1572 2078 Etenim
1589 2034 1664 2082 non
1680 2018 1787 2085 modo
1804 2018 1883 2087 ltali
1901 2033 1936 2089 et
1948 2019 2075 2111 Galli,
2100 2031 2170 2103 secl
2184 2030 2274 2101 etism

234 2114 322 2210 quid
346 2115 522 2183 conducat
540 2114 700 2184 studium
724 2127 818 2184 reete
839 2113 985 2185 dicendi
1008 2113 1053 2182 ad
1077 2127 1231 2184 caeteras
1283 2107 1412 2178 Poloni
1428 2123 1464 2180 et
1478 2108 1680 2201 Pannones,
1703 2120 1845 2211 explosa
1863 2124 1973 2194 veteri
1986 2127 2174 2217 barbarie,
2191 2156 2273 2203 nune

234 2231 327 2289 artes
350 2215 407 2285 vel
439 2215 709 2305 intelligendas,
742 2218 799 2285 vel
825 2217 1037 2287 tractandae.
1097 2215 1230 2307 Magna
1282 2235 1364 2282 cum
1392 2212 1556 2285 scribunt
1584 2219 1631 2286 ad
1662 2234 1817 2304 exteros,
1848 2224 2007 2316 elegans,
2041 2231 2218 2319 nitidus,
2239 2258 2273 2305 st

234 2333 287 2392 est
309 2319 462 2409 dignitas
485 2319 653 2391 scientiae
679 2319 788 2401 iuris,
820 2342 971 2408 magnus
993 2342 1088 2392 usus.
1138 2315 1230 2389 Cum
1284 2338 1367 2383 vere
1383 2314 1552 2385 Latinum
1567 2321 1741 2391 orationis
1761 2325 2077 2414 genusadhibent.
2127 2334 2268 2407 Necelie

233 2436 352 2495 autem
365 2422 460 2511 leges
475 2422 549 2493 sint
564 2422 802 2493 eruditissime
816 2422 987 2516 scriptae,
1013 2438 1047 2492 et
1064 2420 1175 2492 multa
1191 2421 1230 2490 in
1283 2441 1341 2487 ars
1360 2421 1457 2509 apud
1481 2420 1667 2514 plerasque
1682 2428 1847 2498 crationes
1863 2432 1942 2522 plus
1964 2428 2079 2508 habet
2092 2436 2268 2529 diguitatis,

235 2525 287 2595 eis
311 2538 540 2615 compareant
562 2526 710 2615 vestigia
735 2526 862 2596 veteris
883 2524 1041 2618 Reipub.
1065 2548 1143 2594 non
1161 2525 1231 2593 du-
1283 2544 1390 2613 quam
1405 2519 1533 2593 laeticie
1549 2526 1865 2607 dicendiiscultas.
1914 2532 1988 2604 lam
2003 2539 2164 2631 cogitate
2177 2566 2271 2637 qoem

234 2628 336 2699 bium
351 2638 414 2707 est,
440 2627 529 2720 quin
545 2629 699 2698 multum
714 2628 806 2699 lucis
821 2629 871 2699 eis
886 2631 1038 2709 accedat,
1062 2642 1156 2698 recte
1173 2627 1231 2695 in·
1282 2623 1394 2692 multa
1410 2624 1637 2698 incommoda
1652 2630 1725 2701 sint
1737 2639 1962 2726 expectanti&
1982 2639 2014 2709 *ἶ
2031 2643 2224 2717 militnm
2234 2644 2272 2715 ll

234 2731 376 2803 tellecta
394 2752 521 2820 genere
536 2732 722 2815 sermonis,
748 2731 947 2820 etcognitis
962 2726 1134 2802 historiis.
1170 2727 1230 2799 lu·
1284 2737 1421 2797 exteros
1453 2727 1561 2816 legati
1594 2731 1758 2804 infantes.
1806 2736 1968 2813 Primum
1993 2744 2146 2819 ridetur
2175 2746 2270 2840 genn

234 2833 370 2905 dicium
387 2846 504 2903 autem
521 2835 565 2902 de
588 2856 716 2923 genere
733 2834 907 2905 sermonis
934 2834 1120 2903 confirmat
1145 2827 1231 2901 haec
1284 2827 1442 2917 ignavia,
1474 2828 1677 2905 detrahitur
1695 2840 1866 2910 autoritas
1886 2845 2042 2932 nostris,
2076 2874 2159 2923 non
2176 2854 2269 2923 intes·-

235 2935 437 3007 erercitatio
452 2934 607 3010 dicendi.
658 2935 729 3007 Sed
754 2959 828 3007 non
850 2950 988 3008 tantum
1010 2937 1049 3006 in
1069 2937 1168 3019 loeo,
1192 2935 1231 3003 in
1284 2945 1369 3001 eunt
1384 2933 1561 3019 consiliis,
1588 2939 1770 3030 accipiunt
1784 2944 1914 3015 dictata
1931 2948 1977 3018 ab
1992 2950 2102 3038 aliis,
2126 2974 2267 3027 neem

235 3037 379 3110 iudiciis
405 3038 498 3108 inter
529 3040 715 3111 illiteratos
743 3040 942 3110 versabitur
967 3040 1016 3125 is,
1051 3039 1114 3131 qui
1142 3037 1231 3107 iuris
1284 3033 1437 3126 turpiter
1450 3036 1644 3126 falluntur,
1670 3058 1704 3113 et
1721 3058 1889 3140 tanquam
1911 3051 2065 3124 neribus
2082 3052 2263 3142 traham,

234 3141 419 3214 scientiam
436 3143 633 3231 profitetur,
648 3164 772 3213 verum
787 3136 1020 3212 adhibebitur
1031 3143 1076 3211 ad
1096 3142 1231 3211 maiora
1283 3150 1415 3207 utnon
1435 3137 1611 3212 intellecta
1635 3149 1798 3236 probent.
1849 3149 1941 3221 Cum
1956 3153 2073 3243 igitur
2088 3160 2139 3231 sit
2153 3156 2261 3253 perspi·

235 3243 394 3336 negocia,
419 3268 460 3312 ac
480 3268 562 3314 vere
576 3245 745 3331 oratoria,
771 3245 835 3314 ubi
850 3268 998 3334 magnae
1013 3269 1054 3313 ac
1069 3244 1231 3313 difficiles
1282 3263 1349 3309 cua
1371 3240 1526 3327 utilitas,
1550 3268 1631 3313 cum
1652 3249 1808 3322 invitent
1829 3255 2069 3329 maximorum
2088 3260 2262 3355 Reganet

234 3371 359 3420 causae
379 3346 542 3416 Latinam
559 3348 755 3417 orationem
773 3347 997 3438 flagitabunt.
1048 3345 1230 3417 Hocloco
1285 3340 1492 3434 Principum
1516 3363 1719 3420 exterorum
1741 3356 1918 3446 exempla,
1940 3365 2094 3434 cursoti
2114 3360 2259 3437 Gemel'

235 3454 316 3546 quis
338 3473 413 3519 non
429 3451 543 3532 videt,
568 3464 741 3544 quantum
764 3450 936 3521 decussit
961 3445 1098 3520 bomini
1115 3453 1232 3534 docto,
1284 3439 1367 3515 huic
1389 3447 1509 3516 studio
1532 3448 1602 3519 iam
1626 3454 1771 3540 lusum,
1795 3473 2004 3550 apparatum
2020 3468 2255 3551 convivium
2279 3501 2280 3504 ¹

234 3576 337 3648 posse
354 3553 497 3644 diserte,
524 3554 722 3645 perspicue,
747 3577 821 3621 non
835 3555 990 3632 sordide,
1015 3577 1071 3622 res
1085 3575 1232 3643 magnas
1284 3560 1320 3618 et
1335 3550 1453 3619 tresdo
1469 3574 1559 3642 quas
1571 3555 1771 3646 voluptates
1783 3563 2033 3649 anteferimus,
2057 3572 2127 3665 qni
2141 3570 2253 3669 ψη

233 3654 432 3747 explicare?
1285 3651 1392 3741 paulo
1407 3666 1490 3721 ante
1504 3656 1610 3725 etiem
1627 3653 1692 3728 hac
1710 3661 1816 3731 laude
1830 3668 1978 3739 caeteris
1992 3674 2251 3746 nationibtsn·

338 3754 492 3827 Memini
518 3754 556 3822 in
585 3768 765 3825 conventu
788 3752 1016 3844 Augustano,
1050 3755 1232 3827 Liburnos
1285 3753 1556 3828 tecellebasnus?
1605 3758 1677 3831 Sed
1695 3764 1794 3834 brevi
1811 3767 2074 3844 miraestlacta
2095 3770 2243 3849 huiusne·

234 3863 280 3933 ad
302 3856 510 3950 Principum
533 3856 725 3927 concilium
749 3859 889 3938 venire,
924 3860 1074 3949 petitum
1099 3859 1231 3931 atexilia
1285 3855 1393 3926 tionis
1425 3860 1595 3946 mutatio,
1634 3867 1827 3957 negligitur
1857 3895 1914 3940 res
1941 3875 2128 3965 militaris,
2154 3880 2244 3950 litu·

234 3977 359 4036 contra
385 3958 541 4044 Turcas,
578 3974 612 4030 et
634 3961 820 4050 deplorare
853 3962 1071 4031 calamitates
1098 3961 1232 4052 patriae
1283 3982 1358 4027 non
1380 3958 1496 4029 solum
1519 3982 1756 4056 spernuntur,
1788 3972 1979 4044 sedetiam
2009 3994 2100 4055 sunt
2119 3984 2157 4053 in
2176 3978 2233 4051 oth

235 4089 319 4142 suae
339 4064 438 4154 gravi
462 4063 637 4133 oratione:
675 4064 724 4133 ibi
749 4064 876 4133 caeteri
901 4061 1085 4155 Principes
1107 4088 1231 4136 omnes
1282 4058 1331 4131 Et
1350 4055 1611 4137 honestissimis
1639 4073 1767 4143 studiis
1787 4097 2031 4154 successerunt
2054 4086 2160 4158 multe
2184 4078 2232 4144 ¹¹¹1

234 4167 441 4242 detulerunt
462 4190 592 4235 mtrnus
616 4166 858 4258 respondendi
879 4168 923 4236 ad
946 4164 1230 4237 lllustrissimnm
1283 4164 1401 4249 luxus,
1425 4167 1588 4255 sorbitio,
1610 4175 1768 4263 perfidia,
1792 4191 1827 4248 et
1844 4180 2037 4277 pleraeque
2050 4189 2139 4257 alise
2159 4213 2230 4247 net»
2283 4216 2307 4262 :a

234 4269 438 4359 Principem
463 4263 662 4338 Electorem
688 4264 937 4339 Marchionem
967 4265 1187 4341 loachimum
1206 4268 1233 4357 l,
1283 4292 1373 4360 quae
1393 4268 1579 4342 intestinas
1600 4276 1797 4349 discordias
1819 4294 1856 4352 et
1876 4283 1963 4355 alias
1982 4286 2183 4361 calamitates
2227 4341 2228 4344 ,
2283 4290 2307 4359 ἶ

233 4376 317 4448 Non
333 4385 407 4442 erat
423 4395 576 4455 novum,
604 4369 837 4440 Germanicas
853 4372 885 4439 ei
909 4396 1028 4442 causas
1045 4372 1230 4454 committi,
1280 4370 1394 4444 riunt.
1446 4368 1568 4459 Quare
1593 4391 1627 4448 et
1643 4379 1844 4474 Principes,
1870 4400 1903 4454 et
1921 4388 2052 4483 reliqui
2068 4390 2193 4489 qniau
2287 4441 2289 4444 -

234 4477 393 4551 sciebant
421 4473 518 4543 enim
543 4497 563 4542 a
587 4472 731 4541 nemine
760 4474 982 4564 splendidius
1006 4500 1046 4544 ac
1069 4475 1231 4544 omatius
1282 4487 1353 4545 tate
1368 4487 1523 4546 caeteros
1540 4485 1767 4569 praecedunt,
1792 4487 1893 4556 omni
1907 4496 2135 4566 contentione
2146 4494 2202 4564 iu
2265 4535 2266 4538 π
2291 4523 2299 4546 ·

234 4583 308 4673 agi3
340 4580 402 4649 sed
418 4600 498 4646 cum
517 4577 659 4645 laudem
675 4576 898 4670 eloquentiae
921 4578 1146 4669 praecipuam
1164 4578 1230 4648 uni
1284 4589 1395 4646 tutem
1418 4600 1584 4651 revocare
1606 4587 1651 4652 ad
1675 4603 1768 4658 recta
1791 4591 1907 4660 studia
1921 4595 2095 4683 debeant,
2118 4620 2174 4670 sc

233 4677 442 4754 Marchioni
467 4680 685 4764 tribuerent,
720 4693 754 4750 et
780 4679 866 4749 alias
892 4679 1020 4750 Latine
1052 4680 1229 4751 dicentem
1282 4678 1385 4770 cipue
1406 4683 1453 4749 ad
1474 4682 1732 4777 eloquentiam,
1757 4694 1902 4785 quaein
1919 4693 2062 4789 Repnb.
2084 4726 2129 4771 m.
2174 4738 2176 4756 =
2225 4743 2226 4748 κ
2274 4720 2306 4759 ⁵³

234 4786 436 4870 audissent,
470 4778 563 4852 hane
585 4804 726 4852 causam
744 4780 848 4852 etiam
867 4782 899 4851 ei
920 4784 1231 4857 commendabant.
1283 4778 1389 4851 habet
1404 4805 1520 4855 usum.
2269 4840 2279 4853 .

233 4886 313 4958 Hoc
330 4888 502 4959 iudicium
516 4899 734 4955 caeterorum
746 4883 966 4977 Principum,
985 4903 1107 4958 nostro
1122 4910 1229 4980 quam
1382 4883 1498 4955 Porro
1519 4888 1549 4958 si
1576 4891 1657 4984 quis
1679 4889 1747 4963 hoc
1769 4900 1928 4968 studium
1954 4906 2137 4975 en'minns
2180 4936 2228 4974 ν,
2264 4931 2302 4944 ⁴*

234 4990 343 5062 luerit
377 4985 633 5075 honorificum,
673 5010 799 5057 omnes
831 4988 1042 5078 intelligitis.
1105 4988 1230 5082 ltaque
1281 4987 1365 5080 qnia
1379 5001 1483 5079 putat
1496 5002 1638 5063 tanturn
1660 5001 1825 5086 prodesse
1839 5005 1885 5071 ad
1900 5026 2013 5094 genus
2034 5006 2215 5085 sermonis,
2273 5031 2295 5048 ν

234 5119 315 5166 cum
332 5091 517 5160 audiretur
533 5116 612 5160 cum
628 5114 766 5161 summa
782 5090 994 5172 attentione,
1021 5086 1230 5162 honestissi-
1281 5091 1386 5178 longe
1401 5108 1508 5164 meat.
1546 5091 1627 5165 Etsi
1640 5099 1736 5167 enim
1754 5118 1895 5176 nonest
1908 5100 2218 5200 exigtrautititsg'
2265 5124 2306 5165 τι

232 5198 303 5267 mis
324 5193 492 5263 laudibus
514 5193 654 5264 ornavit
676 5192 874 5277 Liburnos,
897 5208 1045 5284 propter
1066 5195 1170 5261 fidem
1195 5206 1229 5264 et
1282 5206 1454 5263 structum
1475 5218 1551 5266 esse
1574 5201 1677 5290 copia
1704 5207 1896 5289 sermonis,
1928 5223 2049 5285 tumen
2074 5236 2207 5285 memte
2258 5245 2269 5254 ·

232 5297 498 5381 fortitudinem,
523 5318 631 5390 quam
654 5295 692 5366 in
720 5294 938 5364 sustinendis
956 5308 990 5365 et
1009 5297 1230 5388 depellendis
1281 5296 1424 5364 dicendi
1447 5298 1553 5367 etiam
1577 5303 1621 5370 de
1644 5306 1766 5376 multis
1788 5312 1894 5380 rebus
1918 5314 2050 5387 format
2071 5315 2219 5395 iudicis,·
2260 5347 2261 5350 ¹

232 5401 435 5477 Tmcarum
451 5398 734 5488 irruptionibus,
759 5407 811 5468 tot
828 5397 899 5464 iam
916 5420 1030 5466 annos
1045 5399 1229 5490 praestite-
1281 5410 1376 5467 certe
1398 5400 1539 5471 animos
1561 5406 1603 5472 ad
1627 5406 1849 5497 diligentiam
1871 5418 2068 5493 assuefacit.
2150 5450 2169 5496 a
2196 5450 2199 5469 1

233 5518 330 5587 runt,
356 5528 396 5575 ac
409 5503 501 5573 bene
515 5523 657 5594 sperare
672 5520 733 5570 eos
745 5502 790 5569 de
806 5499 988 5570 voluntate
1001 5498 1231 5594 Imperatoris
1281 5514 1365 5571 sunt
1380 5501 1424 5571 dc
1437 5504 1583 5595 optimis
1598 5510 1705 5580 rebus
1719 5514 1972 5605 sapientissimi
1989 5522 2174 5615 scriptores,
2195 5543 2229 5568 ‘
2273 5506 2306 5573 ‘¹
