4664 6022
125 310 203 389 878

125 487 222 559 farne
236 510 322 561 eom
339 501 541 565 necaturus.
592 489 692 580 Quid
709 489 863 562 accidit?
896 488 981 560 Post
998 510 1128 580 paucos

125 589 204 662 dies
218 613 305 682 grex
321 591 438 662 scabie
453 607 490 665 et
504 592 704 686 pestilentia
723 593 889 666 moritur.
926 590 996 662 Hic
1011 592 1129 684 coepit

126 707 309 789 pastorem
325 694 491 767 saevitiae
504 712 589 769 suae
601 696 803 791 poenitere,
826 720 906 767 cum
923 706 1127 786 agnosceret

126 818 165 869 se
179 797 358 869 (livinitus
381 799 515 891 puniri.
568 797 728 873 Rediens
752 799 862 889 igitur
882 801 928 870 ad
951 798 1128 881 arborem,

126 920 273 971 servum
288 900 429 973 invenit
442 899 559 974 adhuc
575 901 710 989 vivum,
735 902 963 984 incolumem,
988 913 1024 971 et
1034 901 1127 970 bene

127 1003 318 1077 sslentem.
377 1002 530 1100 Cunque
561 1006 814 1097 interrogaret,
852 1008 949 1076 unde
982 1002 1127 1073 interim

127 1103 235 1178 alitus
249 1120 350 1194 essct,
374 1112 566 1201 respondet
582 1132 717 1193 servus,
738 1106 861 1179 Musas
875 1109 915 1177 in
929 1130 1005 1177 eam
1019 1107 1128 1181 arbo·

127 1230 204 1279 rem
218 1234 368 1282 examen
385 1236 492 1304 apum
509 1211 658 1298 misisse,
685 1234 776 1308 quae
790 1211 895 1282 mella
911 1210 964 1281 ibi
978 1210 1130 1280 confice-

127 1325 227 1398 rent,
255 1309 324 1384 hoc
339 1315 444 1386 melle
460 1338 497 1386 se
513 1316 649 1386 interea
662 1327 895 1385 sustentatum
911 1336 997 1384 esse.
1034 1310 1129 1383 Petit

127 1436 214 1505 ergo
239 1410 349 1490 herus
371 1417 510 1488 veniam
534 1418 695 1500 sceleris,
722 1430 757 1489 et
778 1417 937 1507 agnoscit
953 1416 1031 1510 pios
1048 1412 1125 1485 Deo

711 312 871 389 DECL·
902 310 978 389 DE
1009 310 1288 387 ENCOMlO
1321 308 1592 391 suuvtnu.

2100 318 2176 393 874

1958 494 2022 577 (u.
2040 498 2176 582 sesae)

1948 589 2176 627 “a

1419 699 1696 789 Eneomium
1723 700 1936 793 Streniae.

1447 877 1522 1003 11
1543 898 1571 953 v·
1584 878 1727 1004 ute
1756 879 2010 1006 111111·
2023 881 2045 940 ¹·

1283 969 1615 1102 Quqsnno‘ssiipispitt,
1639 969 1827 1101 debniii'noti
1838 970 1933 1094 prfuit
1958 973 2043 1079 111111)
2045 993 2111 1080 inte
2119 982 2177 1079 en-

1283 1108 1407 1147 comtum
1419 1088 1442 1143 F
1442 1106 1553 1145 renctae
1568 1089 1668 1163 scripta
1683 1090 1799 1150 videtur.

1194 487 1261 559 No.
1275 485 1337 562 61.

1186 584 1360 619 W

1179 1257 1399 1328 lincomium
1413 1254 1643 1341 Succorum,
1677 1248 1879 1349 aquodam
1892 1259 2179 1330 &mutationis

1325 1377 1442 1428 causo
1462 1359 1650 1449 seriptum
1672 1363 1711 1428 et
1726 1361 2029 1450 pronunciatum

126 1540 235 1589 curae
253 1540 345 1608 esse,
369 1520 491 1616 eisque
506 1522 536 1590 si
559 1545 634 1591 non
651 1543 798 1612 magnas
812 1544 914 1614 opes,
939 1533 975 1590 at
990 1516 1129 1588 medio-
1179 1505 1274 1592 Non
1296 1518 1444 1605 dubito,
1467 1517 1557 1612 quin
1580 1519 1753 1615 plerique'
1761 1521 1957 1610 mirentur,
1982 1524 2069 1619 quid
2085 1521 2178 1596 mibi

126 1620 202 1693 cria
225 1624 414 1694 commoda
439 1620 670 1718 snppeditari.
730 1621 807 1694 Hac
828 1646 894 1694 nos
917 1645 978 1713 spe
998 1621 1128 1691 confir·
1180 1622 1219 1691 in
1238 1636 1396 1692 mentem
1416 1623 1573 1708 venerit,
1597 1647 1661 1693 cur
1676 1622 1814 1696 Suevos
1829 1625 2071 1718 potissimum,
2092 1652 2177 1721 pro·

125 1744 286 1808 nemus,
319 1741 354 1799 et
386 1740 480 1798 recta
510 1751 550 1798 ac
585 1728 688 1809 utilia
720 1726 837 1797 studia
863 1725 1128 1818 amplectamur.
1180 1724 1240 1794 cul
1259 1726 1306 1794 ab
1323 1724 1468 1795 illorum
1485 1725 1615 1796 tinibus
1629 1739 1755 1813 natus,
1781 1727 1927 1799 laudare
1943 1728 2178 1818 instituerim;

126 1822 307 1900 Fortassis
327 1829 434 1902 etiam
453 1827 613 1901 Ecclesia
643 1831 711 1902 erit
734 1830 928 1923 aliquando
953 1826 1129 1921 tranquil·
1180 1828 1312 1922 quibus
1340 1826 1478 1897 tametsi
1504 1822 1573 1898 hoc
1597 1831 1813 1922 respondere
1835 1845 2017 1925 poteram,
2049 1857 2117 1905 nos
2139 1835 2177 1904 in

125 1928 220 2018 lior,
245 1954 326 2002 cum
351 1933 396 2003 ed
413 1931 647 2004 iudicandum
665 1927 935 2002 adhibebuntur
949 1929 1017 1999 viri
1039 1927 1127 1998 boni
1180 1930 1499 2001 declamationibus
1516 1953 1591 2001 non
1606 1933 1722 2019 anxie,
1737 1947 1797 2004 aut
1811 1934 2055 2027 superstitiose
2071 1961 2178 2029 argu·

125 2034 295 2123 etdocti,
320 2035 382 2131 qui
397 2037 658 2108 controversias
674 2037 781 2129 plane
796 2049 830 2106 et
844 2032 1054 2124 simpliciter
1069 2054 1129 2100 ex·
1180 2046 1298 2104 menta
1330 2033 1459 2124 eligere
1488 2035 1619 2116 solere,
1653 2038 1713 2105 sed
1743 2037 1818 2107 fere
1847 2060 1931 2109 casn
1958 2038 2088 2111 oblatis
2110 2041 2178 2111 uti.

125 2135 265 2231 plicare
283 2151 471 2231 poterunt,
497 2155 633 2212 etcum
659 2139 803 2210 mitiora
823 2137 943 2209 studia
964 2130 1129 2206 homines
1178 2135 1358 2207 Nonnulli
1379 2135 1485 2206 etiam
1502 2138 1697 2228 paradoxas
1710 2139 1895 2227 materies,
1920 2153 1962 2211 ut
1977 2141 2016 2210 in
2032 2144 2179 2213 redifli·

129 2238 251 2311 oolere
264 2242 456 2337 coeperint.
1180 2240 1242 2310 cili
1265 2238 1496 2331 experiantur
1517 2240 1651 2330 ingenii
1677 2240 1790 2329 vires,
1822 2257 1980 2317 sumunt.
2038 2243 2179 2317 Tamen

1180 2364 1244 2433 ego
1267 2356 1364 2412 certo
1386 2342 1542 2436 quodam
1564 2342 1715 2414 consilio
1734 2338 1804 2414 hoc
1825 2359 2074 2437 argumentum
2100 2370 2178 2419 sus·

148 2486 151 2491 -
233 2438 357 2532 Quare
378 2441 532 2513 invitent
550 2441 808 2525 adolescentes,
832 2437 1040 2545 magnitudo
1062 2460 1130 2530 pu-

129 2540 247 2617 blicae
279 2545 465 2632 utilitatis,
507 2546 662 2637 dignitas
697 2542 938 2638 eloquentiae,
974 2541 1130 2634 denique

127 2646 239 2744 etiem
254 2660 391 2718 caetera
413 2649 588 2742 praemia,
612 2662 653 2719 ut
669 2671 705 2717 se
720 2649 853 2717 dedant
869 2639 925 2714 liis
949 2644 1062 2715 literis
1077 2655 1131 2713 at·

127 2774 200 2847 que
213 2749 375 2837 artibus,
402 2776 492 2845 qnae
507 2753 552 2822 ad
569 2750 809 2847 eloquentiam
827 2748 1051 2829 conducunt,
1076 2768 1131 2816 se-

127 2878 197 2951 que
220 2853 265 2923 in
285 2848 356 2925 boc
379 2876 506 2946 genere
529 2867 732 2933 exerceant,
759 2867 793 2924 et
814 2851 858 2921 ad
879 2873 936 2920 res
960 2849 1130 2920 maximas

126 2968 362 3051 praeparent,
384 2959 590 3051 praesertim
610 2982 691 3028 cum
710 2951 769 3026 bic
784 2955 886 3026 labor
911 2949 1050 3023 homini
1074 2952 1131 3020 in-

123 3059 279 3155 genioso
295 3061 495 3154 voluptates
512 3062 617 3131 etiam
637 3059 857 3131 dulcissimas
874 3057 1000 3150 pariat.
1049 3053 1131 3125 Pri-

1181 2445 1257 2538 cepi
1288 2446 1527 2519 tractandum.
1595 2440 1740 2516 Etenim
1774 2471 1855 2518 cum
1883 2471 1993 2541 pravo
2022 2452 2179 2542 quodam

1180 2548 1300 2620 studio
1329 2543 1513 2630 homines,
1556 2560 1590 2618 et
1622 2542 1816 2640 philautia,
1854 2564 1994 2623 nostros
2024 2552 2178 2623 nimium

1180 2672 1357 2736 amemus,
1396 2664 1531 2721 exteros
1562 2663 1852 2740 contemnamus,
1894 2655 2092 2744 cogitabam
2122 2679 2180 2725 me

1181 2750 1329 2824 honeste
1351 2753 1528 2825 facturum
1551 2776 1648 2845 esse,
1673 2756 1703 2823 si
1721 2756 1858 2847 gentis,
1883 2780 1976 2853 quae
1994 2751 2079 2828 binc
2094 2782 2180 2850 pro-

1181 2857 1239 2928 cul
1259 2857 1376 2935 abest,
1399 2855 1524 2926 laudes
1544 2857 1765 2947 colligerem,
1792 2872 1826 2930 et
1841 2860 2180 2932 commonefacerem

1180 2984 1263 3046 vos,
1284 2959 1438 3028 alienam
1462 2958 1629 3031 virtutem
1653 2984 1727 3031 non
1752 2984 1826 3032 esse
1852 2960 1991 3034 bonore
2013 2987 2054 3033 ac
2076 2986 2179 3056 prae-

1180 3063 1357 3134 dicatione
1386 3062 1636 3136 fraudandam.
1694 3062 1872 3136 Nonnulli
1899 3080 1982 3137 sunt
2002 3066 2180 3156 ingeniosi

123 3186 232 3235 11111111
257 3162 354 3233 enim
375 3164 479 3235 lectio
503 3163 794 3255 gravissimorum
812 3170 979 3231 autorum
996 3160 1040 3227 de
1055 3181 1131 3228 ma-

1180 3167 1219 3235 in
1246 3165 1371 3255 alienis
1391 3163 1490 3233 vitiis
1507 3165 1741 3253 insectandis;
1766 3168 1912 3261 qnidam
1930 3169 2036 3238 etiam
2051 3194 2092 3238 cx
2109 3170 2180 3239 cri-

123 3266 238 3339 ximis
258 3265 300 3336 in
326 3264 466 3359 Repub.
490 3268 648 3338 motibus
671 3262 926 3335 iucundissima
948 3276 1000 3333 est
1023 3283 1132 3355 quee-

1180 3266 1377 3337 minatione
1398 3266 1575 3352 aliorum,
1596 3269 1779 3358 gravitatis
1799 3271 1931 3340 samam
1945 3285 2180 3364 aucupantur.

125 3368 296 3441 nutibus
308 3371 468 3462 exempla
485 3370 638 3456 virtutis,
663 3381 698 3438 et
713 3362 861 3437 honesta
873 3364 1021 3434 consilia
1039 3363 1131 3432 vitae
1181 3369 1258 3461 Ego
1284 3367 1442 3438 liberulis
1467 3369 1602 3458 ingenii
1625 3392 1698 3440 esse
1722 3373 1832 3458 duco,
1866 3373 1998 3462 magis,
2024 3396 2180 3443 comme-
2287 3418 2290 3423 -

128 3470 293 3567 privans
322 3484 383 3544 aut
414 3473 588 3565 publicae.
647 3470 786 3543 Deinde
814 3466 964 3538 delectat
990 3479 1026 3537 et
1056 3467 1132 3557 ipsa
1182 3471 1379 3543 moratione
1403 3470 1576 3541 virtutum
1598 3471 1795 3543 alienarum
1820 3474 1999 3545 delectari.
2051 3474 2180 3565 Quan-

126 3572 308 3647 orationis
329 3570 536 3661 harmonia,
565 3600 629 3645 ceu
654 3572 794 3644 Musica
816 3571 1003 3664 quaedam:
1031 3568 1131 3638 nulla
1181 3599 1288 3672 qiram
1312 3574 1406 3644 enim
1429 3596 1492 3643 sua
1515 3574 1642 3669 cuique
1666 3576 1763 3666 genti
1784 3576 1868 3648 vitia
1889 3600 1963 3648 esse
1980 3577 2179 3662 videamus,

125 3690 184 3749 est
206 3676 304 3748 enim
325 3679 502 3749 cantilena
519 3678 678 3765 dulcior,
702 3700 810 3772 quam
833 3673 947 3746 oratio
965 3673 1131 3743 derebus
1181 3695 1299 3752 tamen
1323 3677 1460 3747 ncillam
1487 3677 1688 3765 nationem,
1730 3680 1936 3771 praesertim
1962 3681 2000 3750 ῑῃ
2026 3678 2179 3753 Germa.

124 3780 240 3853 bonis
260 3782 436 3852 concinna
460 3796 495 3853 et
512 3784 602 3853 bene
625 3778 830 3873 composita.
884 3776 1068 3848 Postremo
1092 3787 1133 3844 ut
1181 3784 1261 3864 nia,
1289 3780 1451 3850 existimo
1476 3793 1547 3849 tam
1572 3804 1646 3852 esse
1668 3783 1819 3874 perditis
1839 3784 2020 3870 moribus,
2045 3798 2087 3855 ut
2103 3809 2177 3854 non

126 3882 298 3971 canenti,
330 3885 381 3956 sic
405 3886 596 3970 scribenti,
629 3882 714 3954 haec
738 3883 813 3974 ipsa
839 3878 1041 3950 exercitatio
1065 3902 1130 3946 vo·
1181 3887 1292 3955 multa
1320 3877 1641 3975 pulcherrimarum
1664 3884 1837 3956 virtutum
1863 3872 2021 3979 exempla
2047 3885 2098 3957 ibi
2122 3911 2179 3956 re·

126 3986 264 4082 luptati
289 4001 351 4059 est.
405 3986 508 4060 Iuvat
528 3989 622 4057 enim
646 3986 856 4056 invenirent
871 3984 971 4076 quasi
988 3981 1132 4072 gignere
1182 3989 1297 4081 perire
1320 3986 1444 4079 possis.
1508 3984 1622 4057 Porro
1647 4003 1688 4058 ut
1714 3987 1751 4056 in
1777 3989 1926 4081 privatis
1946 3989 2112 4060 amicitiis
2133 3994 2176 4058 ad

127 4083 284 4163 honeste
297 4104 523 4182 argumenta,
548 4114 660 4185 eaque
676 4088 906 4171 distribuere,
932 4086 1132 4176 disponere,
1180 4105 1340 4161 mutuam
1363 4088 1647 4159 benevolentiam
1668 4090 1832 4160 alendam
1848 4092 2000 4163 multum
2018 4092 2122 4177 facit,
2150 4093 2178 4161 si
2279 4074 2290 4097 ⁶

127 4216 284 4279 mare,
309 4216 390 4265 cnm
412 4195 493 4264 aliis
511 4195 693 4279 conferre,
716 4206 752 4264 et
768 4190 952 4285 inquirere
973 4188 1132 4257 meliora·
1181 4195 1330 4263 virtutes
1345 4190 1449 4261 amici
1468 4190 1566 4260 noris
1583 4205 1618 4262 et
1641 4193 1846 4280 admireris,
1873 4196 1916 4264 ad
1943 4194 2028 4265 vitia
2050 4195 2178 4265 conni-

127 4292 232 4369 ilaec
252 4297 464 4367 naturaliter
477 4298 652 4368 delectant
673 4318 757 4366 sana
783 4292 945 4384 ingenia,
971 4304 1005 4361 et
1022 4314 1131 4384 quae·
1180 4319 1280 4366 veas:
1314 4296 1363 4364 ita
1394 4294 1487 4362 inter
1510 4294 1645 4363 vicinas
1669 4309 1789 4384 gentes
1807 4297 1940 4367 rectius
1961 4297 2179 4381 conveniret,

126 4400 215 4473 dem
242 4399 288 4469 ed
312 4400 481 4472 virtutem
499 4400 555 4469 via
578 4413 646 4485 est,
678 4398 893 4468 assuefacere
909 4393 1069 4465 animum
1086 4392 1131 4462 ad
1180 4400 1209 4468 si
1225 4397 1385 4488 singulae
1404 4396 1555 4467 aliarum
1569 4397 1717 4468 virtutes
1732 4422 1836 4469 nosse
1849 4400 1969 4491 potius
1985 4400 2178 4483 studerent,

127 4494 197 4575 ltas
221 4497 389 4575 honestas
412 4504 611 4594 voluptates
634 4501 883 4590 intelligendas
904 4511 938 4569 et
961 4509 1131 4588 expeten·
1180 4526 1287 4597 quam
1309 4499 1408 4572 vitia.
1472 4496 1553 4569 Hoc
1580 4522 1645 4588 ego
1676 4501 1828 4572 consilio
1853 4503 1898 4571 ad
1921 4495 2014 4570 hanc
2036 4523 2176 4570 causam

127 4604 207 4679 das.
259 4599 327 4677 Est
349 4619 385 4678 et
410 4607 473 4677 illa
502 4628 629 4696 magna
653 4603 904 4686 commoditas,
936 4599 1034 4694 quod
1064 4594 1131 4667 hae
1180 4603 1326 4687 accessi,
1353 4626 1393 4671 ex
1414 4625 1483 4694 qua
1499 4625 1585 4672 sane
1601 4626 1676 4673 non
1692 4617 1762 4674 tarn
1780 4603 2004 4698 eloquentiae
2021 4604 2176 4683 landem,

126 4706 367 4799 elegantiores
399 4710 522 4779 literae
550 4710 587 4778 in
615 4708 715 4777 omni
748 4708 892 4776 fortuna
919 4703 1000 4773 usui
1034 4714 1128 4772 sunt.
1180 4711 1224 4777 de
1239 4731 1308 4801 qua
1323 4706 1361 4774 in
1380 4700 1445 4773 hac
1462 4705 1596 4794 ingenii
1613 4704 1836 4787 infirmitate,
1862 4722 1896 4776 et
1910 4707 2062 4800 quadam
2081 4729 2175 4775 mea.

126 4806 364 4883 Adminicula
389 4812 531 4882 suntin
555 4812 729 4902 negociis,
755 4810 793 4878 in
810 4808 889 4878 ocio
903 4817 1035 4876 ornant
1054 4828 1131 4890 nos,
1180 4835 1260 4881 rum
1276 4831 1398 4879 renim
1413 4807 1633 4893 difficultate,
1655 4808 1726 4877 iam
1741 4808 1828 4879 olim
1845 4808 2040 4900 desperavi,
2067 4832 2173 4902 quam

128 4926 268 4985 etsunt
285 4916 472 5006 voluptati.
525 4913 566 4985 ln
582 4916 690 4985 rebus
711 4912 868 4984 adversis
890 4909 1010 4978 levant
1031 4932 1130 4978 moe·
1179 4912 1287 4985 officii
1325 4924 1359 4980 et
1389 4904 1622 4979 humanitatis
1653 4910 1792 4980 auferre
1821 4910 1938 5002 cupio.
2007 4908 2177 4996 Proinde,

126 5016 287 5103 stiriam,
310 5017 451 5090 leniunt
466 5042 567 5088 curas
582 5043 622 5087 ac
638 5017 794 5088 dolores.
826 5010 1010 5084 Adiuvant
1024 5012 1129 5081 etiam
1179 5028 1353 5112 quantum
1368 5026 1511 5082 nostrae
1525 5012 1620 5082 vires
1633 5012 1769 5098 sinent,
1795 5007 1888 5083 hanc
1902 5012 2082 5083 nationem
2096 5015 2175 5084 sine

127 5120 268 5206 bonos,
294 5135 334 5192 ut
355 5120 538 5211 religionis
561 5121 760 5190 doctrinam
781 5115 911 5187 melius
932 5113 1129 5202 intelligere
1179 5120 1330 5189 aliarum
1357 5114 1571 5185 contumelia
1592 5114 1811 5188 ornabimus.
1863 5113 1986 5210 Neque
2004 5117 2099 5185 enim
2114 5128 2176 5185 aut

127 5221 293 5317 possint,
324 5246 415 5318 quse
439 5225 573 5295 utilitas
603 5244 731 5314 magno
760 5217 952 5301 existimari
984 5218 1130 5286 abonis
1179 5221 1288 5293 Suesi
1313 5232 1386 5288 tam
1409 5230 1492 5287 sunt
1512 5216 1636 5308 inopes
1650 5217 1923 5288 domesticorum
1940 5217 2087 5288 laudum
2095 5267 2107 5302 ,
2135 5230 2176 5286 nt

127 5325 249 5397 debet.
299 5322 396 5402 Dixi.
1179 5347 1253 5393 non
1283 5321 1353 5391 nisi
1381 5340 1423 5389 es
1451 5320 1605 5389 aliorum
1633 5319 1848 5391 contumelia
1878 5319 2076 5410 colligenda
2103 5319 2175 5389 sint

1180 5423 1389 5519 praeconia,
1413 5432 1475 5492 aut
1496 5421 1587 5492 aliae
1606 5422 1770 5493 nationes
1787 5423 1967 5493 contemni
1987 5446 2027 5491 sc
2041 5422 2175 5514 probro

1180 5528 1272 5599 allici
1291 5538 1483 5598 merentur.
1535 5518 1879 5700 Ngiliffi‘mm
1894 5522 2173 5619 popolisl'ranci
