1748 1702
371 178 395 197 28
398 177 409 196 8

369 219 483 239 Aristotelem
495 219 590 243 praecipue
600 217 689 242 sequitur,
709 221 727 236 et
740 223 795 236 unam
809 222 867 241 quan-

369 246 410 264 dam
419 245 518 269 simplicem
530 244 630 263 acusiuime
642 242 756 267 sophisticam
768 243 867 261 doctrinam

370 271 444 295 expetit,
457 271 548 289 interdum
555 273 573 288 et
581 270 604 288 ab
610 269 650 287 aliis
658 269 750 287 autoribus
756 275 826 287 sumes-e
833 269 868 287 ali-

370 292 413 322 quid
427 300 490 320 potest,
520 296 545 314 Ut
556 295 605 314 enim
619 294 682 313 Musae
693 301 734 313 cuns
741 298 794 313 cantu
802 298 868 312 ces-tae—

369 326 409 341 seut
420 328 460 340 cum
473 322 576 343 sirenibus,
593 327 657 345 easque
669 321 763 342 vicissent,
775 320 868 344 expenuis

370 354 431 367 esrum
440 353 514 366 coronas
522 347 557 365 sibi
565 347 655 368 fecerunt,
666 346 691 364 ita
700 349 717 364 et
726 346 746 363 in
754 346 816 367 sectis,
827 348 846 364 et
852 346 867 363 si

344 391 347 394 ,
370 380 406 392 uns
424 373 499 391 maxime
511 373 604 396 probanda
620 376 655 392 est,
672 375 731 390 tamen
745 371 836 389 interdurn
847 377 868 389 ex

370 400 410 417 aliis
419 399 485 423 aliquid
498 399 535 416 veri
547 399 672 421 decerpamus,
684 404 720 421 quo
728 400 789 415 nostra
796 400 869 415 senten—

370 425 395 443 tia
402 428 482 443 ornetur.

420 463 456 481 Sed
464 464 486 480 de
495 468 559 485 genere
567 460 694 484 Philosophiae
704 464 722 479 et
733 464 821 479 sectarum
830 461 867 478 dis-

369 488 444 507 crimine
462 488 505 506 alias
521 488 617 505 dicendum
633 487 672 505 erit.
702 485 750 505 Mihi
768 487 790 504 ad
810 492 868 504 mores

369 515 423 533 etiam
435 514 537 532 conducere
549 513 630 534 videtur,
646 512 711 535 eligere
727 515 803 533 sectam,
822 518 868 536 quae

369 540 449 558 studium
457 538 522 557 habeat
529 545 567 556 non
575 538 645 556 rixandi
651 551 656 559 ,
670 539 700 556 sed
712 538 829 561 inquirendae
837 544 867 555 ve-

370 566 436 587 ritatis,
451 565 517 583 deinde
531 570 576 588 quae
592 567 638 581 amet
653 564 753 581 moderatas
768 563 867 586 opiniones,

369 597 407 609 non
415 594 473 614 captet
480 590 552 613 plausus
561 590 683 610 indoctorum,
700 589 799 612 praestigiis
806 589 867 612 dispu-

349 616 352 618 ’
369 617 457 635 tatianum
470 620 487 633 et
498 616 580 633 absurdis
595 615 692 633 sententiis.
722 613 791 632 Harum
806 620 866 632 rerum

370 642 480 660 consuetudo
488 641 564 665 pessima
571 644 606 661 est,
618 644 635 658 et
642 640 674 664 qui
682 646 720 658 eam
730 640 752 657 ad
761 646 819 658 sacras
826 640 867 658 lite-

369 673 398 685 ras
406 667 492 688 afferunt,
503 667 530 684 ibi
537 672 579 684 vero
588 666 668 689 ingentes
676 665 762 689 procellas
769 666 822 684 cient.
842 664 867 683 At

369 692 413 710 haec
424 692 497 716 simplex
508 690 633 714 Philosophia,
650 692 673 708 de
682 697 717 714 qua
728 691 777 712 dico,
789 691 867 714 primum

369 717 404 736 hoc
410 718 488 736 studium
501 716 564 738 habet,
576 723 599 735 ne
610 717 653 740 quid
664 717 740 734 affirmet
746 717 785 734 sine
792 717 867 734 demon-

369 744 464 764 stratione,
480 743 504 761 ita
519 743 570 760 facile
586 742 657 765 effugiet
667 742 753 760 absurdas
767 742 867 764 opiniones,

340 788 344 790 μ
369 769 411 793 quia
420 768 453 787 hae
459 775 497 786 non
505 767 573 786 hahent
577 768 747 788 demonstrationes,
760 768 788 785 sed
797 771 866 785 tanturn

369 795 469 818 praestigiis
479 793 580 817 sophisticis
590 794 714 812 defendentur.
742 793 835 811 Postremo
848 793 866 810 in

368 820 472 838 universum
485 823 557 843 propter
572 818 618 836 hanc
634 824 704 836 causam
719 818 867 843 etiamtconducit

368 845 458 864 Ecclesiae
469 845 556 864 eruditio,
574 844 615 868 quia
629 844 696 862 indocti
708 847 748 862 sunt
758 847 775 862 et
783 844 866 862 audacio-

369 877 397 889 res
406 875 423 889 et
436 871 577 893 negligentiores.
608 869 693 888 Doctrina
705 870 775 887 frenum
784 870 840 888 iniicit
849 874 866 888 et

368 898 391 915 ad
398 897 508 919 diligentiam
518 896 615 914 assuefacit.
641 895 700 913 Multa
708 896 756 913 enirn
763 896 838 913 eruditis
846 896 865 913 in

368 926 445 940 mentem
455 922 539 942 veniunt,
551 927 597 945 quae
605 925 647 939 sunt
658 921 715 939 vicina
724 921 751 938 illi
759 927 830 942 causae,
844 922 866 939 de

368 954 403 972 qua
418 951 444 966 est
454 947 619 971 pronunciandum:
635 947 697 964 vident
709 953 762 970 quam
778 947 828 965 facile
843 947 866 965 sit

368 974 405 991 labi
416 979 436 991 sc
448 973 515 996 decipi,
531 976 549 990 et
561 973 579 990 in
591 972 631 990 aliis
643 973 711 990 artibus
722 972 814 990 assuefacti
824 976 866 991 sunt

368 1000 391 1017 sd
399 999 510 1022 quaerendos
522 999 579 1016 fontes
586 998 714 1021 negociorum,
729 998 751 1015 ad
762 998 866 1021 explicanda

368 1025 399 1042 illa
411 1030 457 1048 quae
467 1024 551 1041 videntur
558 1024 634 1042 obstare.
664 1022 688 1040 Et
698 1023 765 1041 abeunt
776 1024 833 1041 studia
846 1024 865 1041 in

367 1055 435 1071 mores,
448 1055 502 1073 quare
511 1048 553 1067 haec
564 1049 602 1072 ipsa
611 1049 714 1071 diligentia,
724 1054 769 1072 quae
778 1049 797 1066 in
805 1049 866 1073 inqui-

368 1076 432 1094 sitione
443 1075 524 1098 pouitur,
539 1075 596 1097 giguit
606 1074 717 1092 modestiam.
742 1074 799 1092 Porro
809 1075 866 1092 auda-

367 1101 393 1119 cia
406 1107 447 1118 cnm
460 1100 567 1123 negligentia
583 1100 689 1121 coniuncta,
705 1103 791 1123 quantum
804 1100 866 1118 afferat

366 1126 452 1149 periculi,
470 1126 552 1144 omnium
564 1129 640 1143 aetatum
652 1125 730 1148 exempla
746 1125 765 1142 in
781 1126 865 1144 omnibus

367 1151 469 1169 civitatibus
479 1155 496 1169 et
508 1151 527 1169 in
539 1151 576 1174 ipsa
584 1150 663 1169 Ecclesia
671 1151 777 1172 ostendunt,
789 1158 835 1175 quae
842 1152 865 1169 ab

367 1177 444 1195 indoctis
452 1180 516 1194 temere
524 1177 626 1198 ruentibus,
637 1180 655 1194 et
662 1180 712 1194 antea
720 1182 772 1200 saepe
779 1177 865 1195 dilacera-

367 1206 384 1221 ta
393 1206 418 1220 est
424 1216 429 1224 ,
442 1206 460 1220 et
468 1201 501 1220 hoc
510 1206 590 1226 tempore
598 1202 693 1220 crudeliter
702 1202 813 1222 dilaceratur.

418 1241 479 1266 [taque
491 1247 532 1263 vos,
546 1241 610 1264 optimi
622 1242 722 1263 auditores,
738 1242 817 1265 primurn
832 1242 865 1259 ad-

366 1267 439 1289 hortor,
458 1271 477 1286 ut
489 1267 568 1290 cogitetis
580 1267 638 1285 studia
653 1271 711 1285 vestra
722 1274 762 1285 vere
774 1268 796 1285 ad
808 1267 864 1286 Psem-

366 1293 409 1316 pub.
417 1296 435 1310 et
442 1292 539 1311 Ecclesiam
551 1293 648 1316 pertinere;
661 1299 703 1310 narn
712 1293 803 1311 doctrinae
815 1293 863 1316 puri-

365 1322 392 1337 tas
408 1322 425 1336 et
438 1318 542 1339 concordia,
559 1319 633 1336 salutem
646 1322 663 1336 et
679 1319 791 1336 concordiam
805 1318 864 1336 homi-

365 1350 419 1365 num,
435 1350 454 1361 ac
466 1344 560 1367 praecipue
571 1343 661 1361 Ecclesiae
670 1348 768 1363 conservat.
793 1344 864 1362 Deinde

366 1376 398 1387 vos
405 1373 477 1392 propter
486 1369 560 1392 gloriam
567 1368 600 1387 Dei
606 1383 611 1390 ,
624 1375 676 1393 quam
684 1370 771 1387 anteferre
779 1370 864 1387 omnihus

365 1396 419 1413 rebus
431 1395 524 1416 debemus,
545 1395 610 1412 deinde
625 1398 698 1418 propter
712 1394 801 1413 Ecclesiae
815 1395 863 1413 salu—

365 1424 412 1441 tem,
425 1426 469 1443 quae
480 1420 532 1437 nohis
541 1421 592 1438 dehet
601 1426 639 1438 esse
651 1419 762 1442 charissima,
778 1421 862 1441 obtestor,

365 1449 386 1464 ut
393 1445 423 1463 has
432 1446 507 1469 optimas
515 1446 626 1468 disciplinas,
639 1452 683 1469 quas
694 1445 810 1470 Philosophia
819 1452 862 1464 con-

364 1472 418 1493 tinet,
429 1471 559 1493 conservandas
566 1477 602 1489 esse
608 1472 698 1494 statuatis,
709 1476 727 1490 et
734 1472 788 1490 ineas
794 1472 862 1490 maiore

690 172 771 193 DECL.
785 172 825 193 DE
839 172 1053 194 vnlnosorum.

891 217 951 236 studio
960 217 1077 239 incumbatis,
1089 221 1110 236 ut
1117 217 1194 236 solidam
1203 217 1302 236 doctrinam
1311 217 1363 236 vobis
1373 221 1391 237 a

890 243 953 268 utilem
961 242 1041 262 humano
1049 243 1110 267 generi
1117 243 1229 267 comparetis.
1253 242 1390 267 Epaminondas

892 269 1018 294 interrogatus,
1029 269 1074 293 quid
1082 269 1099 287 ei
1110 269 1129 286 in
1137 269 1173 287 vita
1184 269 1335 287 iucundissimum
1343 269 1398 289 socie,

892 295 955 317 disset,
970 295 1071 318 respondit:
1089 294 1134 312 Inde
1146 300 1165 313 se
1176 295 1271 313 maximam
1279 295 1390 319 voluptatum

892 321 968 344 cepisse,
979 321 1028 345 qnod
1035 320 1081 338 vivis
1088 320 1192 344 parentibus
1202 320 1294 339 liberasset
1304 320 1390 339 servitute

892 346 977 369 patriam,
996 346 1048 364 vieti·
1068 346 1137 369 ingenti
1152 346 1220 369 praelio
1235 345 1390 366 lacedaemoniis.

893 371 974 390 Testatus
988 375 1015 390 est
1026 371 1074 390 enirn
1084 376 1174 395 utrunque
1183 371 1218 389 sihi
1229 372 1325 390 maximam
1336 372 1390 390 volu-

893 401 958 421 ptatem
976 397 1064 419 attulisse,
1084 397 1152 421 patriae
1164 398 1240 415 salutem
1259 401 1278 415 et
1293 401 1389 421 parentum

893 423 990 445 laeticiam,
1002 429 1055 447 quam
1062 423 1099 441 illis
1107 423 1195 441 attulisset
1203 423 1235 441 filii
1246 423 1320 441 victoris
1332 423 1390 441 virtus

892 452 909 466 et
920 449 982 472 gloria.
1013 448 1085 467 Utinam
1096 449 1121 466 sic
1132 454 1174 471 erga
1182 448 1280 466 Ecclesiam
1290 448 1352 467 affecti
1365 448 1392 467 si-

892 480 941 496 mus,
953 478 974 492 ut
981 473 1027 492 hanc
1034 480 1121 492 summam
1132 474 1239 497 voluptatem
1252 474 1349 496 ducamus,
1363 474 1390 492 vi-

892 500 934 518 dere
948 500 1041 518 florentem
1057 503 1075 518 et
1091 500 1206 523 tranquillam
1221 498 1329 521 Ecclesiam,
1344 506 1390 524 quoe

892 525 951 543 verius
962 529 988 543 est
998 525 1064 548 patria,
1077 531 1131 549 quam
1142 525 1187 543 illud
1195 525 1262 547 solum,
1275 525 1303 543 illi
1311 529 1390 549 pessates,

892 551 923 575 qui
930 557 963 569 nos
970 554 1077 573 exceperunt
1087 555 1184 571 nascentes,
1190 554 1208 569 et
1215 555 1314 574 praestare,
1326 554 1349 569 ut
1354 550 1390 569 Eo-

892 577 954 597 clesia,
966 575 999 594 hoc
1010 580 1046 598 est,
1058 577 1141 594 coelestes
1148 576 1214 599 Angeli
1221 579 1239 594 et
1247 577 1343 595 universus
1349 583 1390 595 coe-

891 606 920 621 tus
929 603 1011 625 piorum,
1024 608 1076 626 quem
1085 605 1105 620 ut
1112 605 1193 625 parentes
1202 602 1257 620 vereri
1265 605 1283 620 et
1291 608 1352 620 amare
1359 602 1390 620 de-

892 631 928 649 cet,
939 634 959 645 ex
971 628 1037 645 uostris
1047 627 1144 645 benefactis
1155 628 1231 645 solidam
1242 628 1354 651 voluptatem
1361 634 1389 646 eo-

891 654 947 677 piant.
980 652 1058 671 Eeontra
1071 653 1131 671 nullos
1141 653 1229 671 cruciatus
1240 653 1342 671 acerbiores
1353 659 1389 672 ase

891 682 998 699 statuamus,
1011 684 1065 702 quam
1076 679 1137 696 videre
1149 678 1247 696 Ecclesiam
1258 679 1363 702 dissipatam
1372 683 1389 698 et

892 705 964 728 quidem
974 704 1041 722 nostris
1051 704 1180 727 cupiditatibus
1188 704 1277 722 coniectos
1285 703 1387 727 Angelum

891 733 961 748 coetum
972 730 1043 753 piorum
1054 729 1073 747 iu
1080 730 1147 748 luctum
1156 736 1177 748 ac
1185 730 1271 748 dolorem¹
1298 729 1343 748 Non
1351 730 1389 748 dim

892 754 921 773 hic
932 756 955 773 de
965 755 1058 778 praemiis,
1071 756 1121 774 decet
1131 756 1180 773 enim
1189 761 1222 773 nos
1230 755 1295 773 virtute
1304 755 1344 779 ipsa
1352 762 1390 774 mo-

892 781 939 802 veri,
951 781 1017 799 debent
1028 781 1075 804 apud
1087 787 1119 798 nos
1131 781 1189 798 valere
1197 780 1286 799 Ecclesiae
1298 782 1365 800 esritas
1373 785 1390 800 ct

891 806 937 824 ratio
948 806 1013 828 officii,
1026 807 1074 830 quod
1083 806 1122 824 Deo
1133 807 1214 824 debetur.
1239 806 1274 825 Sed
1283 810 1346 825 tamen
1354 813 1390 826 non

891 832 974 850 defutur-
988 836 1030 850 sunt
1045 832 1098 850 etiam
1113 832 1191 855 praemia
1207 835 1254 850 recte
1268 832 1387 855 discentibu5

891 857 939 876 Deus
955 858 1003 876 enim
1018 858 1087 881 inquit:
1103 857 1229 876 Glorifieantes
1241 864 1269 876 me
1279 858 1386 881 glorificabo.

891 882 915 902 Et
926 883 941 901 si
950 889 1011 901 sumus
1018 882 1126 904 Christiani,
1140 883 1173 901 hac
1182 889 1212 907 spe
1220 883 1298 902 officium
1307 888 1384 903 nustmm

891 909 947 927 facere
957 909 1051 930 debemus,
1064 912 1083 927 ut
1093 909 1190 927 sentiamus
1199 915 1231 927 nos
1238 908 1277 927 Deo
1286 916 1342 928 curae
1349 916 1386 931 esse,

891 941 915 952 ne
924 941 1005 958 egeamus
1016 940 1050 952 uos
1061 938 1079 952 et
1089 934 1141 952 liberi
1150 935 1213 953 nostri.
1239 934 1278 952 lmo
1284 936 1350 954 scitote
1357 942 1386 954 no-

891 964 926 978 stra
934 966 997 982 causa,
1008 966 1046 978 uon
1054 959 1181 984 Tyrannorum
1187 973 1192 980 ‚
1205 966 1241 978 non
1250 966 1312 979 eorum
1320 961 1354 985 qui
1361 961 1386 985 pris

891 986 949 1004 studia
957 986 1044 1007 oderunt,
1057 985 1103 1003 hanc
1109 989 1164 1004 totam
1173 992 1232 1004 rerum
1241 989 1324 1004 naturam
1333 993 1344 1005 a
1352 986 1386 1005 neo

891 1012 1002 1033 conservari,
1015 1012 1070 1029 solem
1081 1011 1134 1032 oriri,
1147 1012 1215 1029 efficere
1226 1015 1328 1035 temporum
1336 1013 1385 1031 vids-

891 1037 986 1058 sisudines,
999 1040 1019 1055 ut
1025 1037 1061 1060 agri
1070 1037 1113 1054 fiant
1119 1037 1209 1055 foecundi.
1235 1036 1291 1055 Recte
1299 1037 1335 1056 hoc
1342 1038 1386 1056 Stoi-

891 1063 917 1084 ci,
930 1062 997 1080 Omnia
1005 1068 1041 1080 esse
1049 1061 1091 1084 Dei3
1105 1062 1224 1086 philosophos
1232 1066 1290 1080 aulem
1298 1069 1337 1081 esse
1345 1063 1386 1081 ami-

892 1094 921 1106 cos
933 1087 974 1106 Dei:
988 1094 1042 1112 quare
1051 1088 1111 1105 omnia
1120 1088 1173 1106 etium
1181 1092 1223 1106 suns
1230 1087 1386 1112 Philosophorum.

892 1114 953 1138 linque
965 1114 1033 1137 ingenti
1044 1114 1105 1131 animo
1112 1112 1156 1131 haec
1164 1114 1222 1131 studia
1230 1114 1324 1133 literarum
1332 1118 1350 1133 et
1358 1115 1386 1133 dc-

891 1140 992 1160 feudamus,
1003 1143 1021 1157 et
1031 1140 1051 1157 iu
1062 1138 1095 1157 hac
1105 1139 1182 1157 statione
1194 1140 1281 1160 divinitus
1292 1140 1385 1159 collocatos

891 1171 924 1183 nos
934 1171 970 1183 esse
980 1165 1089 1186 iudicemus,
1102 1170 1176 1189 eamque
1187 1165 1210 1183 ob
1218 1171 1288 1183 cansam
1297 1169 1314 1184 et
1321 1165 1385 1184 maie-s

891 1197 932 1208 cura
945 1191 1030 1208 faciamus
1038 1191 1126 1212 officium,
1138 1194 1155 1209 et
1164 1191 1220 1209 nostri
1232 1191 1300 1209 laboris
1310 1191 1385 1215 praemia

890 1223 900 1234 s
907 1216 945 1234 Deo
953 1220 1069 1239 expectemus.
1094 1216 1141 1234 Dixi.

896 1308 929 1327 No.
938 1308 969 1326 39.
1298 1316 1313 1328 a.

893 1332 979 1340 m

1327 1312 1372 1329 1³³⁶.

1280 1334 1381 1343 „w

990 1362 1072 1392 Praef.
1086 1364 1112 1385 in
1124 1363 1291 1386 arithmeticen.

926 1409 967 1430 Apus
977 1408 1015 1439 5¹:521.
1026 1408 1061 1434 sm.
1071 1413 1084 1426 ρ.
1094 1409 1125 1430 ⁴3¹·
1144 1408 1159 1422 ι..
1167 1408 1244 1430 pau-5¹³¹.
1251 1410 1268 1424 r.
1275 1409 1288 1430 ¹·.
1293 1414 1307 1428 p.
1314 1410 1353 1429 sss„
1361 1409 1380 1424 uu

939 1428 1037 1461 22:55'152'5„
1042 1426 1073 1457 35¹3.
1077 1426 1313 1463 ,⁸¹izz'ss:.;¹¹÷¹f'z‘¹;h“3ezf·¹ff,;ss
1319 1428 1380 1459 0¹:2⁵5ss

939 1463 961 1475 cte
968 1461 1055 1475 inscribitur:
