4664 6022
113 306 163 387 ιο
481 232 484 237 ¹
654 292 823 375 unct.
862 294 938 375 DE
971 296 1316 375 DlGNlTATE
1347 298 1574 379 LEGEM.
2063 312 2141 388 080

113 483 156 570 ia,
183 505 255 576 quo
273 478 389 552 maius
403 474 583 568 impendet
598 472 816 565 perieulum,
842 486 881 544 ut
898 474 962 568 qui
979 487 1084 545 eurnt
1135 470 1233 545 llaec
1257 482 1299 544 eo
1320 476 1506 565 cogitanda
1529 491 1631 558 sunt,
1666 479 1748 572 quia
1776 497 1869 553 certe
1893 478 2050 557 hominis
2072 505 2132 575 est,

113 586 299 679 rperstites,
325 580 581 674 possessionem
598 577 740 664 artium,
764 577 961 670 quaeritas
978 577 1083 647 utiles
1133 580 1178 649 ad
1206 602 1294 672 quas
1315 594 1427 649 metas
1450 580 1520 650 vita
1544 582 1729 673 dirigenda
1747 585 1811 669 sit,
1837 600 1872 657 et
1896 594 2074 682 quomodo
2091 593 2129 663 in

113 703 180 776 rut,
205 689 392 761 retineant.
425 680 578 754 Etiamsi
593 681 714 751 fatales
729 703 863 771 poenae
879 680 1082 772 oppriment
1133 683 1242 752 tantis
1269 682 1439 753 llnctibus
1461 687 1634 771 regenda,
1668 688 1838 758 mediocri
1866 694 2019 784 quadam
2045 696 2129 765 dili·

113 795 258 865 trndum
284 803 429 882 propter
449 785 646 878 Epicureos
669 785 826 868 furores,
852 783 969 869 idola,
996 782 1081 853 libi·
1133 785 1248 874 gentia
1266 787 1477 877 prospicere.
1531 785 1627 857 Dixi.

113 904 183 967 ures
206 910 241 967 et
263 894 333 964 alia
351 891 502 983 flagitia,
527 902 646 958 tamen
667 899 762 957 certo
784 889 913 957 scimus
934 910 1079 958 mansu-

113 1024 157 1071 un
180 1023 254 1069 esse
270 995 465 1068 Ecclesiam
481 991 566 1077 Dei,
591 1004 624 1061 et
640 990 784 1084 quidem
800 992 838 1059 in
862 986 928 1059 bac
951 989 1079 1059 ultima

113 1105 210 1177 nudi
223 1115 359 1173 senecta
373 1101 529 1168 futuram
546 1107 749 1184 angustam,
775 1107 809 1163 et
827 1092 995 1164 servitirte
1012 1117 1078 1185 op—
1218 1158 1232 1191 ‚

113 1229 257 1286 mam,
283 1206 342 1273 sed
357 1224 561 1271 mansuram
578 1212 708 1267 tamen.
879 1246 882 1251 -
1130 1188 1197 1261 No.
1224 1185 1287 1262 75.
1923 1224 1973 1270 ,no
2005 1206 2099 1273 1⁵43.

181 1308 318 1381 Nervus
346 1305 455 1396 igitur
483 1317 587 1396 atque
607 1312 815 1370 ornamenta
843 1312 964 1369 noster
986 1300 1075 1368 ordo
1129 1287 1269 1314 Μ
1907 1293 2122 1335 ννν

114 1412 246 1498 lineat,
273 1436 342 1506 qua
360 1411 399 1478 in
414 1432 452 1476 re
467 1401 534 1475 hac
548 1404 651 1475 etiam
670 1401 913 1473 consolatione
927 1426 989 1472 vos
1005 1401 1076 1470 eri·
1357 1394 1435 1478 De
1462 1393 1700 1505 dignitate
1724 1400 1898 1510 legum.

113 1531 172 1604 te,
197 1517 296 1610 qnod
313 1513 377 1584 etsi
402 1511 471 1582 late
496 1521 673 1598 grassatur
694 1505 810 1584 rabies
824 1503 995 1586 Turrita,
1021 1518 1075 1574 ta-
1196 1565 1227 1620 ,n
1243 1566 1393 1623 neetsmac
1412 1564 1446 1621 T·
1462 1568 1483 1623 Ι.

1521 1569 1621 1625 stilos
1643 1589 1683 1641 q.,
1707 1569 1735 1624 in
1756 1568 1875 1630 Servest.
1889 1573 1922 1629 T.
1939 1573 1959 1628 Ι.
1979 1593 2006 1645 p.
2019 1577 2079 1635 241.
2099 1587 2125 1633 et

113 1642 161 1693 en
186 1620 351 1714 quintam
367 1607 616 1684 Mondrtllliss'ss
639 1632 713 1679 ¹¹⁰ss
738 1607 939 1678 constiluel·
990 1605 1074 1677 N⁰¹¹
1229 1637 1301 1709 apud
1316 1638 1444 1696 Richard.
1458 1637 1492 1692 T.
1502 1587 1535 1690 ll
1550 1656 1577 1709 p.
1590 1588 1650 1693 tlh.
1687 1638 1788 1694 Eadem
1806 1642 1895 1696 oratio
1911 1643 2012 1714 legitur
2025 1647 2124 1702 iterum

113 1745 201 1795 unes
218 1724 257 1791 in
271 1717 415 1810 Europa
440 1727 560 1806 gentes
582 1709 668 1784 haec
687 1711 866 1781 barbaries
886 1710 1074 1802 opprimet
1227 1705 1411 1765 iaromir.
1424 1708 1576 1764 Declamas.
1606 1709 1667 1766 tid.
1680 1709 1752 1764 intra
1767 1729 1812 1764 an.
1831 1713 1907 1770 15⁵6.
1926 1715 1980 1770 no.
1996 1717 2055 1774 150.

190 1825 240 1843 ''
347 1824 396 1890 im
424 1819 507 1890 eriis
530 1817 645 1887 dicam
692 1814 767 1886 Deo
810 1815 904 1883 otius
921 1810 1074 1883 Germa·
1301 1871 1309 1889 ,
1443 1874 1450 1890 ,
1508 1874 1516 1890 ο
1753 1874 1757 1881 ¹

113 1820 605 2004 dnllllldltilim'cdmmendo,
639 1871 697 1988 ciri
720 1919 758 1986 in
786 1840 852 1986 liae
876 1916 1073 1987 calamitate
1199 1867 1599 1968 oratwded'ilmlale
1618 1872 1754 1969 lelium·
1786 1877 2047 1950 ΜΠΧΜΠ·

113 2056 145 2105 rr
160 2026 253 2126 proh
268 2030 374 2100 dolor
390 2025 497 2098 nimis
518 2047 599 2092 vere
619 2021 785 2109 congruit
798 2018 985 2090 Almaniae
1006 2044 1073 2089 no·
1124 2003 1311 2089 Usitatum
1325 2034 1377 2090 est
1393 2015 1554 2091 hocloco
1582 2035 1615 2091 et
1641 2022 1680 2090 in
1695 2017 1752 2092 his
1765 2026 1971 2115 spectaculis
1986 2029 2123 2123 aliquid

113 2158 169 2211 ιιι.
221 2132 313 2204 Nam
329 2131 483 2201 Almana
498 2122 647 2197 Ebraeis
666 2125 770 2194 vidua
783 2136 847 2195 est.
1124 2121 1169 2190 de
1186 2120 1303 2211 legum
1318 2122 1489 2213 dignitate
1503 2125 1633 2210 dicere,
1658 2127 1702 2195 ad
1721 2152 1873 2220 quarum
1888 2134 2123 2202 ,emmim

176 2234 314 2308 Verum
340 2257 467 2303 revoco
500 2255 575 2314 me,
612 2231 656 2297 de
682 2224 839 2298 Ecclesia
866 2226 1072 2316 cogitemus,
1124 2238 1218 2293 certe
1234 2225 1378 2295 excitari
1401 2221 1565 2296 homines
1584 2228 1737 2297 maxime
1750 2233 1904 2320 prodest.
1957 2230 2034 2304 Etsi
2059 2260 2123 2304 au.

113 2364 168 2413 ιιιο
199 2339 307 2411 etiam
333 2338 435 2430 siqua
469 2334 535 2403 erit
568 2331 814 2422 imperitorum
842 2329 1073 2421 perturbatio,
1123 2341 1194 2397 tem
1212 2341 1248 2398 et
1263 2350 1326 2417 ego
1342 2330 1386 2397 de
1405 2330 1528 2399 eodem
1552 2346 1762 2420 argumento
1779 2334 1897 2403 dicere
1919 2338 2041 2428 cupio,
2068 2352 2123 2408 ra.

113 2466 277 2517 mtnram
293 2463 368 2512 esse
389 2440 551 2509 sciamus.
577 2472 583 2483 ·
602 2431 697 2503 Huic
717 2432 846 2502 serviat
863 2447 981 2504 nostra
1002 2432 1073 2499 mi·
1123 2453 1206 2499 men
1231 2454 1302 2523 quo
1325 2432 1465 2523 saepius
1487 2436 1532 2503 de
1555 2434 1736 2524 imperiis,
1770 2439 1813 2505 de
1829 2438 1922 2508 vitae
1943 2441 2122 2528 guberna·

113 2548 166 2627 ia,
187 2558 330 2638 propter
345 2537 437 2612 hanc
451 2540 665 2608 retineamus
681 2535 863 2605 doctrinae
879 2535 1074 2628 possessio·
1123 2533 1236 2619 tione,
1263 2536 1308 2603 de
1325 2536 1462 2625 legibus
1477 2550 1512 2606 et
1530 2537 1690 2618 indiciis,
1717 2563 1807 2631 quae
1825 2555 1907 2610 sunt
1929 2544 2029 2612 nervi
2056 2567 2122 2633 gu.
2244 2591 2250 2601 .

113 2673 175 2733 ern,
198 2662 237 2719 ut
253 2649 411 2719 iecerunt
426 2646 464 2713 in
480 2642 585 2710 exilio
602 2636 797 2711 Chaldaico
811 2635 953 2724 Daniel,
974 2636 1073 2728 llag-
1123 2636 1361 2722 bernationis‚
1387 2640 1657 2733 tranquillitatis
1684 2655 1718 2711 et
1738 2642 1967 2734 disciplinae,
1994 2647 2121 2735 cogito,

113 2772 195 2837 teus,
220 2744 419 2832 Zacharias,
445 2761 479 2816 et
495 2744 602 2814 multi
616 2742 749 2813 similes
764 2742 834 2810 viri
850 2743 957 2812 docti.
992 2739 1071 2813 Etsi
1123 2763 1164 2808 eo
1190 2737 1281 2810 mihi
1302 2741 1483 2811 difficilius
1506 2759 1557 2814 est
1576 2743 1705 2833 eligere
1722 2770 1762 2814 ex
1779 2759 1875 2817 tanta
1891 2749 1985 2817 mole
1999 2774 2119 2819 rerum

113 2866 170 2927 en
191 2850 484 2924 sedesEcclesiae
508 2872 581 2917 non
606 2860 657 2916 est
680 2845 720 2913 in
741 2845 919 2937 imperiis,
953 2858 1072 2914 tamen
1122 2845 1219 2934 quod
1236 2844 1363 2931 dicam.
1415 2842 1577 2915 Primum
1594 2845 1690 2915 enim
1708 2873 1814 2940 quam
1831 2851 1975 2921 difficile
1997 2866 2048 2924 est
2063 2877 2122 2923 η.

113 2957 363 3051 repromittere
380 2954 449 3046 piis
464 2949 692 3041 Principibus
707 2971 872 3039 possum,
900 2948 1072 3038 tantisper
1121 2949 1296 3038 spondere
1312 2944 1508 3041 Cyclopum
1526 2964 1560 3019 et
1577 2947 1838 3021 Centaurorum
1856 2954 2031 3045 opinioni,
2057 2956 2121 3048 qui

113 3084 160 3133 nn
176 3060 217 3129 in
233 3055 299 3129 hac
314 3058 459 3152 cymba,
487 3054 524 3122 id
542 3065 604 3136 est,
629 3052 668 3120 in
687 3047 843 3121 Ecclesia
861 3065 977 3135 erunt,
1002 3051 1072 3117 im-
1122 3050 1160 3116 in
1180 3064 1275 3119 tanta
1292 3052 1500 3120 confusione
1517 3077 1635 3122 rerum
1652 3049 1902 3142 humanarum,
1921 3053 1989 3127 hoc
2006 3071 2118 3127 totum

113 3162 314 3237 fiscorum
332 3181 499 3230 mansura
515 3179 599 3228 esse.
633 3151 702 3224 Sed
721 3153 783 3246 qui
800 3153 892 3221 hanc
908 3153 1070 3246 cymbam
1122 3156 1216 3243 quod
1247 3176 1413 3228 vocamus
1445 3154 1576 3243 legem,
1616 3170 1650 3225 et
1680 3157 1861 3246 politicam
1889 3161 2119 3251 sapientiam,

113 3265 260 3350 cudent,
282 3263 345 3358 qui
360 3262 556 3332 vastitatem
571 3257 608 3325 iu
624 3252 794 3325 Ecclesiis
810 3279 873 3325 sua
887 3255 1072 3345 negligen-
1121 3254 1245 3325 dicunt
1261 3255 1368 3324 inane
1391 3280 1525 3326 nomen
1548 3280 1638 3342 esse,
1666 3258 1701 3325 vi
1725 3273 1759 3328 et
1775 3261 1885 3329 armis
1900 3262 1979 3353 rapi
2005 3264 2118 3356 impe.

113 3369 288 3452 rincieut,
314 3379 353 3437 ut
368 3364 503 3435 iaciunt
524 3360 705 3453 plerique,
731 3359 794 3452 qui
814 3359 931 3428 studia
948 3358 1071 3429 litera·
1121 3358 1194 3443 ria,
1219 3373 1253 3428 et
1276 3359 1350 3448 regi
1373 3358 1742 3450 arbitriis'potentum
1766 3362 1938 3454 tantisper
1955 3366 2041 3432 dum
2065 3380 2118 3435 te·

113 3470 329 3560 mutingni
352 3469 487 3550 sinent,
513 3459 552 3535 hi
575 3463 722 3533 audiant
739 3456 803 3529 has
818 3461 950 3530 minas:
977 3457 1070 3530 Ecce
1119 3475 1261 3533 nentur.
1314 3459 1404 3531 Nam
1429 3476 1471 3532 ut
1492 3475 1609 3532 vetera
1634 3463 1792 3554 exempla
1821 3466 2002 3550 omittam,
2027 3456 2148 3560 quid¹

113 3572 168 3647 nli
181 3571 253 3645 Dei
268 3595 375 3663 super
392 3591 541 3659 regnum
566 3587 732 3657 peccans,
756 3577 791 3633 et
812 3564 946 3634 delebit
966 3563 1070 3636 illud.
1119 3561 1272 3634 Turcica
1296 3565 1477 3634 barbaries
1498 3566 1590 3634 ullas
1613 3566 1705 3654 leges
1727 3567 1852 3635 curat?
1886 3567 2117 3658 progreditur

113 3676 189 3749 ldit
218 3689 337 3746 autem
372 3667 551 3762 Propheta
584 3671 735 3738 eandem
771 3666 1071 3753 consolationem,
1117 3668 1214 3759 quod
1248 3680 1364 3759 potest
1397 3683 1431 3739 et
1456 3669 1493 3737 vi
1519 3669 1697 3760 oppressis
1723 3670 1875 3762 imperat
1900 3696 1990 3767 qnae
2017 3672 2115 3745 libet.

113 3803 179 3853 tum
202 3780 307 3850 toties
329 3777 400 3844 iam
414 3773 592 3855 recensui,
618 3773 677 3840 sed
697 3768 802 3840 lacob
827 3769 971 3864 inquits
987 3768 1069 3840 Non
1119 3768 1214 3842 Ante
1234 3785 1377 3841 centum
1393 3763 1436 3867 ⁶)
1458 3796 1572 3842 annos
1586 3771 1919 3865 Constantinopolis
1937 3770 2116 3845 llore'ntis-

114 3884 217 3966 tebo,
252 3881 315 3952 etsi
338 3892 378 3948 ut
398 3876 555 3946 triticum
577 3875 617 3943 in
636 3874 754 3944 cribro
776 3874 996 3958 concutiam,
1029 3897 1069 3943 ac
1117 3873 1205 3942 sima
1231 3870 1351 3944 schola
1375 3876 1445 3946 tuit
1472 3891 1674 3947 nostrarum
1700 3877 1834 3967 legum:
1867 3902 1964 3948 nunc
1988 3880 2112 3970 procul

113 3986 242 4077 trsstbo·
294 3977 464 4052 Omlras
484 3977 739 4068 descriptiones
756 3991 791 4046 et
808 3976 981 4066 imagines
997 3973 1069 4044 Ec-
1118 3976 1219 4065 pulsa
1234 3974 1299 4048 hac
1316 3979 1491 4063 doctrina,
1512 3980 1632 4049 omnia
1649 3981 1755 4050 unius
1772 3982 1913 4074 tyranni
1929 3998 2030 4065 nutu,
2053 3996 2113 4052 aut

113 4089 216 4172 etiae,
247 4084 453 4179 praesertim
483 4080 599 4150 nostri
624 4079 812 4170 temporis,
845 4104 935 4172 quae
970 4074 1068 4149 haud
1117 4080 1261 4150 barbari
1281 4082 1432 4151 alicuius
1453 4083 1554 4151 ducis
1583 4095 1764 4170 reguntur.
1824 4082 1883 4153 Sic
1907 4108 1986 4154 cum
2015 4085 2114 4154 orbis

113 4192 182 4265 rbie
196 4189 396 4282 propositae
412 4199 507 4267 sunt,
533 4185 577 4251 ad
594 4182 875 4275 praemonendus
887 4197 921 4252 et
937 4181 1067 4252 confir·
1117 4195 1292 4253 terrarum
1315 4185 1570 4254 dilaceraretur
1593 4187 1638 4253 ab
1663 4182 1857 4255 Alexandri
1892 4189 2114 4271 satellitibus,

113 4296 222 4369 indos
244 4294 340 4384 pios,
365 4292 404 4359 in
426 4283 482 4358 his
502 4285 588 4377 ipsis
610 4284 795 4377 periculis,
822 4309 912 4377 quae
934 4284 1003 4353 iarn
1020 4285 1068 4355 ob
1116 4275 1207 4379 quae
1223 4288 1274 4356 ibi
1291 4288 1407 4376 legum
1422 4312 1501 4367 vox,
1522 4311 1612 4381 quae
1627 4288 1788 4358 doctrina
1804 4289 1948 4380 politica
1962 4314 2111 4382 usquam

113 4381 407 4470 ulosiersantur.
447 4389 530 4460 Non
547 4403 599 4459 est
615 4389 782 4477 ignavum
801 4410 926 4477 agmen
942 4384 1068 4457 Eccle-
1116 4389 1350 4461 audiebatur?
1399 4386 1490 4460 Cum
1512 4391 1622 4481 igitur
1635 4392 1745 4481 magis
1761 4392 1859 4461 rabie
1873 4405 2110 4486 tyrannorum

113 4528 139 4586 ι,
164 4500 226 4570 sed
248 4496 416 4584 intelligit
431 4493 498 4564 sibi
523 4493 560 4560 in
577 4486 642 4561 hac
659 4492 730 4561 vita
746 4514 934 4561 aerumnas
950 4491 1068 4560 omnis
1116 4506 1150 4562 et
1166 4492 1324 4564 arbitriis
1345 4506 1529 4584 potentum
1552 4494 1672 4563 omnia
1695 4507 1884 4583 gerantur,
1910 4495 1990 4587 quis
2013 4494 2111 4562 locus

113 4603 209 4676 neris
233 4600 432 4694 propositas
456 4619 547 4680 esse,
577 4608 612 4665 et
635 4607 753 4663 tamen
775 4593 918 4662 interim
934 4594 1068 4666 doctri·
1115 4607 1168 4665 est
1184 4597 1378 4687 sapientiae
1405 4610 1440 4669 et
1463 4610 1605 4667 nostrae
1627 4598 1790 4687 politicae
1804 4595 1895 4666 arti?
1925 4595 1998 4664 Nec
2015 4596 2110 4663 enim

113 4731 139 4779 e
153 4704 412 4799 possessionem
428 4699 595 4779 tuendam
613 4720 704 4782 esse,
730 4721 795 4766 nec
817 4696 1067 4783 amiciendam,
1115 4697 1206 4767 illud
1233 4700 1500 4790 imaginandum
1526 4711 1598 4784 est,
1628 4713 1786 4770 nostram
1817 4712 1928 4768 artem
1957 4698 2109 4768 similem

113 4824 214 4904 “l’‘er
228 4829 418 4897 “Ulmum
434 4801 578 4873 excidi&
1115 4824 1188 4873 esse
1211 4803 1378 4885 militari,
1404 4824 1495 4896 quae
1516 4825 1614 4872 nnnc
1636 4799 1816 4880 hostibus,
1849 4824 1945 4869 nunc
1973 4800 2112 4870 civibus

159 4910 282 5002 Quare
298 4909 436 4978 animos
448 4919 584 4974 vestros
598 4902 802 4973 confirmate
816 4902 948 4972 divinis
963 4926 1067 4994 prae-
1115 4905 1243 4986 servit,
1269 4919 1304 4976 et
1317 4905 1488 4997 utrinqne
1502 4898 1567 5000 ”>
1588 4905 1729 4974 iniustis
1746 4902 2002 4993 cupiditatibus
2025 4927 2109 4995 ope-

113 5015 349 5097 tuitionibus,
374 5007 568 5080 incumbite
584 5006 622 5074 in
639 5005 756 5076 studia
771 5005 941 5076 salutaria
960 5006 1065 5087 vitae,
1114 5031 1189 5077 ram
1204 5008 1308 5083 locat.
1350 5004 1432 5077 Atia
1448 5030 1504 5076 res
1518 5021 1571 5079 est
1587 5003 1673 5076 haec
1687 5007 1829 5098 politica
1846 5029 1921 5090 ars,
1945 5029 2007 5075 seu
2023 5005 2111 5074 iuris

121 5117 290 5191 militiam
307 5110 399 5183 hanc
420 5134 495 5181 non
513 5110 628 5180 solum
649 5121 784 5197 gratam
805 5130 880 5177 esse
897 5108 973 5179 Deo
995 5122 1065 5180 sta-
1113 5111 1288 5196 doctrina,
1303 5133 1478 5204 nusquam
1497 5111 1615 5180 locum
1632 5105 1751 5185 habet.
1773 5108 1843 5177 nisi
1860 5108 1900 5176 in
1916 5107 2110 5201 tranquilla

113 5225 175 5305 lle,
200 5219 262 5287 ted
279 5217 383 5287 ellam
399 5215 445 5284 ab
460 5237 502 5283 t²⁰
517 5210 692 5285 adiuvari·
743 5208 819 5281 Hac
834 5234 895 5303 spe
911 5211 943 5283 si
965 5225 1065 5302 pete-
1114 5213 1272 5300 civitate,
1296 5215 1384 5285 etin
1401 5237 1443 5283 eo
1460 5213 1628 5299 consilio,
1653 5212 1749 5303 quod
1765 5212 1810 5280 ad
1827 5234 1988 5282 normam
2007 5209 2110 5280 iusti·

122 5322 317 5402 auxilium,
341 5330 477 5388 certum
498 5329 568 5396 est,
591 5339 665 5383 non
681 5315 757 5383 lore
781 5314 904 5384 irritos
926 5315 1065 5384 labores
1123 5372 1240 5385 -,

113 5443 222 5510 llfflss
261 5424 322 5493 ⁸0d
351 5421 521 5490 “Aulam
546 5419 650 5488 νοω*
682 5431 718 5488 el
741 5417 839 5501 allist
877 5443 950 5510 q¹¹⁰
976 5418 1064 5509 ‘inid
1148 5456 1180 5524 *)
1198 5455 1612 5514 TestusinTom.lV.hsbet=
1631 5463 1944 5511 antecantamenta.

112 5543 183 5605 test
208 5524 349 5599 homini
380 5523 509 5593 melius
542 5534 604 5592 aut
630 5519 822 5609 gloriosius
848 5520 1063 5612 contingere.
1147 5544 1194 5614 κ)
1212 5543 1625 5602 taratara-‚ittam
1642 5542 1800 5613 urorum.

1424 5618 1511 5690 to*
