4672 6016
145 352 210 413 ω
707 310 870 394 nucu
903 309 981 387 nu
1012 306 1351 388 umarrars
1384 306 1607 389 suuuu
2110 316 2190 395 saa

143 530 232 581 ,aaz
253 500 428 603 pracsidio
441 490 617 567 divinitus
631 490 764 561 donata
776 513 863 560 esse.
897 485 952 558 lta
972 487 1140 560 universa
1189 487 1446 577 obtemperare.
1495 482 1640 556 Possem
1661 485 1732 556 alia
1757 487 1873 557 multa
1893 500 2107 580 arguments
2130 492 2193 564 ad.

156 606 268 685 nd'tt'tc
282 628 346 677 scu
362 604 491 673 clarinus
506 596 681 689 quaedam
704 606 776 679 est,
799 591 894 661 mira
913 604 989 660 arte
1005 589 1141 661 divini·
1193 592 1294 670 dere,
1319 589 1380 659 sed
1402 610 1483 658 cum
1506 583 1594 659 haec
1619 589 1803 681 perspicua
1828 603 1863 661 et
1885 591 1988 662 firma
2006 593 2102 681 sint,
2121 602 2196 668 non

143 644 202 799 his
217 706 397 785 tatuit-na,
424 698 561 789 legibus
575 694 864 786 magistratuum,
890 694 1029 780 ordine,
1055 717 1142 764 eon·
1192 694 1321 762 addam
1337 692 1459 784 plura,
1483 692 1690 782 praesertim
1706 716 1789 763 cum
1804 716 1924 765 nesae
1944 694 2076 769 literae
2092 697 2198 771 aiant

147 810 336 893 tractibus,
369 802 530 883 iudiciis,
555 799 762 891 disciplina,
793 796 979 888 praesidiis
998 809 1144 880 armata,
1194 794 1354 885 exempla
1377 794 1490 863 multa
1511 808 1714 888 proponant
1737 795 1878 889 piorum
1905 812 2003 869 extra
2034 798 2198 892 politiam

163 912 273 987 cassinis
299 922 365 981 etc.
425 901 492 973 llis
519 901 609 994 septi
643 924 683 969 ae
713 900 835 970 vallati
860 901 992 986 muris,
1023 912 1144 970 tamen
1197 896 1401 971 Mosaicam.
1456 893 1504 968 Ut
1529 897 1624 967 enim
1647 922 1722 969 non
1740 898 1855 969 dicam
1871 901 1917 970 de
1933 898 2104 975 Patribus
2117 918 2199 977 ante

148 948 264 1091 haum
278 1032 468 1101 agnoscere
483 1025 682 1097 possumus,
695 1027 735 1072 ac
749 1016 910 1085 statuere,
926 998 1019 1073 hanc
1033 1004 1146 1094 ipsam
1196 1003 1323 1092 legem,
1348 1015 1469 1092 postea
1486 1001 1591 1070 etiarn
1606 1000 1711 1071 multi
1727 1002 1776 1094 pii
1792 1002 1938 1073 suerunt
1951 1004 2050 1076 inter
2065 1002 2199 1080 Gentes

152 1116 333 1213 politiam,
361 1136 430 1204 qua
447 1104 534 1177 baec
549 1106 619 1176 vita
635 1107 858 1190 defenditur,
878 1130 951 1175 esse
967 1106 1064 1176 velut
1080 1108 1148 1174 do·
1198 1117 1235 1173 et
1267 1103 1412 1196 quidem
1450 1105 1706 1192 gubernatores
1739 1128 1950 1196 magnorum
1986 1130 2201 1199 regnorum,

154 1243 252 1290 mum
268 1214 445 1285 divinitus
464 1208 570 1279 nobis
591 1209 789 1279 conditam:
815 1233 880 1277 nec
894 1210 1041 1280 interest
1056 1209 1149 1279 vitae
1199 1205 1380 1292 Naaman,
1414 1205 1717 1298 Nabugdonosor,
1753 1205 1906 1297 Quos,
1936 1208 2070 1307 Cyrus.
2130 1210 2200 1285 tta

154 1317 333 1414 spirituali
359 1339 399 1384 ac
416 1319 599 1397 aeternae,
623 1324 745 1381 utrum
764 1306 851 1381 haec
869 1313 1008 1397 domus,
1034 1312 1151 1394 idest,
1200 1306 1345 1380 Danieli
1376 1310 1471 1400 apud
1493 1307 1618 1378 Persas
1646 1309 1749 1380 licuit
1780 1306 2014 1384 haereditates
2041 1314 2201 1387 diuidere
2243 1290 2247 1431 4

158 1422 305 1517 politia,
332 1418 421 1485 sita
443 1413 581 1499 Motae,
609 1437 656 1482 an
677 1417 723 1485 ab
746 1415 825 1484 aliis
848 1414 1152 1504 legumlatoribus,
1204 1411 1416 1483 ludaeorum
1442 1411 1598 1502 legibus,
1624 1415 1720 1505 quod
1737 1411 1893 1485 Romani
1917 1417 2201 1491 centurionesas

141 1540 198 1603 ¹ut
220 1525 270 1594 ita
286 1521 421 1601 dicam,
445 1517 636 1596 fabricata,
661 1518 768 1586 modo
790 1530 830 1587 ut
846 1517 893 1587 sit
914 1530 1150 1587 consentanea
1202 1516 1334 1587 milites
1358 1516 1396 1584 in
1421 1509 1569 1585 historia
1586 1511 1801 1605 Evangelica
1825 1517 2031 1594 laudantur.
2085 1518 2202 1611 Quare

158 1627 230 1697 iuri
245 1637 403 1692 naturae.
435 1617 476 1688 ld
493 1619 646 1710 primum
662 1615 950 1710 hocargnrneutu
963 1622 1152 1691 confirmo:
1203 1614 1297 1687 nihil
1313 1618 1516 1688 dubitemus
1528 1618 1669 1710 placere
1685 1616 1782 1705 Deo,
1807 1619 1915 1690 etiam
1929 1636 2093 1695 caetem
2114 1622 2203 1717 poli-

161 1726 327 1820 Apostoli
351 1724 390 1792 in
412 1719 513 1791 Actis
536 1722 650 1814 capite
671 1720 727 1794 15.
752 1724 992 1815 pronunciant
1016 1723 1151 1815 perspi·
1204 1723 1297 1807 tias,
1315 1722 1347 1791 si
1368 1734 1527 1802 tantum,
1556 1735 1595 1791 ut
1617 1721 1711 1802 diri,
1743 1746 1818 1791 non
1842 1739 2004 1816 pugnent
2022 1750 2111 1796 enm
2131 1726 2204 1801 itte

160 1854 243 1909 cue,
269 1851 344 1898 nun
362 1848 435 1894 esse
451 1826 651 1894 onerandas
668 1823 802 1895 Gentes
827 1827 903 1915 lege
919 1824 1048 1895 Moisi:
1081 1826 1155 1894 imo
1205 1838 1366 1910 naturae,
1391 1826 1486 1918 quud
1500 1837 1563 1909 est,
1588 1837 1629 1894 ut
1645 1822 1779 1895 Paulus
1790 1825 1928 1921 inquit:
1957 1825 2203 1901 lnsDeidici-

161 1932 289 2002 Petrus
316 1952 436 1998 severe
471 1927 637 2017 obiurgat
667 1928 847 1999 diversum
875 1929 1084 2014 sentientes,
1116 1952 1157 1996 ac
1206 1929 1304 1998 nitus
1319 1927 1530 2019 inscriptum
1545 1921 1713 1997 humanis
1729 1930 1928 2014 mentibus,
1951 1944 1996 2002 ut
2008 1953 2033 2001 s
2048 1930 2130 2005 Dan
2145 1928 2204 2005 hs·

162 2033 300 2128 inquit,
331 2043 549 2102 sustentare
569 2025 706 2115 Deum,
739 2056 809 2124 quo
827 2032 952 2101 durius
969 2026 1063 2101 nihil
1084 2031 1155 2100 dici
1206 2028 1330 2101 herent
1346 2030 1504 2120 regulam
1521 2053 1612 2124 quae
1629 2031 1723 2120 leges
1740 2032 1956 2121 gubernaret
1974 2047 2010 2105 et
2028 2034 2203 2109 diiudics·
2245 2038 2247 2045 '

164 2149 314 2233 poterat.
371 2132 462 2204 Nam
496 2145 632 2204 tentare
664 2129 801 2218 Deum,
837 2149 889 2204 est
923 2135 1075 2205 illudere
1107 2134 1157 2217 ei,
1207 2147 1271 2208 ret.
1330 2131 1523 2226 Postquam
1558 2133 1667 2223 igitur
1696 2135 1917 2206 ostendimus
1954 2137 2103 2228 placere
2131 2136 2202 2213 Deo

163 2239 366 2313 ordinando
391 2236 528 2328 aliquid
560 2248 742 2326 praetextu
768 2236 912 2306 divinae
945 2238 1156 2308 autoritatis.
1207 2237 1316 2308 etiam
1331 2250 1485 2306 caeteras
1501 2236 1661 2326 politiae,
1686 2239 1801 2307 bonae
1814 2251 1952 2310 mentes
1966 2235 2042 2312 boc
2058 2240 2202 2335 diligen·

162 2344 284 2434 Quare
305 2339 432 2409 Petrus
453 2360 530 2423 eos,
551 2339 614 2431 qui
630 2335 824 2409 Ecclesiam
847 2343 891 2409 ad
915 2341 1028 2431 legem
1048 2338 1157 2411 Moisi
1207 2354 1263 2410 ter
1282 2339 1526 2423 considerent,
1559 2338 1638 2409 illas
1660 2364 1805 2434 quoqne
1828 2363 1902 2411 esse
1924 2338 1995 2412 Dei
2031 2342 2198 2437 opidum

164 2446 374 2535 adigebant,
408 2464 483 2510 non
512 2440 638 2510 leviter
664 2466 807 2532 peccare
835 2446 1001 2518 ostendit.
1062 2442 1157 2531 Quia
1208 2464 1271 2513 seu
1291 2442 1585 2527 fabricationem,
1611 2456 1652 2513 ut
1671 2443 1721 2513 ita
1743 2443 1879 2518 dicam.¹
1921 2440 2021 2515 Nam
2036 2442 2201 2521 etllniel

164 2549 261 2621 enim
284 2546 373 2615 falso
391 2556 602 2636 praetexunt
620 2543 778 2613 divinam
800 2547 1046 2632 autoritatem,
1070 2541 1157 2615 hor·
1209 2567 1369 2638 expresse
1377 2544 1437 2625 ait,
1452 2541 1569 2615 Deum
1583 2546 1797 2616 constituere
1806 2570 1930 2637 regna3
1958 2562 1996 2619 et
2005 2548 2204 2621 Paulusirs-

162 2651 317 2724 ribiliter
330 2648 488 2718 illudunt
503 2643 591 2719 Deo.
633 2643 686 2716 Ac
704 2647 866 2740 loquitur
878 2647 1005 2719 Petrus
1027 2650 1159 2741 pariter
1209 2648 1300 2741 quit,
1316 2645 1469 2738 lmperia
1483 2668 1557 2716 esse
1572 2648 1820 2718 ordinationes
1832 2647 1911 2725 Dei.
1943 2648 2132 2743 Magnum
2144 2652 2204 2745 igi·

164 2758 210 2826 de
231 2751 442 2824 ceremoniis
466 2763 502 2819 et
520 2750 564 2817 de
576 2749 731 2840 politicis
747 2751 902 2839 legibus,
929 2752 1021 2822 sicut
1035 2752 1158 2844 dispu-
1209 2765 1270 2822 tur
1286 2751 1398 2819 scelus
1413 2763 1476 2835 est,
1503 2749 1623 2845 legum
1637 2752 1842 2838 violatione,
1867 2755 1971 2847 quasi
1989 2754 2201 2827 telarndiri·
2244 2758 2247 2813 Ι

163 2857 252 2928 tatio
280 2855 419 2943 integra
448 2864 614 2936 restatur,
647 2852 711 2920 ubi
735 2853 889 2943 allegant
916 2855 1158 2925 testimonium
1210 2854 1307 2924 nitus
1333 2866 1462 2924 textam
1484 2852 1697 2940 dilacerare,
1731 2854 1766 2924 id
1789 2857 1886 2950 quod
1906 2853 2099 2930 Diabolus
2111 2858 2197 2929 m

164 2958 323 3050 Spiritus
336 2954 466 3034 sancti,
492 2953 587 3047 quod
604 2951 738 3023 Gentes
752 2979 897 3047 prorsus
912 2957 1045 3026 alienas
1059 2983 1079 3026 a
1094 2982 1160 3049 po-
1211 2956 1328 3025 modis
1345 2970 1504 3026 conatur.
1559 2955 1659 3044 Quid
1674 2959 1769 3026 enim
1785 2952 1984 3050 pulchrius,
2007 2963 2107 3057 qnid
2119 2982 2198 3033 us·

162 3060 241 3131 litia
264 3057 373 3129 Moisi
392 3056 643 3127 Deusvocavit
660 3070 694 3127 et
717 3059 862 3128 tandem
879 3060 1010 3132 diserte
1035 3060 1161 3130 iubent
1212 3060 1319 3129 bilius
1342 3072 1433 3129 esset
1453 3059 1633 3151 imperiis,
1667 3061 1697 3128 si
1723 3055 1910 3132 harmonia
1934 3064 2125 3137 societatis
2144 3058 2201 3135 bs·

163 3158 257 3235 nibil
274 3160 414 3252 imponi
430 3156 623 3245 Gentibus,
646 3173 785 3249 praeter
799 3186 837 3231 ea
854 3186 944 3256 quae
963 3162 1002 3231 in
1019 3163 1083 3232 illo
1098 3164 1160 3232 de-
1211 3152 1337 3231 m'auae
1357 3186 1431 3232 non
1455 3161 1780 3234 interturbaretur?
1819 3161 1859 3235 Si
1884 3164 2079 3259 principes
2098 3186 2201 3237 vern

138 3300 145 3311 ·
162 3279 259 3337 creto
276 3264 523 3334 continentur:
549 3275 586 3332 et
599 3262 753 3352 allegant
768 3259 933 3356 Apostoli
947 3266 1159 3358 scripturam
1210 3265 1420 3356 religionem
1435 3267 1623 3358 propagari
1650 3278 1817 3336 curarent
1841 3268 2159 3354 ac'defenderent,
2177 3266 2202 3339 ι’

164 3367 300 3440 Gentes
316 3368 430 3437 salvas
452 3367 540 3438 fore.
591 3362 743 3457 Proprie
766 3383 883 3439 autem
905 3383 1161 3461 nuncupantur
1210 3390 1328 3437 mores
1342 3368 1474 3437 civium
1490 3370 1680 3459 diligenter
1692 3382 1873 3459 regerent,
1898 3370 1928 3439 si
1950 3374 2200 3445 controversias

164 3469 309 3554 Gentes,
330 3494 422 3564 quae
446 3492 520 3536 non
545 3461 678 3539 habeut
702 3468 862 3561 politiam
889 3468 1016 3540 Moisi:
1051 3495 1161 3565 quare
1211 3483 1476 3560 cognoscerent,
1501 3485 1535 3541 et
1550 3473 1664 3542 bonos
1680 3486 1876 3556 tuerentur,
1901 3498 1942 3543 ac
1959 3472 2200 3566 proveherent.

164 3598 239 3643 non
269 3596 409 3641 necesse
438 3572 507 3640 fuit
527 3567 708 3639 Gentibus
738 3571 850 3660 legem
872 3570 982 3641 Moisi
1011 3574 1161 3665 imponi.
1212 3573 1396 3666 improbos
1419 3597 1503 3643 vero
1523 3570 1750 3644 cohercerent
1768 3599 1808 3644 ac
1830 3577 2033 3666 punirent?
2067 3578 2199 3651 Sisirrs

164 3676 270 3746 Addo
288 3687 324 3743 et
338 3675 436 3743 aliud
451 3672 714 3742 testimonium:
740 3670 798 3741 Ad
818 3670 977 3745 Ebraeos
989 3677 1159 3769 scriptum
1212 3690 1329 3745 essent
1347 3678 1538 3745 concordes
1554 3691 1590 3748 et
1604 3679 1764 3748 modeste
1779 3691 1956 3768 parerent,
1981 3680 2016 3749 si
2034 3677 2200 3753 Badais

165 3789 236 3863 est,
268 3777 380 3866 legem
395 3773 506 3843 Moisi
530 3774 729 3845 institutam
745 3798 820 3845 esse
834 3800 947 3870 usque
962 3780 1005 3847 ad
1023 3791 1161 3872 tempus
1212 3792 1328 3848 essent
1359 3780 1575 3872 tranquillae
1601 3794 1636 3852 et
1660 3793 1753 3849 recte
1778 3781 2093 3870 gubernarentur,
2123 3780 2201 3856 siis

165 3883 339 3951 adventus
353 3872 505 3961 Christi3
536 3899 620 3966 ergo
644 3877 767 3967 politia
792 3879 854 3948 illa
870 3895 949 3970 post
966 3881 1002 3949 id
1021 3895 1161 3973 tempus
1212 3877 1343 3952 scholis
1365 3896 1457 3952 artes
1484 3882 1590 3953 utiles
1623 3885 1852 3955 traderentur
1876 3899 1912 3955 et
1942 3885 2142 3979 disciplina
2159 3908 2202 3955 sc·

165 4007 241 4051 non
268 3995 320 4051 est
344 3979 548 4050 necessaria.
610 3977 790 4050 Discernit
815 3995 848 4051 et
870 3979 1035 4054 Christus
1057 4008 1160 4055 sertim
1212 4009 1295 4054 vere
1325 3986 1564 4056 retineretur?
1603 3980 1662 4056 An
1686 4010 1760 4055 non
1785 3988 1866 4057 talis
1889 4002 2003 4059 status
2034 4002 2128 4061 esset
2151 3986 2201 4057 itta

166 4082 555 4172 regnumacorporali,
580 4106 661 4152 cum
678 4082 743 4154 ait:
769 4081 935 4173 Regnum
952 4109 1070 4157 meum
1087 4111 1161 4156 nnn
1213 4111 1317 4157 aurea
1342 4102 1456 4168 aetas,
1481 4112 1589 4182 qrrarn
1607 4086 1735 4161 Poetae
1758 4090 1991 4162 describunt?
2028 4088 2104 4163 Hie
2126 4092 2202 4163 ord·

167 4187 279 4257 estde
301 4180 537 4258 boemundo.
590 4181 667 4255 lmo
682 4200 721 4256 ut
741 4187 871 4258 milites
887 4185 1071 4258 Christum
1088 4192 1161 4281 spi·
1213 4203 1265 4259 est
1282 4190 1515 4282 imperiorum
1531 4191 1707 4261 divinitus
1726 4192 1925 4279 institutus,
1939 4208 1975 4265 et
1988 4192 2201 4288 qucmllntt

166 4289 223 4358 nis
238 4301 413 4358 coronant
426 4300 461 4358 et
474 4288 705 4378 conligunt‘et
720 4289 757 4357 in
775 4314 933 4382 purpura
957 4294 1162 4373 traducunt,
1213 4305 1416 4373 conservat,
1439 4307 1615 4386 quatenus
1629 4295 1724 4364 bona
1739 4308 1896 4365 manent.
1947 4292 2024 4368 Sed
2038 4294 2201 4369 Dtahotu
2242 4332 2247 4397 j

167 4394 218 4463 sic
240 4393 295 4461 illi
312 4385 495 4461 Christum
520 4415 585 4482 per
603 4392 856 4461 contumeliam
881 4409 1073 4476 coronant,
1100 4395 1162 4489 qui
1212 4396 1353 4465 rabiose
1378 4390 1474 4465 hunc
1495 4391 1644 4467 chorum
1670 4397 1906 4483 interturbat,
1935 4397 2070 4473 incitat
2094 4415 2201 4497 tyran·

165 4496 256 4566 falso
291 4505 474 4586 praetextu
508 4493 709 4564 autoritatis
740 4494 869 4585 ipsius,
900 4499 1095 4569 dilacerant
1129 4511 1164 4567 et
1214 4521 1297 4582 nos,
1330 4512 1371 4569 ut
1392 4511 1561 4591 tauquam
1579 4496 1752 4591 Gigantes
1774 4500 1910 4570 illaturi
1937 4500 2081 4574 bellurn
2104 4502 2200 4583 caelo,
2237 4510 2247 4579 l

170 4608 336 4667 evertunt
355 4595 515 4686 politius,
536 4612 570 4667 et
586 4620 718 4665 novam
740 4598 955 4669 constituere
977 4615 1163 4671 conantur.
1214 4600 1572 4697 abolerereligiones
1594 4617 1789 4689 conentur,
1814 4616 1855 4674 ut
1880 4603 2027 4675 iniustis
2047 4604 2198 4678 accitu
2234 4614 2247 4683 l

170 4698 244 4786 eri
267 4722 309 4767 eo
332 4697 436 4767 etiarn
460 4712 605 4789 peccant
625 4700 723 4791 qarod
745 4701 936 4773 obscurant
954 4717 988 4774 et
1004 4704 1163 4774 obmunt
1214 4718 1418 4795 grassentur
1441 4707 1479 4774 in
1505 4705 1616 4786 cives,
1650 4705 1814 4797 polluant
1835 4706 2028 4796 flagitiosis
2052 4704 2198 4781 libidini·
2236 4742 2247 4785 ⁴.

169 4801 366 4893 spiritualia
390 4802 557 4870 beneficia
581 4815 616 4872 et
637 4802 718 4871 lidei
736 4804 920 4885 exercitia,
945 4829 1025 4874 cnm
1044 4801 1163 4875 homi·
1215 4809 1280 4878 bus
1300 4808 1502 4878 universam
1528 4832 1651 4878 rerum
1678 4823 1860 4894 naturam,
1895 4810 2086 4883 licentiam
2107 4808 2197 4882 scelt-
2239 4846 2247 4889 1

169 4904 277 4973 nibus
296 4904 489 4975 offundunt
512 4900 788 4996 haucspeciem,
815 4910 911 5000 quod
929 4902 1163 4978 Christusni-
1212 4934 1293 4980 rum
1314 4911 1545 4996 confirment,
1579 4911 1721 4981 deleant
1744 4905 1892 4983 honesta
1910 4913 2055 5001 studia,
2085 4914 2198 4986 ‹titscs
2242 4953 2247 4989 ι

170 5000 223 5074 hil
240 5005 310 5074 nisi
327 5005 388 5075 illa
405 5007 523 5075 civilia
538 5006 652 5077 officia
668 5004 780 5077 Moisi
793 5011 962 5103 requirat.
1000 5009 1162 5080 Netene-
1212 5026 1293 5083 rent
1309 5010 1494 5103 Ecclesiae.
1547 5012 1647 5082 Talis
1662 5027 1772 5110 status
1785 5012 1924 5087 Rornae
1941 5016 2035 5099 suit,
2062 5012 2198 5088 Neronis
2244 5056 2247 5063 ·

167 5109 253 5179 brae
269 5132 414 5200 prorsus
426 5109 547 5180 delent
558 5106 806 5199 Evangelinm.
857 5111 1041 5182 Postremo
1060 5138 1165 5183 man·
1213 5128 1248 5186 et
1273 5115 1444 5184 similium
1470 5129 1704 5210 tyrannorum
1729 5130 1899 5208 tempore.
1925 5140 1930 5147 ·
1950 5116 2015 5189 Sic
2039 5117 2198 5191 Diabolus

168 5206 483 5300 datEvangelium,
496 5211 813 5301 utMagistratibus
823 5208 973 5283 ethnicis
981 5218 1164 5308 obtempe·
1213 5220 1462 5308 corrumpebat
1487 5214 1710 5289 harmoniam
1727 5219 1872 5289 divinae
1891 5221 2152 5305 ordinationis,
2171 5230 2198 5287 cl

167 5337 301 5384 remus:
338 5336 447 5407 quare
463 5337 603 5384 necesse
622 5329 673 5384 est
696 5314 835 5402 legibus
856 5340 979 5386 eornm
996 5320 1162 5406 obedire3
1212 5332 1331 5389 tamen
1358 5321 1493 5392 interea
1519 5322 1613 5392 Deus
1637 5346 1711 5391 non
1740 5321 1943 5413 patiebatur
1965 5346 2047 5395 mm
2069 5340 2198 5419 prom

167 5440 249 5485 riam
271 5418 324 5486 lex
352 5431 404 5488 cst
427 5442 495 5486 vox
521 5417 596 5509 ipsa
611 5415 851 5507 Magistratus.
901 5417 974 5490 Nec
991 5422 1087 5491 aliud
1111 5436 1163 5492 est
1212 5421 1341 5519 deleri,
1369 5449 1409 5494 ac
1424 5426 1532 5516 paulo
1547 5438 1626 5516 post
1650 5448 1728 5495 eam
1744 5425 1956 5497 restituebat
1979 5428 2197 5519 ucionotr

165 5519 312 5590 obedire
334 5518 581 5610 Magistratui,
616 5519 686 5591 nisi
706 5518 784 5590 eius
802 5518 942 5612 legibus
962 5536 995 5595 et
1011 5525 1161 5595 decretis
1211 5549 1338 5598 ranno.
1376 5525 1443 5619 =Ut
1454 5540 1573 5600 autem
1587 5541 1763 5623 tyrannus
1777 5528 1840 5600 ille
1853 5542 1930 5601 erat
1946 5524 2195 5617 Diaboliott*
