4664 6022
498 287 660 365 nuel.
691 284 765 362 DE
797 283 995 361 DlCTO:
1040 275 1277 359 PROBET
1312 276 1735 371 UNUSQUISQUE
1761 299 1845 359 arc.
2123 280 2197 356 854

248 466 348 537 Talis
371 489 453 536 cum
483 464 610 548 luerit,
642 477 677 533 et
698 462 745 533 sit
768 460 983 532 conscientia
1008 472 1141 543 nostra,
1163 459 1168 551 Ι
1191 453 1371 525 monibus.
1424 448 1476 521 Ac
1493 453 1537 520 de
1553 452 1777 523 excusatione
1793 469 1998 525 nostrorum
2020 455 2192 524 consilio-

144 595 221 640 non
235 569 422 639 obiicimus
436 566 698 638 invocationem
709 562 790 649 Dei,
814 580 848 633 et
865 564 1042 656 supplices
1058 587 1140 632 ora·
1191 579 1271 625 rum
1298 568 1334 625 et
1359 568 1501 624 nostrae
1532 555 1728 625 voluntatis
1762 556 1848 625 alibi
1883 559 1985 648 plura
2021 557 2189 629 dicemus.

144 696 244 757 mus,
269 685 311 742 ut
328 671 460 742 exitum
474 669 615 740 consilii
633 666 747 738 nostri
771 682 867 756 regat
891 666 986 758 ipse,
1020 681 1055 736 et
1074 687 1140 735 nos
1191 655 1266 727 Vos
1281 681 1366 728 vero
1384 657 1481 750 quia
1497 657 1817 729 deliberationibus
1839 659 1991 751 publicis
2013 659 2190 741 abluistis,

143 778 337 866 gubernet,
378 787 412 856 et
441 768 630 865 probibeat
651 768 891 841 Ecclesiarum
914 768 1141 839 dilaceratio.
1189 773 1224 828 et
1250 760 1288 827 in
1312 759 1463 830 statione
1486 774 1602 829 vestra
1624 761 1795 845 manetis,
1821 762 2042 832 manifestam
2066 763 2190 831 delen-

145 902 220 951 nes.
279 875 339 948 Sic
364 874 496 946 Paulus
517 875 669 945 iniustae
694 871 935 943 criminationi
959 893 1140 964 opponere
1188 861 1325 931 tionem
1354 857 1510 942 habetis,
1550 886 1614 930 cur
1640 886 1714 930 nou
1748 863 1886 934 abiecto
1919 864 2117 933 ministerio
2149 865 2187 932 in

144 983 264 1066 docet,
291 980 526 1049 conscientiae
537 976 725 1060 iudicium,
750 998 831 1046 cum
848 973 980 1068 iuquit:
1007 972 1140 1044 Probet
1190 963 1332 1054 templis
1361 963 1594 1035 solitudinem
1618 964 1773 1049 faciatis,
1814 967 1897 1059 quia
1923 966 2104 1036 vocationi
2127 990 2190 1057 pa-

143 1081 391 1175 unusquisque
416 1104 521 1151 suum
541 1101 648 1172 opus,
675 1091 710 1147 el
725 1079 775 1147 sie
790 1079 885 1170 opud
900 1099 974 1147 sese
986 1075 1137 1166 gloriam
1188 1068 1340 1135 rendum
1359 1079 1429 1148 est,
1456 1066 1561 1136 ctiam
1578 1065 1607 1136 si
1625 1092 1695 1159 qua
1711 1067 1902 1138 difficultas
1917 1070 2101 1139 toleranda
2125 1081 2188 1149 est,

145 293 221 369 868

145 1181 311 1267 babebit,
338 1208 412 1254 non
434 1184 480 1254 ab
501 1182 599 1266 aliis,
631 1180 669 1250 id
694 1193 764 1260 est,
800 1179 966 1271 inspiciat
987 1179 1139 1272 quisque

142 1310 206 1358 sua
226 1285 374 1357 consilia
394 1299 428 1357 et
444 1287 554 1375 lacta,
580 1297 616 1355 et
630 1295 746 1367 curet,
772 1296 812 1353 ut
835 1284 928 1353 bona
954 1281 1137 1351 conscien-

143 1390 193 1462 tia
216 1403 401 1480 regantur,
428 1386 535 1477 Quod
560 1411 641 1457 cum
664 1386 712 1455 ita
734 1386 836 1467 lacit,
863 1381 1039 1477 habetque
1063 1406 1137 1452 non

143 1517 272 1562 vanam
288 1491 570 1582 persuasionem,
597 1490 658 1559 sed
677 1512 796 1557 veram
813 1486 1049 1558 conscientiae
1074 1509 1136 1575 ap-

143 1596 404 1687 probationem,
428 1587 495 1663 hac
509 1592 621 1681 gloria
637 1614 675 1661 se
690 1592 857 1661 adversus
871 1589 1002 1658 iudicia
1018 1584 1138 1657 homi-

144 1723 232 1769 num
259 1710 415 1781 tueatur,
449 1721 514 1765 nec
537 1696 688 1786 pendeat
711 1717 752 1763 ex
777 1693 932 1762 aliorum
956 1692 1138 1782 applausu,

142 1825 207 1870 nec
242 1799 430 1870 calumniis
459 1799 609 1881 fractus,
659 1819 758 1866 suam
782 1797 969 1865 stationem
991 1796 1138 1863 deserat.

142 1898 245 1973 Esset
262 1902 411 1972 omnino
428 1900 628 1993 plausibile,
653 1897 684 1967 si
701 1898 840 1968 rabiose
856 1896 1139 1968 conviciaremur

141 2005 458 2095 gubernatoribus,
485 2016 521 2073 et
537 2002 784 2072 minitaremur
799 2002 848 2071 eis
866 1999 1066 2070 seditiones.

247 2141 350 2210 Hanc
384 2140 441 2209 isti
466 2136 641 2208 libertatis
667 2150 856 2206 assertores
883 2134 1043 2203 dicerent
1066 2157 1138 2204 esse

140 2246 389 2315 fortitudinem
413 2255 448 2312 et
469 2239 703 2310 constantiam
727 2233 954 2329 propheticae
976 2237 1136 2306 similem.

142 2347 212 2418 Sed
232 2347 340 2437 magis
354 2359 495 2414 nostrae
509 2341 746 2411 conscientiae
760 2341 903 2423 iudicia,
919 2363 1024 2432 quam
1041 2340 1138 2410 illius

142 2444 272 2521 theatri
289 2449 432 2538 plausus
449 2467 647 2536 sequamur.

248 2579 494 2651 Retinendum
521 2592 572 2647 est
596 2577 868 2645 fundamentum
893 2590 930 2647 et
956 2575 1138 2647 doctrinae

145 2683 329 2777 puritatis,
355 2695 409 2767 et,
434 2694 474 2751 ut
489 2678 526 2748 in
545 2702 670 2769 magna
688 2678 919 2770 imperiorum
940 2690 974 2747 et
996 2677 1140 2769 opinio-

145 2811 233 2856 num
247 2784 455 2854 confusione
471 2784 681 2864 cavendum,
708 2803 752 2848 ne
770 2779 918 2849 maiores
937 2780 1139 2872 dissipatio·

146 2911 208 2957 nes
233 2888 335 2972 liant,
380 2910 425 2955 ne
454 2885 587 2953 maiora
613 2882 759 2951 dissidia
785 2883 991 2971 dogmatum
1015 2906 1139 2952 accen-

143 2993 295 3073 dantur,
321 3003 353 3060 ct
373 3002 525 3058 moestae
541 2981 718 3054 Ecclesiae
732 2984 925 3068 fovendae,
951 2986 1140 3055 consolan-

143 3096 232 3177 dae,
257 3091 533 3172 consociandae,
559 3111 633 3157 uon
651 3087 865 3155 deserendae
879 3099 973 3154 arant.

248 3223 323 3293 Has
340 3225 495 3295 rationes
510 3246 592 3292 cum
614 3215 785 3289 hactenus
810 3218 954 3312 quidem
979 3219 1037 3310 pio
1062 3233 1138 3290 stu·

144 3330 207 3398 dio
223 3329 334 3399 secuti
349 3328 478 3410 simus,
503 3345 684 3415 speramus
695 3319 770 3391 Deo
788 3323 989 3391 voluntates
1003 3336 1141 3392 nostras

145 3431 312 3523 probari,
336 3429 541 3522 praesertim
565 3449 645 3496 cum
669 3425 744 3514 ipse
761 3424 866 3506 sciat,
892 3448 981 3516 quae
1001 3426 1045 3492 de
1061 3447 1139 3513 gra·

144 3534 307 3605 vioribos
321 3530 574 3603 controversiis
589 3527 783 3599 certamina
799 3526 1044 3595 sustineamus.

1188 1170 1294 1239 modo
1310 1168 1403 1239 absit
1420 1168 1595 1260 impietas.

1291 1316 1367 1389 Hac
1392 1320 1636 1392 consolatione
1662 1323 1799 1392 munite
1825 1337 1985 1413 pectora,
2017 1346 2081 1393 uec
2107 1347 2187 1393 sau·

1188 1421 1276 1492 ciari
1305 1421 1443 1493 animos
1472 1423 1556 1492 ullis
1584 1423 1773 1494 calumniis
1804 1424 1928 1506 sinite,
1962 1449 2051 1518 quae
2082 1426 2187 1497 etiam

1188 1523 1364 1615 speciosae
1380 1537 1475 1611 sunt,
1496 1538 1615 1596 tamen
1632 1526 1679 1598 ita
1696 1527 1909 1616 cogitabitis,
1931 1527 2099 1598 mirificas
2113 1550 2188 1599 esse

1187 1626 1393 1722 praestigias
1408 1627 1446 1696 in
1462 1628 1729 1714 calumniando,
1747 1654 1813 1699 nec
1831 1629 1903 1699 dici
1918 1645 1977 1700 aut
1995 1629 2073 1699 fieri
2087 1630 2189 1724 quic-

1188 1754 1295 1822 quam
1314 1743 1383 1809 tam
1400 1742 1493 1798 recte
1510 1753 1632 1821 posse,
1659 1734 1755 1824 quod
1775 1755 1848 1802 uon
1867 1731 2104 1825 plausibiliter
2124 1735 2187 1803 de-

1188 1831 1329 1923 pravari
1357 1831 1483 1923 possit:
1520 1846 1554 1903 et
1577 1827 1643 1902 boc
1667 1835 1806 1903 saeculo
1831 1828 1918 1903 haec
1940 1857 1996 1903 ars
2023 1834 2189 1926 inprimis
2262 1858 2266 1871 ·

1188 1934 1344 2019 excellit,
1371 1947 1406 2003 et
1429 1935 1570 2003 laudem
1588 1929 1696 2007 babet
1712 1937 1916 2028 sapientiae.
1970 1934 2040 2008 Sed
2057 1938 2188 2008 verita-

1188 2037 1233 2107 tis
1248 2036 1363 2106 oratio
1376 2035 1526 2129 simplex
1541 2052 1602 2108 est.

1281 2186 1503 2283 Aequiescite
1520 2189 1631 2279 igitur
1646 2189 1685 2257 in
1703 2183 1767 2257 hac
1783 2189 1968 2280 perspicua
1984 2202 2018 2258 et
2035 2188 2188 2281 simplici

1188 2290 1451 2374 consolatione,
1477 2293 1572 2385 quod
1590 2316 1665 2361 non
1687 2292 1902 2360 deserendae
1922 2292 1994 2360 sint
2011 2286 2188 2360 Ecclesiae

1190 2407 1335 2488 propter
1349 2390 1414 2463 bos
1431 2394 1522 2464 ritus
1539 2394 1644 2464 nobis
1661 2393 1822 2466 usitatos.

1284 2543 1344 2617 Ad
1364 2541 1456 2615 banc
1473 2559 1591 2616 autem
1607 2547 1887 2617 consolationem
1904 2546 2060 2638 adiungo
2076 2561 2110 2617 et
2126 2541 2189 2616 bas

1189 2646 1471 2722 adhortationes.
1537 2644 1629 2719 Cum
1659 2672 1850 2720 aerumnae
1871 2673 1938 2719 nos
1961 2663 2031 2720 tam
2057 2650 2189 2721 multae

1191 2764 1393 2834 exerceant,
1437 2750 1547 2819 simus
1575 2773 1641 2820 nos
1665 2751 1704 2820 in
1726 2752 1828 2822 omni
1848 2752 1921 2822 vita
1944 2750 2189 2836 modestiores,

1190 2856 1237 2927 sit
1255 2855 1371 2925 maior
1395 2852 1564 2922 sedulitas
1587 2853 1626 2921 in
1659 2853 1827 2924 discendo
1863 2868 1898 2925 et
1927 2855 2106 2937 docendo,
2149 2867 2190 2923 ut

1190 2957 1301 3047 magis
1331 2954 1533 3044 intelligant
1560 2978 1707 3042 omnes,
1747 2980 1830 3026 vere
1859 2981 1878 3026 a
1912 2955 2017 3027 nobis
2044 2955 2190 3028 retineri

1190 3057 1389 3131 doctrinam
1421 3056 1677 3147 incorruptam.
1743 3057 1799 3129 Sit
1822 3072 1857 3128 et
1882 3057 2036 3150 precatio
2060 3060 2191 3128 arden-

1192 3162 1280 3247 tior,
1306 3159 1345 3227 in
1369 3181 1437 3251 qua
1455 3154 1532 3226 Deo
1554 3169 1589 3226 et
1614 3162 1818 3230 universam
1835 3154 2050 3246 Ecclesiam,
2072 3174 2107 3230 et
2128 3183 2191 3229 vos

1192 3264 1310 3356 ipsos,
1335 3272 1369 3329 et
1381 3272 1514 3329 vestras
1529 3260 1700 3346 familias,
1726 3261 1904 3351 coniuges,
1930 3275 1963 3332 et
1979 3285 2108 3354 parvos
2125 3285 2190 3331 na-

1191 3381 1246 3439 tos
1276 3361 1369 3433 veris
1400 3360 1591 3451 gemitibus
1618 3363 1893 3447 commendetis,
1927 3365 2010 3457 quia
2034 3363 2190 3434 certissi-

1191 3492 1289 3537 mum
1313 3477 1381 3548 est,
1408 3457 1602 3533 Ecclesiam
1626 3490 1699 3534 non
1723 3465 1808 3536 solis
1831 3459 1997 3536 humanis
2021 3464 2192 3548 consiliis,

1193 3571 1252 3639 sed
1282 3565 1471 3660 praecipue
1493 3589 1513 3635 a
1537 3564 1615 3636 Deo
1637 3568 1771 3638 servari
1792 3581 1828 3638 et
1850 3567 2060 3658 gubernari,
2101 3567 2192 3640 sicut

249 3668 359 3757 Quod
377 3693 461 3739 vero
478 3664 630 3737 8811ΰῖδῆ
653 3663 793 3757 aliquos
814 3663 990 3732 scandalis
1011 3657 1140 3731 horum
1193 3672 1363 3741 immensa
1393 3667 1636 3740 misericordia
1660 3666 1760 3741 Dens
1785 3695 1862 3739 eam
1895 3670 2071 3754 restituit,
2110 3694 2190 3740 cum

146 3772 359 3845 timidorum
374 3770 606 3843 consiliorum
622 3767 769 3850 dicunt,
795 3767 899 3834 video
918 3765 1051 3836 multos
1067 3788 1140 3832 non
1195 3772 1310 3844 Adam
1341 3783 1377 3841 er
1402 3768 1503 3840 Hera
1533 3786 1612 3862 posi
1643 3771 1803 3864 lapsum,
1845 3773 1981 3843 nullius
2011 3785 2191 3843 maium

144 3879 191 3945 de
206 3874 387 3958 doctrina,
413 3877 473 3943 sed
491 3874 535 3941 de
559 3871 722 3940 libertate
749 3890 918 3961 pugnare.
976 3863 1051 3938 Etsi
1077 3891 1142 3937 au·
1193 3901 1278 3969 ope,
1305 3898 1346 3944 ex
1362 3872 1407 3941 iis
1422 3873 1594 3960 miseriis,
1619 3875 1750 3968 quibus
1772 3876 1932 3968 oppressi
1953 3887 2074 3960 erant,
2101 3875 2191 3944 libe-

143 3993 217 4049 tem
235 3972 273 4044 bi
292 4001 433 4070 quoque
451 3973 641 4044 dissimiles
656 3985 761 4056 sunt,
788 3984 824 4041 ct
846 3971 1049 4063 aliquorum
1075 3972 1140 4039 do·
1192 3978 1265 4048 rari
1284 3990 1459 4070 poterant.
1514 3971 1560 4047 Et
1576 3979 1670 4067 apud
1690 3975 1842 4048 Hoseam
1860 3977 1948 4048 dicit
1961 3972 2073 4047 Delu:
2103 3974 2190 4046 per.

143 4083 223 4150 lore
239 4103 403 4164 moveor,
429 4092 547 4148 tamen
566 4088 711 4167 propter
727 4070 793 4144 hos
815 4098 889 4143 non
911 4074 1072 4142 facienda
1090 4085 1142 4142 est
1193 4080 1283 4151 ditio
1310 4091 1370 4150 tua
1400 4075 1508 4149 lsrael
1536 4102 1578 4148 ex
1604 4093 1638 4149 te
1664 4093 1734 4162 ert,
1769 4105 1788 4150 ἃ
1817 4103 1872 4149 ma
1898 4103 1983 4150 vero
2018 4078 2190 4150 auxilium

144 4183 289 4251 vastitas
322 4196 356 4252 et
390 4181 546 4251 solitudo
579 4179 617 4246 in
652 4190 705 4248 tot
741 4177 927 4268 regionum
962 4172 1142 4248 Ecclesiis.
1192 4198 1307 4256 tuum,

145 4284 320 4354 Videmus
349 4306 493 4373 magnas
522 4302 697 4350 essenon
728 4280 843 4348 solum
869 4278 1084 4348 iudiciorum
1108 4292 1142 4347 et

142 4387 357 4480 opinionum
371 4384 621 4466 diversitates,
662 4382 723 4450 sed
746 4380 860 4451 multo
880 4381 993 4471 magis
1014 4381 1142 4449 volun-

142 4504 280 4570 tatum,
306 4503 340 4559 et
357 4484 582 4558 vehementes
597 4486 750 4577 impetus
765 4486 809 4553 ad
824 4482 997 4553 factiones
1012 4483 1143 4552 confir-

145 4594 306 4662 mandas.

253 4707 329 4780 Hos
346 4708 492 4779 allectus
507 4722 750 4777 removeamus
768 4704 814 4773 ab
834 4697 891 4772 bis

1296 4331 1350 4402 'l'e
1366 4332 1475 4422 igitur
1489 4330 1717 4421 omnipotens
1731 4328 1846 4417 Deus,
1870 4345 2012 4404 aeterne
2034 4346 2068 4401 et
2086 4333 2192 4400 unice

1194 4451 1293 4528 pater
1312 4432 1461 4506 Domini
1483 4432 1596 4505 nostri
1622 4431 1701 4504 lesu
1724 4429 1872 4519 Christi,
1914 4432 2079 4504 conditor
2102 4432 2191 4502 coeli

1195 4553 1229 4608 et
1246 4550 1379 4621 terrac,
1405 4550 1441 4606 et
1459 4528 1668 4620 hominum,
1699 4550 1735 4605 et
1748 4532 1929 4607 Ecclesiae
1955 4548 2036 4605 tatae
2056 4535 2191 4622 angeli·

1195 4663 1255 4711 cae
1272 4653 1307 4710 et
1322 4633 1520 4723 humanae,
1545 4660 1617 4709 uua
1633 4661 1713 4707 cum
1730 4638 1804 4709 tilio
1819 4651 1884 4709 tuo
1899 4632 2056 4707 Domino
2070 4651 2192 4709 nostro

176 4814 185 4832 .
804 4805 813 4822 .
894 4701 1144 4823 ,deliberati‘ff'
1198 4741 1277 4815 lcsu
1293 4735 1456 4825 Christo,
1477 4739 1644 4810 crucifixo
1657 4765 1722 4833 pro
1738 4741 1843 4812 nobis
1858 4752 1892 4810 et
1907 4737 2131 4822 resuscitato,
2158 4753 2193 4810 et

145 4814 274 4899 nibus,
301 4826 335 4883 et
352 4832 581 4905 quaeramus,
607 4822 645 4877 ut
655 4806 786 4877 Paulus
804 4819 939 4899 inquit,
966 4828 1041 4875 nou
1056 4808 1144 4899 quad

144 4916 254 4989 nobis
268 4913 463 5007 gloriosum
478 4926 538 4984 aut
553 4912 642 4981 utile
660 4911 723 4993 sit,
756 4911 816 4978 sed
839 4907 925 5000 quid
952 4907 1145 4978 moestissi-

147 5019 219 5090 mis
239 5013 408 5090 Ecclesiis
435 5016 563 5107 prosit,
595 5013 683 5108 quid
702 5014 745 5080 ad
772 5009 956 5080 doctrinae
980 5024 1015 5080 et
1037 5008 1146 5081 disci-

1196 4843 1334 4937 Spiritu
1349 4855 1472 4913 sancto
1488 4855 1565 4927 tuo,
1590 4865 1735 4913 oramus
1749 4844 1788 4913 in
1804 4838 1861 4913 bis
1878 4840 1986 4912 tantis
2001 4843 2193 4926 aerctmnis,

1195 4961 1237 5019 ut
1253 4959 1399 5038 propter
1422 4942 1536 5014 filium
1558 4959 1658 5015 tuum
1676 4941 1875 5015 Dominum
1897 4958 2059 5015 nostrum
2075 4941 2191 5016 lesum

1196 5045 1381 5121 Christum
1421 5047 1537 5117 nostri
1570 5047 1790 5132 miserearis,
1834 5061 1868 5118 et
1895 5044 2033 5136 Spiritu
2071 5063 2191 5118 sancto

145 5121 268 5217 plinae
291 5120 596 5193 conservationem
628 5131 661 5185 et
690 5117 735 5184 ad
770 5114 939 5184 tuendam
962 5112 1146 5184 literarum
1196 5148 1853 5243 Ecclesiamfibiperpetuointerno,
1877 5148 2043 5237 ,onim
2077 5165 2111 5221 ει
2136 5172 2194 5219 re.

146 5223 406 5319 possessionem
423 5221 605 5291 conducat.

246 5358 342 5431 Haec
358 5381 439 5429 cum
456 5355 627 5427 mediocri
642 5376 726 5424 cura
740 5353 861 5423 iecisse
876 5374 943 5421 nos
960 5375 1015 5423 res
1029 5367 1147 5425 osten-

147 5468 229 5550 dat,
255 5463 375 5535 miuus
394 5483 580 5531 movemur
598 5453 785 5529 bominum
803 5453 1056 5527 maledicarum
1072 5479 1147 5527 ser·

1198 5277 1278 5343 gas,
1309 5265 1343 5325 et
1366 5275 1497 5343 poenas
1521 5251 1692 5322 immensa
1709 5252 1953 5323 misericordia
1968 5264 2029 5322 tua
2043 5250 2193 5341 mitiges,

1199 5354 1328 5430 Amen.
1379 5350 1476 5428 Dixi.

1507 5552 1592 5630 64*
