4664 6022
151 311 216 387 tut
717 308 878 388 DECL.
928 310 1003 388 DE
1035 306 1377 387 ntutttt'autt
1408 304 1638 388 LEGUM.
2128 316 2206 395 362

109 530 116 547 ε
156 506 246 567 uum,
272 480 479 574 dissipantis
494 483 654 554 divinam
667 487 945 578 ordinationem,
973 488 1023 558 sie
1038 488 1151 560 sciant
1200 483 1351 575 Quoties
1375 487 1530 557 affinitas
1552 486 1685 579 decipit
1714 480 1906 556 homines?
1949 486 1998 561 Ut
2021 483 2089 560 hoc
2114 504 2207 563 tem-

109 550 119 665 d
160 607 271 659 onnes
306 584 442 677 legum·
459 602 740 680 contemptores,
775 614 812 661 se
838 588 983 661 Diaboli
1016 615 1149 681 organa
1199 613 1285 681 pore
1302 614 1410 684 quam
1426 590 1578 681 turpiter
1593 590 1811 683 praeteritur
1826 590 2015 675 interesse,
2036 592 2205 665 immani·

110 666 123 759 f:
163 711 240 775 esse,
263 701 300 760 ct
312 690 460 760 daturos
478 688 554 760 Deu
568 716 713 785 poenas,
739 693 832 764 sicut
846 697 951 764 toties
968 695 1063 765 Deris
1078 695 1150 763 mi·
1199 695 1266 762 bus
1282 694 1412 773 usuris,
1430 694 1612 763 interdum
1627 694 1718 763 falso
1734 707 1917 784 praetextu
1934 694 2122 783 societatis,
2146 698 2205 767 in·

109 774 125 867 d
164 807 276 872 uetur,
318 804 356 862 rt
388 806 563 864 testantur
597 798 755 888 exempla
792 799 954 867 omnium
983 810 1150 871 aetatum.
1200 798 1340 865 terdum
1359 795 1536 866 simulatis
1553 796 1795 887 emptionibus
1810 799 1997 887 voragines
2012 821 2204 871 usurarum

109 870 130 965 ἕ
165 893 272 968 ternis
288 892 385 966 Deus
399 898 560 966 omnium
580 898 728 984 vindex,
753 915 787 970 et
802 901 857 968 vel
876 899 1150 992 Magistratuum
1200 910 1379 987 teguntur.
1427 896 1525 969 Haec
1541 894 1761 991 deprehendi
1779 912 1813 969 et
1829 901 2013 970 emendari
2028 902 2105 971 sine
2121 926 2205 974 ern-

109 1016 118 1059 ῑ
167 997 335 1069 sententiis
359 1000 504 1091 praebet
527 1002 729 1092 puniendos
759 1004 962 1094 improbos,
996 1004 1052 1073 vel
1076 1004 1151 1095 ipse
1199 1001 1357 1087 ditione,
1382 1002 1565 1087 doctrina,
1593 1026 1668 1072 non
1694 1017 1855 1094 possunt.
1909 1002 2012 1093 Quae
2034 1005 2203 1077 tenebrae

109 1118 117 1159 ³-
168 1101 230 1173 sliis
251 1096 445 1171 horrendis
466 1104 592 1195 poenis
610 1128 669 1174 eus
687 1108 875 1180 excruciat.
928 1105 1010 1176 Non
1030 1105 1150 1197 Magi·
1201 1117 1317 1174 essent
1343 1105 1578 1190 iudiciorum,
1606 1128 1696 1199 quae
1724 1105 1907 1187 confusio,
1934 1107 2062 1176 sinon
2087 1121 2204 1179 essent

122 1196 126 1203 ’
167 1216 278 1275 stratus
294 1198 482 1275 cohercere
497 1203 667 1277 Clodium
683 1222 867 1301 poterant,
893 1207 987 1279 Milo
1004 1211 1149 1280 tandem
1200 1220 1275 1277 arte
1298 1208 1429 1280 tradita
1452 1208 1659 1278 discrimina
1682 1208 1890 1280 actionum?
1928 1208 2019 1298 Quis
2041 1210 2203 1282 sinedo-

166 1302 350 1377 uobercuit:
384 1332 458 1377 nun
474 1307 675 1381 Antonium
695 1313 799 1402 leges,
825 1336 898 1381 non
915 1313 1067 1384 Senatus
1084 1336 1150 1382 au·
1200 1310 1314 1379 ctrina
1330 1311 1484 1396 videret,
1511 1335 1575 1381 cur
1595 1335 1614 1380 a
1633 1312 1686 1380 rei
1702 1312 1943 1382 vindicatione
1969 1313 2203 1404 publicanum

164 1410 291 1490 toritas,
327 1434 401 1479 nun
425 1411 567 1481 foedera
599 1414 818 1485 sanctissima
845 1416 999 1487 retinere
1022 1429 1150 1506 potue·
1199 1412 1373 1503 distingui
1391 1414 1577 1507 oporteat?
1612 1427 1646 1485 et
1660 1408 1728 1484 boc
1746 1438 1857 1506 genus
1872 1415 1941 1484 alia
1956 1415 2095 1485 multa?
2127 1413 2202 1486 Res

162 1525 251 1599 runt,
274 1536 348 1607 quo
363 1512 483 1583 minus
499 1515 593 1585 bella
609 1517 729 1586 civilia
747 1530 917 1592 moveret.
954 1515 1077 1612 ltaque
1093 1534 1148 1613 ty·
1200 1514 1310 1604 igitur
1325 1518 1419 1606 cogit
1435 1518 1557 1603 lateri,
1582 1519 1817 1587 necessariam
1843 1540 1917 1587 esse
1934 1532 2046 1589 artem
2071 1532 2103 1589 et
2119 1542 2202 1589 eru·

158 1638 285 1686 rannus
300 1617 445 1685 tandem
463 1641 536 1687 non
558 1618 744 1711 impetrata
761 1620 831 1688 vita
854 1623 1041 1701 avictore,
1067 1646 1148 1690 cnm
1201 1618 1369 1687 ditiorem
1383 1621 1593 1706 doctrinam,
1620 1623 1664 1690 ad
1680 1621 1909 1692 diiudicanda
1926 1620 2016 1692 iusta
2032 1634 2066 1690 et
2078 1645 2202 1714 aequa,

156 1717 257 1787 ruber
285 1717 434 1789 vidisset
461 1720 619 1809 reginam
646 1720 869 1815 Cleopatram
901 1725 970 1793 sibi
999 1737 1147 1793 mortem
1199 1744 1348 1814 eamque
1371 1724 1596 1814 praecipuam
1620 1746 1695 1793 esse
1719 1738 1855 1817 partem
1873 1719 2202 1794 muralisPhilusu-

152 1819 442 1906 consciscentem,
461 1822 598 1912 ingenti
617 1825 742 1895 dolore
765 1838 800 1895 ct
817 1825 892 1918 ipse
911 1849 984 1895 sese
999 1827 1148 1916 iugulat.
1199 1818 1313 1915 plaiae.
1365 1822 1467 1894 Nihil
1493 1839 1547 1896 est
1567 1826 1752 1918 indignius
1774 1822 1923 1896 bomine
1942 1829 2064 1912 docto,
2089 1850 2199 1920 qnam

148 1920 231 1995 Non
254 1917 346 1995 haec
366 1946 449 1994 casu
472 1925 569 2006 lieri,
599 1923 869 2012 Adulescentes,
896 1929 1148 2015 existimemus,
1198 1927 1283 1996 artis
1299 1949 1383 1998 suae
1399 1928 1541 1999 laudem
1558 1952 1687 2019 augere
1701 1930 1852 2000 aliarum
1869 1929 2000 1999 artium
2017 1930 2198 2020 vitupera·

146 2026 461 2101 adseueratione
483 2026 569 2114 Dei,
602 2028 664 2125 qui
685 2030 737 2101 sic
751 2024 936 2107 ulciscitur
959 2028 1146 2102 huminum
1198 2030 1314 2117 tione3
1349 2043 1434 2101 sunt
1466 2030 1563 2101 enim
1596 2057 1720 2103 omnes
1754 2032 1962 2102 excellentia
1989 2028 2058 2102 Dei
2084 2034 2199 2116 dona,

144 2128 327 2212 furorem,
354 2130 422 2223 ¹qui
457 2131 551 2220 leges
578 2145 832 2221 contemnunt,
858 2147 892 2205 et
923 2130 1146 2205 harmoniam
1198 2154 1307 2225 quare
1342 2156 1466 2203 omnes
1488 2135 1651 2204 venerari
1685 2150 1721 2206 et
1746 2158 1865 2204 amare
1890 2137 2071 2208 debemus.
2124 2132 2196 2204 Sed

146 2230 326 2304 societatis
350 2226 531 2304 humanae
551 2233 688 2327 abipso
704 2234 902 2309 institutam
919 2240 1147 2310 conturbant.
1199 2248 1280 2304 cum
1305 2235 1350 2306 sit
1367 2237 1579 2307 admirabile
1598 2252 1688 2330 opus¹
1703 2236 1770 2307 Dei
1787 2237 1826 2305 in
1846 2238 1976 2306 animis
1995 2231 2197 2318 bominum,

147 2332 276 2429 Quare
289 2358 370 2427 nrm¹
379 2348 582 2425 tantumex
595 2334 757 2425 historiis
768 2341 927 2432 exempla
943 2343 1145 2434 quaerenda
1199 2361 1302 2408 nosse
1320 2362 1490 2410 numeros
1512 2353 1547 2410 et
1569 2342 1751 2425 ordinem,
1774 2341 1872 2409 unde
1889 2337 2044 2410 existunt
2063 2338 2198 2409 multae

145 2450 254 2524 tunt,
300 2439 370 2531 sed¹
400 2463 567 2531 praesens
602 2442 913 2535 vita'suppeditat
946 2444 1147 2517 innumere.
1198 2452 1310 2526 artes,
1341 2438 1577 2512 Arithmetica
1603 2458 1637 2513 et
1662 2441 1873 2527 Dialectica,
1907 2466 1971 2510 cur
1995 2465 2070 2510 nun
2092 2440 2199 2511 etiam

146 2538 272 2631 Quare
294 2541 411 2612 vereri
433 2542 529 2633 leges
550 2557 586 2615 ct
607 2568 725 2645 amare
744 2547 906 2651 tuerique
922 2547 1148 2638 disciplinam
1198 2544 1419 2614 admiramur
1435 2546 1514 2614 illas
1529 2546 1699 2631 noticias,
1726 2567 1817 2640 quae
1831 2546 2039 2615 discernunt
2055 2544 2146 2614 iusta
2164 2555 2199 2613 et

143 2642 347 2730 discamus,
382 2656 417 2714 et
439 2646 592 2716 sciamus
614 2672 674 2718 eus
698 2649 760 2741 qui
791 2674 864 2718 non
889 2651 1148 2740 obtemperant,
1198 2647 1351 2732 iniusta,
1380 2670 1420 2715 ac
1435 2649 1579 2739 pariunt
1595 2649 1794 2718 doctrinam
1808 2646 1922 2717 iuris?
1954 2646 2032 2717 Hae
2045 2645 2199 2717 noticiae

130 2770 221 2819 mun
238 2756 382 2817 tantum
396 2770 476 2818 cum
492 2740 720 2837 bominibus,
744 2755 804 2822 sed
822 2772 902 2823 eum
917 2753 996 2823 Deo
1007 2740 1148 2844 'pugna-
1198 2763 1282 2820 sunt
1305 2751 1477 2843 quaedam
1500 2752 1615 2843 imago
1640 2748 1729 2836 Dei,
1752 2766 1786 2821 et
1804 2750 1915 2839 magis
1933 2762 2060 2839 regant
2077 2749 2200 2832 vitam,

143 2872 202 2937 re,
228 2862 267 2920 et
279 2861 488 2936 concutere,
512 2854 614 2947 quasi
632 2857 781 2924 domum
796 2856 969 2926 divinitus
994 2856 1148 2926 fabrica·
1198 2876 1306 2946 quam
1325 2852 1416 2945 aliae
1431 2855 1583 2923 noticiae
1598 2878 1659 2925 seu
1675 2855 1774 2924 ideae
1790 2854 1932 2926 artium.
1984 2848 2039 2922 Ex
2054 2846 2120 2920 bac
2135 2852 2199 2920 ad·

146 2966 240 3039 um,
266 2946 362 3023 trane
382 2952 544 3044 politiam
565 2982 634 3050 qua
653 2958 889 3033 continemur.
942 2959 1013 3031 Sed
1032 2959 1146 3029 dicam
1199 2956 1362 3026 miranda
1387 2956 1467 3025 luce
1490 2971 1523 3026 et
1545 2957 1613 3027 Dei
1644 2956 1817 3047 imagine,
1850 2968 1927 3025 urta
1952 2953 2114 3024 doctrina
2138 2949 2201 3022 lu·

143 3080 246 3129 nunc
266 3056 314 3126 de
332 3056 442 3125 altera
464 3073 583 3150 parte,
617 3060 786 3132 videlicet
807 3065 851 3131 de
870 3060 1038 3135 Romano
1059 3061 1149 3153 iure,
1200 3058 1514 3143 risconsultorum,
1539 3084 1614 3129 non
1636 3059 1757 3129 minus
1779 3073 1831 3129 est
1853 3080 1927 3142 ars,
1954 3082 2060 3151 qnam
2084 3069 2199 3126 caete-

143 3182 259 3257 quare
276 3156 315 3229 id
329 3158 554 3250 potissimum
567 3163 727 3254 amplexa
742 3162 955 3256 sitRespub.
983 3165 1148 3235 ludaicae
1199 3183 1258 3229 rae
1274 3162 1493 3250 disciplinae.
1546 3158 1671 3254 Itaque
1691 3186 1771 3230 eum
1797 3162 1844 3232 sit
1868 3174 1942 3231 arte
1957 3161 2076 3254 aliqua
2097 3180 2199 3251 opus,

142 3262 243 3353 leges
264 3284 341 3333 nun
364 3261 434 3333 nisi
456 3262 512 3333 illi
530 3266 668 3335 nationi
682 3267 845 3338 conditae
860 3282 962 3350 sunt,-
987 3292 1052 3337 nec
1066 3289 1149 3359 pos·
1199 3265 1244 3331 ad
1272 3264 1505 3352 intelligenda
1538 3276 1573 3333 et
1606 3264 1839 3332 discernenda
1872 3263 1964 3332 iusta
1990 3277 2025 3332 et
2056 3260 2198 3338 iniusta.

149 3376 238 3437 sunt
249 3365 442 3436 convenire
457 3368 620 3458 pluribus
631 3368 817 3441 Gentibus.
844 3365 1036 3459 Assignmt
1052 3369 1147 3437 enim
1200 3391 1288 3458 qnos
1306 3366 1394 3433 alios
1411 3364 1579 3445 artifices,
1606 3365 1678 3433 nisi
1697 3364 1939 3447 doctissimus,
1963 3362 2197 3455 peritissimus

149 3478 268 3539 certas
284 3468 382 3539 sedes
406 3470 510 3543 certis
532 3472 699 3557 familiis,
724 3485 760 3543 et
776 3467 840 3542 has
860 3486 981 3543 vetant
1000 3471 1147 3557 mutari;
1200 3465 1374 3553 homines,
1394 3470 1456 3560 qui
1473 3469 1510 3536 in
1524 3468 1793 3559 sapientissimis
1809 3466 1968 3535 consiliis
1984 3465 2114 3534 summi
2129 3464 2199 3532 im-

147 3564 221 3642 bue
258 3592 331 3641 nun
364 3585 480 3663 potest
508 3574 578 3642 nisi
609 3575 647 3643 in
682 3589 832 3664 angusto
868 3575 947 3645 luco
978 3573 1147 3657 obtineri,
1200 3571 1288 3663 perii
1307 3565 1677 3662 bucdisputavernnt',
1704 3568 1956 3664 sequeremur?
2003 3564 2114 3639 Recte
2130 3566 2199 3657 igi·

144 3672 348 3767 Spartanae
369 3672 462 3765 leges
484 3700 560 3745 non
583 3678 752 3748 dividunt
777 3700 899 3767 agros,
931 3681 993 3748 sed
1023 3680 1149 3747 iubent
1199 3688 1259 3743 tur
1284 3672 1449 3744 Romanu
1472 3676 1551 3743 iure
1571 3674 1718 3746 utimur.
1778 3671 1963 3762 Quantum
1988 3668 2097 3742 suerit
2121 3681 2200 3738 stn-

143 3776 389 3849 cummunitcr
405 3778 490 3863 coli,
516 3793 552 3849 et
567 3795 687 3871 postea
705 3783 842 3851 fructus
859 3783 991 3851 dividi:
1019 3806 1063 3850 ne
1080 3775 1147 3849 hoc
1200 3776 1300 3846 diurn
1323 3777 1508 3846 doctrinae
1531 3778 1616 3845 inde
1636 3800 1749 3870 nsque
1774 3778 1819 3845 ab
1841 3772 2004 3865 Augusto
2025 3775 2068 3842 ad
2091 3770 2200 3842 lusti·

143 3877 297 3977 quidem
312 3878 383 3947 nisi
399 3880 494 3951 inter
508 3906 639 3973 paucos
656 3885 812 3955 obtineri
830 3899 953 3974 potest.
981 3881 1148 3953 'Habent
1200 3880 1368 3963 nianum,
1391 3881 1502 3949 multa
1521 3894 1606 3949 sunt
1627 3879 1810 3971 perspicua
1830 3877 1950 3969 signa,
1976 3879 2035 3945 sed
2062 3887 2197 3943 caetera

142 4000 181 4057 et
198 3980 273 4053 alia
286 3979 414 4052 vitiosa
428 3983 591 4054 instituta
614 3988 659 4055 de
674 3988 873 4062 connubiis.
900 3986 1038 4057 Atticae
1054 3988 1147 4074 leges
1199 3982 1379 4068 omittam;
1416 3980 1596 4071 Augustus
1622 4007 1704 4051 carm
1724 3981 1870 4074 quidem
1893 3978 2076 4047 excelleret
2100 3975 2199 4045 civili

141 4084 299 4183 propius
320 4086 367 4155 ad
382 4082 585 4157 Romanam
608 4090 760 4159 sormam
782 4093 972 4173 accedunt,
993 4092 1053 4158 sed
1071 4086 1147 4160 tto-
1202 4084 1375 4176 sapientia
1395 4085 1435 4154 in
1462 4086 1729 4178 quaestionibus
1754 4084 1862 4166 iuris,
1887 4104 1994 4175 qnam
2018 4080 2130 4149 multa
2154 4080 2198 4146 de

141 4210 278 4261 manae
302 4187 382 4279 plus
403 4189 586 4280 gravitatis
603 4186 736 4262 babent
755 4194 792 4261 in
817 4191 995 4286 plerisque
1011 4191 1149 4261 delictis
1200 4186 1387 4271 Trebatii,
1412 4187 1634 4271 Tuberonis,
1659 4186 1838 4255 Labeonis
1859 4198 1893 4254 et
1908 4181 2094 4273 Capitonis
2119 4204 2199 4249 sen-

141 4290 360 4389 puniendis,
379 4293 509 4363 melius
523 4293 628 4364 etiarn
645 4296 851 4365 describunt
866 4296 944 4365 iura
959 4308 1149 4365 testamen-
1201 4291 1322 4361 tentiis
1336 4290 1546 4360 constituit?
1572 4288 1729 4359 Labeoni
1747 4287 1852 4359 etiam
1869 4288 1981 4355 libere
1995 4283 2196 4354 adversanti

141 4410 292 4474 turum,
324 4394 533 4466 discernunt
559 4391 811 4485 haereditates,
853 4397 1148 4468 fideicommissa
1201 4416 1303 4483 saepe
1319 4392 1433 4464 cessit.
1475 4393 1566 4476 Sed,
1592 4408 1631 4464 ut
1647 4406 1731 4462 sunt
1746 4390 1878 4459 morosi
1895 4390 2074 4458 interdum
2094 4387 2198 4454 etiam

140 4499 264 4589 tegata
272 4520 283 4582 3
324 4496 480 4592 denique
512 4500 658 4569 uberior
689 4514 743 4571 est
775 4502 936 4571 doctrina
961 4498 1149 4572 Romanis.
1201 4496 1275 4564 lecti
1291 4508 1327 4565 et
1342 4496 1517 4566 moderati
1532 4493 1730 4587 Principes,
1754 4492 1937 4583 Arrgustus
1952 4490 2017 4559 etsi
2036 4510 2110 4556 non
2125 4486 2200 4553 lae-

140 4600 265 4693 Saepe
292 4600 389 4670 enim
411 4601 527 4671 miror
558 4601 784 4675 insolentiam
807 4605 1054 4698 quorundam,
1087 4601 1150 4695 qui
1201 4600 1247 4669 sit
1271 4595 1495 4678 Labeonem,
1531 4611 1649 4667 tamen
1682 4597 1817 4668 offendi
1852 4616 1890 4662 se
1923 4592 2000 4660 eius
2036 4590 2198 4658 libertate

141 4700 355 4777 existimant
370 4702 462 4774 iusta
485 4719 520 4775 et
535 4729 662 4798 aequa,
689 4706 766 4776 sine
780 4720 855 4777 arte
872 4720 906 4776 et
921 4706 998 4774 sine
1016 4706 1150 4775 doctri·
1200 4699 1430 4791 significavit,
1456 4725 1568 4793 eoque
1581 4699 1748 4793 Capitoni
1772 4694 1905 4765 minori
1924 4707 2011 4763 natu
2034 4691 2200 4761 consula·

142 4804 368 4901 naperspici
393 4808 547 4878 naturali
564 4811 718 4901 quodam
736 4832 863 4889 sensu,
887 4809 978 4879 sicut
994 4832 1077 4898 apes
1093 4831 1150 4877 ar·
1200 4818 1277 4874 tum
1301 4803 1409 4873 dedit.
1461 4800 1706 4874 Retinuerunt
1727 4798 1881 4893 Augusti
1903 4819 2039 4865 murem
2063 4808 2096 4865 et
2121 4804 2200 4885 post

142 4904 422 4983 chitcctonieam
450 4924 586 4980 norunt
613 4914 690 4979 sine
712 4913 892 4995 doctrina,
925 4914 985 4981 sed
1011 4907 1050 4979 hi
1077 4925 1150 4981 tota
1201 4932 1282 4975 eum
1299 4904 1504 4997 Principes,
1536 4928 1602 4973 nec
1624 4904 1701 4973 sine
1728 4898 1993 4972 iurisconsultis
2016 4898 2110 4968 ultra
2136 4896 2199 4965 de-

143 5013 209 5083 via
225 5024 357 5085 errant.
407 5006 552 5083 Etenim
569 5026 609 5082 ut
622 5013 660 5082 in
676 5015 756 5083 aliis
769 5015 906 5084 artibus
922 5014 1024 5083 initia
1040 5037 1150 5107 quae·
1201 5022 1294 5080 creta
1313 5008 1533 5087 incivilibns
1555 5002 2030 5099 quaestionibusfarciebant.
2081 4998 2200 5069 Nerva

144 5118 234 5187 dam
254 5126 427 5184 monstrat
440 5128 586 5201 natura,
609 5130 650 5187 ut
665 5117 702 5184 in
726 5117 902 5186 mensuris
918 5116 1150 5198 admirandis,
1201 5127 1234 5182 ct
1250 5109 1393 5183 Cassius
1407 5110 1599 5180 ediderunt
1616 5107 1785 5186 Tiberio,
1811 5104 1952 5177 Cassius
1968 5101 2201 5193 Vespasiano,

144 5218 283 5290 deinde
305 5217 373 5288 arti
399 5218 562 5288 doctriua
586 5218 740 5310 proficit:
776 5218 823 5289 ita
848 5212 974 5289 iubae
1002 5220 1091 5290 iuris
1117 5234 1150 5289 et
1200 5212 1358 5285 Traiano
1375 5230 1409 5287 et
1427 5211 1588 5282 Adriano
1604 5211 1746 5287 Celsus,
1773 5223 1806 5279 et
1825 5208 1985 5300 plerique
2001 5205 2075 5277 alii.
2127 5200 2200 5319 lle·

142 5343 293 5391 morum
321 5320 578 5411 gubernatione
600 5322 702 5394 initia
727 5346 747 5392 a
779 5336 905 5393 natura
929 5345 1004 5391 csse
1025 5322 1150 5391 fateor.
1201 5342 1270 5411 que
1287 5332 1406 5388 tamen
1422 5317 1461 5385 in
1479 5312 1668 5385 consilium
1685 5311 1831 5381 admissi
1847 5324 1932 5380 stant
1946 5308 2031 5386 ulli,
2057 5304 2126 5373 nisi
2142 5327 2201 5371 ru-

145 5420 302 5493 Necesse
321 5438 373 5494 est
397 5424 493 5493 enim
514 5446 589 5509 esse
615 5438 709 5495 certa
734 5424 927 5517 principia,
956 5426 1019 5495 sed
1039 5417 1176 5553 cxhisl
1201 5421 1297 5491 dicio
1326 5418 1479 5490 Senatus
1506 5416 1663 5489 Romani
1697 5427 1811 5484 essent
1841 5409 2069 5501 Principibus
2102 5427 2200 5475 com-

146 5526 312 5598 lontibus
334 5526 418 5597 duci
438 5526 581 5617 regulae
601 5525 678 5598 siue
700 5528 861 5599 doctrina
890 5552 965 5598 non
991 5539 1150 5618 possunt.
1171 5558 1175 5575 ·
1201 5526 1372 5594 mendati.
1425 5520 1550 5593 Postea
1567 5518 1747 5592 Antonini
1771 5516 1857 5587 Pius
1874 5529 1909 5585 et
1922 5511 2069 5583 blarcus
2086 5508 2199 5579 multu
