4664 6022
140 278 218 355 679
709 265 873 347 DECL.
920 265 995 343 DE
1027 264 1274 344 BASlLlO
1306 263 1619 347 EPlSCOPO.
2126 264 2198 347 08⁰

148 449 280 525 iutavit
292 447 585 531 samosatenum,
610 457 646 518 et
661 444 830 538 scriptam
846 442 994 540 reliquit
1011 444 1152 516 conlea-
1203 456 1282 530 tor,
1305 440 1565 537 aliquantisper
1581 467 1603 514 a
1620 443 1754 537 populo
1772 439 1812 515 in
1827 442 2015 535 praedium
2030 464 2136 515 sunm
2151 464 2203 513 se·

152 556 290 629 sionem
322 575 405 623 suae
433 549 515 619 fidei
544 550 589 618 de
616 550 730 618 tribus
756 546 919 641 personis
940 547 1152 635 divinitatis,
1205 546 1367 618 cedebat:
1393 547 1482 616 alias
1503 570 1588 617 vero
1608 546 1778 639 prodiens
1799 545 1939 619 alienae
1958 543 2112 629 utilitati
2134 568 2204 617 scr·

155 660 301 750 dignam
331 654 522 739 memoria,
554 676 644 746 quae
675 648 784 722 hodie
814 665 920 727 extat.
970 649 1090 722 Huius
1117 674 1154 721 se
1206 650 1309 721 viret.
1358 646 1621 722 Haecitalacta
1638 672 1725 735 esse,
1747 647 2082 723 narratEusebius·
2130 644 2204 721 Etsi

157 760 320 833 doctrina
344 758 522 828 imbutum
548 756 593 825 ab
618 754 769 827 iulantia
792 755 911 849 inquit
931 754 1024 849 ipse,
1057 756 1153 848 quod
1207 767 1324 825 autem
1348 751 1386 821 in
1409 752 1569 845 epistolis
1592 750 1750 824 Basilius
1770 753 1993 825 monasticen
2014 750 2204 825 immodice
2243 710 2247 811 i

157 863 335 937 nutricem
366 856 531 931 babuerit
555 858 742 929 mulierem
768 858 1063 929 studiosissimam
1089 860 1156 927 do·
1209 855 1407 950 praedicat,
1441 869 1481 929 ut
1502 881 1607 928 suum
1631 855 1763 951 cuique
1783 854 1989 939 institutum
2011 855 2205 937 blanditur,

158 967 294 1042 ctrinae
318 962 496 1053 Gregorii.
560 958 636 1031 Nec
665 961 790 1053 procul
812 961 961 1033 distata
986 959 1155 1034 Caesarea
1207 975 1429 1031 tamencum
1452 984 1584 1031 munus
1605 960 1758 1031 docendi
1776 984 1849 1031 non
1868 959 2095 1081 deposuerit,
2120 960 2247 1031 etde

160 1066 457 1158 sedesGregorii,
481 1064 698 1135 milliaribus
711 1064 842 1135 nostris
855 1066 1003 1136 sortasse
1019 1063 1156 1155 viginti.
1209 1063 1345 1135 iustitia
1366 1061 1448 1132 lidei
1471 1063 1560 1133 alibi
1581 1064 1760 1157 praeclare
1783 1064 1985 1157 scripserit,
2014 1061 2205 1135 modestius

160 1173 290 1246 Narrat
311 1185 427 1240 autem
445 1193 481 1239 se
498 1183 590 1239 recte
606 1181 641 1239 et
656 1168 792 1258 integre
808 1183 969 1262 percepta
989 1164 1157 1257 Gregorii
1209 1166 1359 1239 sensisse
1381 1190 1462 1236 eum
1484 1166 1665 1248 existimo,
1686 1191 1793 1261 qnam
1816 1181 1935 1260 postea
1951 1162 2042 1239 haec
2055 1154 2247 1287 mentis}

160 1275 354 1360 sententia,
378 1271 534 1343 voluisse
552 1284 587 1341 et
603 1284 818 1341 caeterarum
837 1267 1073 1343 Ecclesiamm
1093 1273 1158 1341 do·
1210 1270 1371 1343 examina
1389 1264 1646 1341 monachorum
1664 1285 1863 1345 senserunt.

161 1378 313 1451 ctrinam
342 1379 388 1447 ad
411 1399 489 1445 eam
512 1376 686 1449 conferre.
746 1372 836 1445 Tale
856 1375 1047 1447 studium
1038 1374 1159 1470 rnqni·
1311 1370 1387 1443 Nec
1414 1373 1478 1443 diu
1507 1373 1615 1445 suit
1603 1398 1643 1443 sn
1666 1369 1722 1444 his
1743 1373 1905 1461 latebris,
1938 1374 2002 1444 sed
2026 1370 2247 1491 aliquantu

161 1485 292 1555 rendae
310 1478 469 1551 veritatis
486 1492 571 1549 tunc
587 1479 624 1547 in
640 1477 899 1564 multisfuit‚'
889 1503 928 1548 ιιι
944 1504 1016 1573 quo
1034 1492 1067 1549 et
1083 1478 1160 1570 pie·
1212 1490 1291 1567 post
1311 1499 1392 1547 cnm
1410 1472 1538 1547 Ariani
1560 1477 1677 1569 palam
1700 1490 1946 1575 grassarentur
1961 1475 2001 1545 in
2018 1436 2247 1549 uruecssi

161 1599 269 1659 tatem
299 1596 332 1653 et
360 1580 569 1652 modestiam
593 1580 740 1652 laudare
762 1582 942 1655 convenit.
1000 1579 1057 1651 Pii
1083 1604 1159 1651 non
1212 1603 1330 1666 sarea,
1355 1591 1389 1649 et
1405 1572 1638 1673 Episcopus
1627 1604 1702 1673 rpse
1723 1581 1983 1670 antagonistam
2010 1577 2091 1651 sllrs
2106 1601 2206 1671 oppu-

161 1687 280 1760 subito
305 1684 612 1778 pronunciabant,
639 1686 699 1755 sed
722 1685 918 1777 peritorum
934 1683 1067 1754 iudicia
1084 1698 1159 1756 toto
1212 1632 1371 1752 nendrim
1388 1705 1464 1752 esse
1481 1696 1658 1765 censeret,
1685 1683 1888 1754 valentem
1876 1681 2026 1804 rpgenio
2042 1679 2206 1753 eruditio-

160 1792 248 1863 orbe
262 1801 435 1859 terrarum
453 1787 734 1861 sciscitabantur.
786 1786 840 1859 lta
856 1799 1001 1878 vagatus
1016 1800 1070 1858 est
1088 1785 1160 1855 lre-
1213 1810 1277 1871 ne,
1308 1784 1534 1879 eloquentia,
1567 1785 1775 1873 autoritate,
1808 1785 1919 1859 mittit
1942 1787 1988 1857 ad
2011 1784 2102 1865 eum
2128 1785 2208 1875 lega-
2245 1822 2247 1827 ·

162 1916 293 1976 naeus,
319 1890 380 1985 qui
400 1914 472 1960 non
491 1891 606 1960 solum
626 1890 800 1962 Asiaticas
816 1904 849 1960 ct
866 1888 1020 1960 Graecas
1038 1887 1160 1960 Eccle·
1214 1905 1289 1959 tum
1307 1887 1523 1980 Gregorium
1539 1887 1823 1975 Nazianzenum,
1849 1889 1910 1985 qni
1929 1890 2125 1961 reduceret
2139 1908 2209 1959 eum

163 1997 251 2082 sias,
276 1994 468 2065 sedetiam
488 1992 646 2066 Gallicas
667 2008 701 2065 et
718 1990 950 2064 Germanicas
966 1995 1065 2065 citat:
1091 2018 1159 2086 qua
1214 2017 1255 2061 ex
1269 1991 1463 2063 solitudine
1479 1992 1517 2061 in
1534 1992 1644 2062 aciem
1661 2007 1694 2065 et
1710 1992 1844 2087 patriae
1861 1992 2010 2085 praelia.
2064 1986 2210 2064 Difficile

162 2124 204 2171 ex
227 2122 267 2167 re
288 2110 451 2189 apparet,
474 2096 580 2168 initio
602 2096 748 2188 collegia
771 2096 809 2165 in
828 2093 995 2167 Ecclesiis
1014 2097 1161 2167 summis
1215 2107 1289 2165 erat
1313 2089 1496 2166 hominem
1521 2096 1666 2167 doctum
1683 2121 1725 2167 ex
1740 2096 1803 2191 illa
1819 2096 2029 2167 dulcissima
2043 2092 2211 2189 tranquil-
2244 2126 2247 2145 ι

163 2201 271 2273 luisse
291 2194 551 2292 pulcherrimos
573 2214 711 2285 coetus,
744 2199 878 2270 similes
901 2195 1160 2293 Prophetarum
1216 2199 1314 2269 litate
1341 2198 1543 2269 studiorum
1573 2197 1612 2269 in
1639 2200 1772 2271 atrocia
1802 2199 2000 2271 certamina
2033 2198 2210 2270 abducere.

164 2298 315 2384 scholis,
364 2302 437 2372 imo
467 2303 676 2393 angelorum
706 2303 929 2394 agminibus,
979 2303 1162 2374 doctrinae
1213 2300 1287 2371 Nec
1304 2300 1337 2369 ei
1354 2300 1473 2392 ignota
1490 2317 1592 2374 erant
1607 2303 1728 2373 omnia
1744 2303 1828 2389 illa,
1854 2327 1946 2398 quae
1960 2294 2208 2395 sapientissimi

164 2408 347 2492 custodes,
372 2406 533 2476 omnium
558 2406 730 2477 virtutum
749 2406 875 2477 officiis
892 2431 969 2477 eam
984 2420 1182 2477 ornantes·
1217 2400 1379 2474 homines
1410 2417 1445 2473 et
1475 2409 1543 2475 u‘su
1567 2404 1671 2498 periti
1693 2408 1738 2478 de
1759 2406 1929 2497 fugienda
1951 2402 2203 2496 gubernatione

163 2509 270 2584 Nu'nc
298 2509 368 2579 loci
397 2509 606 2597 dignitatem
638 2505 803 2580 homines
831 2509 969 2580 amissis
993 2509 1106 2580 literis
1130 2521 1163 2579 et
1216 2507 1470 2582 disseruerunt.
1533 2506 1749 2580 Meminerat
1770 2504 2060 2583 Demosthenem
2088 2506 2210 2591 dixisse,
2242 2528 2247 2591 ι

164 2613 284 2686 studio
299 2612 439 2705 pietatis
453 2613 633 2694 iactitant,
659 2613 769 2705 magis
783 2609 1047 2684 Centaurorum
1064 2611 1164 2682 simi·
1216 2610 1246 2681 si
1268 2612 1456 2682 retexenda
1481 2610 1553 2682 vita
1577 2625 1685 2697 esset,
1710 2625 1745 2682 et
1770 2615 1862 2684 duae
1884 2612 1964 2682 viae
1990 2611 2069 2685 sibi
2093 2632 2208 2706 propo·
2241 2614 2247 2647 ¹·

164 2718 234 2804 les,
258 2740 366 2810 quam
382 2717 618 2788 sacerdotnm.
1218 2727 1405 2785 nerentur:
1432 2714 1541 2786 altera
1559 2728 1653 2785 recta
1671 2718 1805 2786 ducens
1822 2716 1864 2785 ad
1885 2736 2057 2787 summos
2074 2711 2207 2787 honores

268 2818 462 2911 Postquam
487 2834 604 2890 autem
624 2817 779 2890 Basilius
796 2814 863 2889 hac
880 2817 1164 2910 peregrinatione
1218 2818 1255 2886 in
1277 2814 1496 2910 Republica,
1530 2817 1641 2888 altera
1665 2831 1758 2889 recta
1785 2820 1831 2889 ad
1855 2832 2032 2890 mortem:
2068 2842 2110 2891 se
2129 2840 2207 2890 con·

165 2923 347 3005 absoluta,
383 2919 591 2992 Caesaream
623 2922 748 3006 rediit,
781 2946 822 2991 ac
854 2945 956 3011 saepe
985 2920 1165 3014 specimen
1218 2920 1453 2992 monelactum
1475 2924 1518 2991 de
1538 2921 1723 3014 periculis,
1748 2921 2207 3014 potiustngressurnmese

166 3022 380 3098 cnrditionis
397 3024 580 3117 praebuit,
606 3037 752 3094 vocatus
766 3038 817 3095 est
832 3026 878 3093 ab
895 3021 1072 3117 Episcopo
1088 3019 1165 3094 En-
1218 3048 1300 3094 mox
1328 3024 1425 3093 illam
1456 3025 1571 3111 viam,
1603 3048 1694 3118 quae
1714 3028 1760 3095 ad
1783 3037 1935 3096 mortem
1960 3026 2094 3112 ducit,
2124 3034 2199 3119 qm

166 3126 266 3199 sebio
292 3128 336 3196 ad
360 3151 491 3197 munus
515 3128 666 3197 docendi
690 3127 728 3196 in
744 3123 917 3197 Ecclesia:
944 3127 1082 3222 luitque
1098 3127 1165 3195 ali·
1219 3126 1377 3203 alteram.
1431 3124 1500 3199 Sed
1522 3129 1653 3199 sciehat
1672 3126 1845 3213 Basilius,
1871 3128 1980 3198 nobis
2000 3128 2047 3200 in
2073 3120 2204 3203 Eoris&

167 3229 328 3326 quandiu
349 3229 460 3301 lector
481 3244 515 3301 et
534 3231 709 3324 interpres
727 3253 907 3301 sacrorum
927 3231 1165 3312 voluminum,
1220 3225 1310 3300 hanc
1341 3229 1508 3300 militiam
1536 3232 1789 3325 propugnandi
1819 3183 2014 3323 Evangelii
2054 3228 2208 3303 divinius
2245 3262 2247 3293 ε

166 3336 262 3455 quod
282 3356 414 3403 munus
431 3334 548 3403 simile
566 3348 642 3405 erat
655 3330 885 3418 scholastico
911 3349 951 3407 ut
968 3359 1065 3404 nunc
1082 3347 1167 3404 sunt
1219 3334 1422 3405 mandatam
1445 3358 1538 3420 esse,
1564 3349 1598 3407 et
1619 3334 1796 3427 cogitabat
1816 3335 1936 3406 omnia
1960 3328 2209 3430 quaelubet

166 3437 205 3507 in
231 3431 363 3507 scholis
378 3436 538 3507 lectores
588 3434 681 3508 Cum
705 3449 822 3508 autem
840 3437 935 3507 anter
950 3434 1166 3530 Eprscopum
1218 3436 1428 3508 sententiam
1453 3438 1511 3530 pie
1529 3437 1699 3509 dicuntur
1715 3451 1838 3509 contra
1854 3451 1955 3509 vetus
1971 3424 2208 3513 dicrumtdlr

167 3553 203 3611 ct
222 3536 396 3608 Basiliam
421 3540 581 3609 simultas
603 3553 680 3610 orta
704 3553 813 3624 esset,
843 3536 1010 3633 Episcopi
1036 3541 1167 3611 volun·
1217 3535 1372 3635 βιώσας.
1433 3540 1574 3612 Prodiit
1601 3542 1695 3612 lilius
1718 3539 1786 3613 Dei
1813 3565 1888 3611 non
1911 3541 2039 3613 solum
2067 3566 2110 3613 ex
2129 3554 2209 3613 tm·

169 3655 241 3713 tate
263 3642 459 3713 exulcerata
477 3643 667 3712 calumniis
682 3638 959 3729 monachorum,
984 3670 1046 3737 qur
1037 3642 1167 3713 'Basi-
1220 3643 1399 3738 quillitate
1421 3669 1501 3729 sua,
1526 3646 1587 3714 sed
1606 3644 1711 3715 etiam
1728 3668 1769 3714 ex
1785 3644 1845 3713 illa
1862 3656 2010 3715 aeterna
2030 3644 2209 3737 gloriae!

169 3745 219 3816 lio
244 3743 361 3814 infesti
386 3760 504 3830 erant,
531 3760 716 3835 propterea
739 3747 835 3839 qnod
854 3771 976 3815 eorsum
998 3749 1165 3832 ignavum
1221 3748 1258 3815 in
1280 3769 1354 3816 sese
1377 3747 1594 3818 tristissimas
1616 3770 1748 3841 poenas
1769 3745 1956 3818 derivavit.
2013 3747 2210 3841 Quareuoe

170 3844 289 3918 ocium
315 3859 347 3916 et
372 3847 547 3918 inscitiam
571 3848 740 3919 detestari
762 3850 908 3921 soleret:
932 3845 991 3920 hic
1014 3848 1168 3919 Basilius
1221 3874 1286 3920 nos
1307 3851 1351 3919 de
1366 3864 1489 3922 nostro
1505 3850 1602 3935 ocio,
1627 3853 1671 3921 de
1685 3851 1859 3922 suavitate
1872 3850 1988 3938 vitae,
2017 3854 2066 3924 de
2080 3846 2210 3931 deliciis.

169 3948 377 4022 Caesaream
407 3963 442 4020 et
473 3951 614 4021 lectoris
641 3952 791 4041 gradum
814 3952 977 4072 plenum
983 3952 1168 4073 diguitatis
1221 3954 1281 4023 sed
1307 3955 1351 4022 de
1378 3955 1545 4024 mandato
1569 3953 1635 4026 Dei
1660 3955 1873 4046 cogitemus,
1907 3968 1944 4027 et
1967 3956 2016 4025 ad
2039 3979 2120 4026 earn
2141 3974 2209 4023 nor·

170 4051 335 4145 reliquit,
371 4077 416 4122 ne
447 4048 532 4123 haec
561 4053 793 4125 lactionum
783 4054 884 4125 mitia
908 4054 1022 4125 maius
1045 4055 1168 4124 inceu-
1223 4080 1315 4126 mam
1344 4055 1492 4127 consilia
1524 4056 1730 4148 dirigamus.
1789 4050 1905 4129 Etsi
1894 4054 2011 4148 igitur
2034 4054 2209 4165 dulcedine¹

171 4155 272 4226 dium
295 4154 497 4230 excitarent.
550 4155 638 4226 Nam
662 4156 727 4226 ubi
751 4159 858 4227 semel
881 4158 1067 4230 distractae
1086 4173 1169 4229 sunt
1223 4160 1418 4250 praesentis
1438 4159 1525 4246 ocii,
1550 4174 1584 4232 et
1604 4184 1775 4232 memorre
1792 4185 2033 4247 rnrurrarum
2059 4154 2210 4259 quassu·¹

171 4258 372 4329 voluntates
395 4257 547 4348 partiam
571 4260 655 4328 odio
672 4262 836 4350 dogmata
854 4261 1170 4336 facilemuta.ntur
1223 4277 1277 4334 tea
1311 4264 1357 4332 ab
1383 4258 1562 4383 Episcopo
1590 4276 1788 4356 acceperat,
1827 4264 2068 4353 movebatur,
2107 4276 2209 4339 umet

172 4357 221 4433 Et
243 4384 340 4429 nunc
364 4357 492 4430 Ariani
514 4377 729 4452 grassantes,
756 4364 957 4434 occasiones
980 4366 1170 4457 captabant
1222 4363 1364 4458 utraque
1377 4390 1429 4436 rer
1419 4361 1800 4457 praetulitEcclesiae
1814 4391 1859 4443 n
1861 4366 2082 4441 cessitatem.
2129 4364 2210 4440 seis

173 4462 300 4533 veneni
319 4465 374 4533 sui
392 4466 577 4557 spargendi
595 4462 800 4537 rnEcclesra
810 4465 1041 4539 Caesariensi
1072 4467 1170 4539 Lau·
1222 4468 1307 4542 bat
1296 4494 1335 4538 rn
1349 4466 1508 4541 Ecclesia
1520 4485 1658 4562 gratum
1673 4469 1829 4540 officium
1845 4493 1919 4540 esse
1933 4467 2039 4553 Deo
2063 4466 2211 4567 pedm

173 4568 221 4635 do
243 4564 368 4637 Basilii
392 4568 600 4651 consilium,
631 4568 712 4663 qni,
739 4593 784 4638 ne
807 4572 960 4642 atrocius
981 4572 1169 4643 dissidium
1223 4594 1274 4644 σιιι
1270 4574 1404 4646 roxeiv:
1431 4596 1499 4643 nee
1521 4597 1639 4662 pacem
1661 4572 1771 4642 ullam
1795 4572 2046 4644 diuturnam'
2033 4599 2075 4645 m
2097 4574 2211 4667 guber·

174 4668 348 4756 oriretur,
380 4674 503 4741 cedere
525 4671 683 4741 invidiae
708 4673 853 4760 maluit,
880 4699 944 4746 uec
967 4689 1107 4760 tamen,
1130 4688 1172 4749 ut
1222 4676 1369 4747 natione
1390 4698 1464 4745 esse
1487 4699 1611 4768 posse,
1637 4675 1705 4745 nisr
1696 4674 2212 4796 aliquaeoffcnsionesdissi·

175 4772 281 4842 multi
314 4787 455 4863 putant,
487 4788 608 4866 postea
636 4775 734 4845 sein
754 4778 1008 4848 monasterium
1031 4778 1172 4849 ociosus
1225 4779 1427 4864 mulentur,
1459 4802 1498 4848 ac
1518 4778 1667 4849 lenitate
1688 4779 1798 4847 animi
1821 4779 2041 4853 obruantur.
2105 4780 2213 4877 ltaqut

176 4872 324 4943 abdidit.
383 4874 480 4948 Vixit
508 4877 569 4947 ille
593 4877 738 4973 quidem
762 4905 843 4951 cum
867 4882 1004 4976 aliquot
1028 4882 1168 4952 audito·
1223 4904 1385 4953 reversus
1417 4882 1572 4974 primum
1605 4881 1776 4975 obsequio
1801 4895 1835 4952 et
1857 4880 2040 4956 suavitate
2060 4885 2113 4957 ita
2136 4882 2212 4957 senil

176 4975 309 5047 ribus
298 5002 336 5045 ru
361 5002 496 5050 secessu
505 4982 597 5075 ,qni
620 4981 773 5052 distabat
795 5006 814 5052 a
836 4982 1005 5055 Caesarea
1030 4984 1172 5056 circiter
1224 4982 1390 5079 Episcopi
1413 4985 1573 5055 animum
1591 4984 1659 5055 sibi
1678 4984 1855 5070 devinxit,
1879 4988 2212 5060 nteoncouttaves

177 5077 321 5168 triginta
347 5082 510 5153 miliaria.
577 5083 681 5155 Sed
671 5086 815 5155 rnterim
840 5084 1172 5158 vicinasEcelesias
1224 5103 1327 5160 etex
1357 5088 1479 5157 animo
1509 5101 1620 5173 sarta,
1652 5087 2213 5182 nunquamdeindedissilieril

175 5182 214 5251 in
239 5180 356 5253 Ponto
379 5207 482 5276 saepe
504 5187 642 5272 adibat,
669 5182 733 5258 bas
757 5190 922 5272 docebat,
947 5192 1173 5277 emendabat
1223 5187 1458 5263 Adversarius
1481 5216 1564 5262 vero
1586 5190 2212 5287 doctrinaeincorruptaetantagn·

176 5285 358 5356 muniebat
382 5289 549 5359 adversus
572 5292 710 5361 furores
726 5288 880 5362 Arianos
902 5306 936 5363 et
960 5294 1060 5363 alios.
1111 5293 1172 5366 Sic
1223 5295 1332 5364 vitate
1361 5295 1546 5379 refutavit,
1579 5308 1622 5366 ut
1643 5308 1678 5365 et
1701 5291 1878 5365 Ecclesiae
1899 5318 2120 5371 eonsensum
2142 5294 2211 5369 reti·

176 5399 336 5481 tempora
367 5390 603 5483 partiebatur,
633 5408 673 5466 ut
701 5396 789 5464 alias
812 5418 910 5464 suam
932 5397 1170 5468 eruditionem
1222 5410 1342 5484 neret,
1369 5412 1405 5469 et
1425 5397 1529 5490 lupos
1551 5399 1634 5468 illos
1658 5397 1757 5470 brevi
1775 5422 1795 5469 a
1813 5396 1925 5471 caulis
1940 5422 2095 5492 prorsus
2109 5398 2211 5497 depel·

176 5491 368 5564 domestica
390 5494 622 5568 meditatione
645 5499 771 5584 aleret,
797 5522 955 5592 quaene
978 5499 1172 5592 impedire·
1221 5501 1322 5577 leret.
