4664 6022
242 263 323 351 127
677 255 842 335 DECL.
888 253 966 333 DE
1003 250 1279 331 MlSERllS
1312 247 1842 329 PAEDAGOGORUM.
2194 254 2283 353 m

248 439 410 526 bernari,
438 460 546 535 quam
568 429 646 511 hoa.
696 428 746 504 Et
769 444 888 502 tamen
909 430 949 501 in
967 425 1107 501 scholas
1130 440 1238 523 quot·
1287 427 1375 500 dicit
1395 430 1440 500 de
1463 428 1559 516 tilio,
1584 428 1708 500 eadem
1731 440 1995 521 praeceptorem
2007 426 2203 499 sollicitum
2218 421 2284 499 ha·

248 558 337 639 quot
351 545 426 613 fere
440 541 653 625 mittuntur,
677 533 848 630 pessimos
870 557 1006 620 mores,
1031 532 1238 624 turpissima
1286 530 1393 616 bent,
1419 555 1465 601 nc
1479 532 1541 602 ille
1557 533 1695 626 uspiam
1711 530 1900 618 ceciderit,
1915 543 1978 603 aut
1990 530 2203 624 perfregerit
2215 530 2285 603 ali-

249 646 408 738 exempla
430 643 615 725 adferunt,
647 651 688 711 ut
706 635 904 727 retingendi
927 636 1000 708 sint
1021 637 1065 705 dc
1085 634 1239 725 integro.
1288 632 1394 729 quid,
1428 648 1492 706 aut
1514 635 1647 705 vulnus
1669 633 1863 727 acceperit,
1889 647 1925 706 et
1951 628 2021 704 hoc
2051 655 2164 724 mnus
2196 632 2283 705 alias

250 744 316 820 Est
338 761 456 819 autem
483 743 683 827 difficilius,
715 763 824 832 prava
849 762 939 833 quae
963 738 1071 807 semel
1098 737 1241 807 insede-
1287 760 1399 831 quare
1422 736 1495 805 iam
1509 737 1639 827 cogitat
1659 736 1730 807 sibi
1743 759 1880 808 summa
1894 736 1933 807 vi
1949 736 2188 810 coercendum
2210 758 2284 808 esse

250 866 359 938 runt,
382 849 572 927 dedocere,
597 868 704 938 quam
718 856 812 916 recta
829 843 967 916 docere.
1018 839 1127 912 Scitis
1140 840 1237 909 enim
1289 838 1516 931 discipulum.
1565 833 1710 910 Etcum
1728 832 1939 910 hacteuusa
1964 837 2080 933 plagis
2097 838 2284 912 abstinue-

249 954 426 1026 musicum
466 949 566 1019 illum
600 946 740 1039 gemina
775 946 936 1015 mercede
963 943 1143 1024 docuisse,
1177 940 1241 1035 qui
1288 942 1359 1029 rit,
1384 937 1445 1012 hic
1465 942 1611 1015 demum
1633 941 1921 1013 adferocitatern
1932 941 2174 1033 castigandam
2198 966 2284 1035 pro·

251 1069 334 1130 ante
348 1057 415 1127 sub
429 1052 508 1123 aliis
525 1049 701 1140 magistris
712 1048 806 1118 male
821 1047 1005 1118 assuefacti
1019 1056 1131 1118 crant
1167 1042 1242 1114 Pu·
1290 1058 1441 1116 muntur
1468 1045 1598 1136 virgae.
1656 1042 1748 1115 Nam
1779 1043 1895 1115 nostri
1924 1039 2089 1135 homiues
2115 1067 2195 1115 nou
2213 1042 2284 1116 uisi

251 1181 401 1253 guamus
424 1178 505 1245 ergo
527 1177 608 1224 cum
638 1151 790 1241 ingeniis
813 1149 1030 1243 puerilibus,
1064 1171 1156 1242 quae
1178 1169 1242 1239 per
1290 1146 1404 1239 plagis
1418 1148 1550 1235 coacti,
1572 1146 1665 1219 sicut
1680 1147 1726 1216 de
1742 1139 1945 1242 Phrygibus
1959 1147 1999 1218 iu
2014 1146 2207 1241 proverbio
2222 1159 2285 1235 cst,

177 1298 182 1307 ·
251 1287 325 1334 sese
344 1248 560 1330 ferocissima
577 1269 680 1338 sunt,
705 1252 911 1345 pracsertim
930 1252 969 1321 in
986 1248 1178 1320 Germanis
1207 1259 1243 1318 et
1292 1250 1463 1340 imperata
1478 1250 1623 1322 faciunt.
1676 1246 1747 1320 Hic
1770 1247 1832 1319 ille
1854 1248 1963 1321 miser
1983 1273 2089 1342 supra
2114 1262 2172 1323 tot
2191 1250 2283 1322 mala

250 1363 442 1437 domestico
463 1384 531 1430 usu
554 1370 734 1448 corrupto.
795 1354 924 1425 Videte
949 1354 1044 1424 enim
1067 1354 1154 1424 istos
1175 1353 1242 1423 bo-
1291 1352 1532 1424 carnificinam
1562 1352 1700 1444 cogitur
1725 1374 1907 1439 exercere,
1939 1375 2016 1423 rem
2034 1350 2283 1435 miserrimam,

190 1498 198 1511 ·
249 1490 316 1538 uos
336 1476 519 1559 parentes,
544 1448 699 1553 quorum
723 1458 829 1528 multi
854 1481 891 1527 se
913 1453 1148 1546 Evangelicos
1176 1480 1242 1524 vo·
1291 1479 1453 1550 quaeque
1477 1454 1533 1524 vel
1557 1453 1595 1524 in
1616 1452 1743 1547 primis
1766 1468 1890 1527 noceat
1908 1453 2106 1526 valetudini
2131 1468 2284 1530 nostrae

164 1587 169 1595 “
251 1585 353 1653 cant,
379 1590 462 1638 cum
478 1566 516 1635 in
533 1587 571 1631 ea
588 1575 699 1631 aetate
713 1560 827 1651 prima
847 1583 920 1629 esse
937 1559 1131 1631 tradendae
1156 1557 1243 1628 reli·
1290 1557 1405 1629 Nemo
1426 1557 1522 1626 enim
1544 1571 1615 1629 tam
1632 1552 1786 1651 ἀπαθὴς
1801 1570 1855 1629 est
1870 1569 2096 1650 praeceptor,
2122 1558 2217 1655 quin
2243 1580 2284 1631 cx

252 1671 370 1765 gionis
394 1692 477 1739 cura
502 1666 645 1751 debeat,
671 1657 711 1732 hi
737 1686 782 1731 ne
805 1663 949 1755 quidem
972 1683 1088 1731 sacras
1112 1682 1244 1754 preces,
1293 1660 1516 1731 contumacia
1539 1659 1818 1731 adolescentium
1845 1674 2128 1749 commoveatur,
2159 1684 2283 1757 quem-

250 1772 468 1861 Decalogum
487 1782 520 1839 et
541 1764 608 1837 hoc
629 1788 740 1857 genus
754 1765 823 1834 alia
839 1764 937 1834 domi
956 1765 1104 1855 docent,
1130 1762 1242 1855 pleri·
1293 1788 1362 1858 que
1380 1786 1456 1832 non
1470 1763 1654 1855 perturbet
1670 1764 1709 1832 in
1724 1763 1946 1834 verberando
1962 1763 2147 1857 impetus?
2185 1760 2283 1855 Quid

252 1901 324 1972 quc
338 1886 498 1967 parentes
513 1882 755 1960 contemptum
771 1865 953 1957 religionis
969 1867 1109 1938 docent.
1150 1864 1242 1936 Tam
1292 1867 1365 1936 iam
1391 1866 1436 1935 de
1455 1889 1539 1935 cura
1561 1864 1776 1937 valetudinis
1804 1889 1999 1958 puerorum
2020 1866 2168 1937 dicam?
2198 1864 2284 1960 quid

253 1990 460 2070 corruptum
479 1968 547 2042 hoc
562 1993 725 2041 nostrum
739 1971 899 2041 seculum
914 1982 983 2053 est,
1008 1983 1050 2040 ut
1070 1970 1243 2061 iurepos-
1293 1969 1338 2039 dc
1360 1969 1562 2060 sumptibus
1590 1967 1845 2038 moderandis?
1897 1966 1987 2062 quid
2012 1969 2058 2040 de
2085 1967 2283 2041 rationibus

253 2083 302 2154 sis
320 2081 453 2158 dicere,
480 2076 666 2168 deceptum
690 2096 764 2143 esse
782 2070 1003 2166 Satyricum,
1031 2095 1112 2142 cum
1135 2070 1242 2141 dixit:
1293 2083 1500 2162 sumptuum
1514 2070 1802 2162 perscribendis?
1828 2093 1936 2164 quae,
1952 2094 1998 2142 ne
2012 2069 2122 2143 nimis
2139 2071 2283 2163 longum
2327 2110 2329 2115 v

299 2220 355 2288 Nil
369 2223 424 2282 erit
437 2218 562 2279 ulterius
578 2216 662 2300 quod
675 2217 783 2276 nostris
798 2216 934 2276 moribus
949 2211 1039 2275 addat
1292 2173 1438 2258 faciam,
1463 2195 1571 2263 ‘⁰8⁰¹
1585 2172 1763 2244 mnium·
1813 2167 1961 2244 Etenim

304 2324 476 2390 Posterius.
1344 2297 1417 2364 Nou
1431 2299 1509 2361 mibi
1524 2302 1550 2362 si
1567 2313 1689 2362 centum
1704 2301 1826 2382 linguae
1843 2301 1904 2362 siut
1916 2320 2028 2384 oreque
2044 2312 2180 2382 mrum,

306 2426 409 2493 Omne
423 2429 456 2486 in
471 2420 628 2504 praecipiti
641 2420 752 2480 vitium
766 2420 857 2480 stetit.
1346 2400 1462 2467 Omnia
1475 2424 1614 2473 ourarmn
1630 2424 1803 2486 percurrere
1817 2408 1942 2465 uomina
1954 2404 2081 2486 possim.

1294 2527 1487 2626 Postquam
1526 2531 1764 2625 praeceptoris
1797 2532 1937 2603 labores
1971 2530 2155 2619 recensui,
2192 2556 2281 2607 nuuc

253 2590 378 2684 Neque
405 2567 502 2654 enim
534 2579 606 2650 dici
641 2593 756 2671 potest
789 2592 921 2672 quanta
956 2574 1109 2647 accessio
1134 2571 1245 2644 scele-
1320 2634 1330 2652 ,
1562 2634 1605 2652 ..
1644 2633 1654 2651 ,
1823 2632 1833 2653 ,

255 2717 337 2767 rum
360 2686 476 2759 omnis
497 2681 655 2773 generis,
685 2705 802 2773 nuper
830 2684 917 2751 adeo
946 2683 991 2749 ad
1017 2691 1135 2748 vetera
1158 2676 1244 2747 vitia
1294 2635 1412 2755 v‚¹d⁸²⁰
1429 2656 1521 2727 ΨΜ
1537 2657 1692 2704 V¹⁰¹⁸⁵¹¹¹¹
1711 2657 1778 2726 ΡΜ
1794 2628 1851 2705 ¹¹¹⁸
1868 2648 1945 2705 mm
1960 2658 2093 2706 11191111
2109 2648 2188 2707 111111
2208 2658 2283 2729 311-

255 2801 345 2870 facta
368 2791 424 2861 sit.
476 2783 890 2873 Domestica-disciplina
913 2782 1044 2874 periit,
1077 2802 1168 2873 quae
1190 2791 1246 2850 ta·
1295 2749 1346 2807 ¹¹³
1374 2737 1505 2857 'ffdffl‘
1566 2732 1664 2855 Hf¹⁰⁰
1695 2759 1780 2806 V⁸¹⁰
1814 2749 1866 2808 ²⁸²
1887 2737 2020 2858 ¹5³de
2047 2732 2283 2861 catastrophe:

152 2968 155 2972 ⁴
256 2921 340 2970 men
364 2891 468 2963 nobis
497 2887 619 2980 pueris
644 2899 718 2956 erat
740 2885 942 2957 mediocris.
1003 2882 1136 2972 Magna
1159 2878 1245 2951 dili-
1294 2860 1479 2931 ⁵⁰Pet¹⁰¹⁸³
1510 2861 1632 2908 ⁰¹¹¹¹¹¹³
1664 2838 1793 2908 Indum
1827 2854 1862 2911 ⁸²
1895 2865 2015 2911 ¹⁰c⁰m
2040 2842 2139 2912 111108
2170 2840 2286 2929 furtu,

257 2998 375 3093 geutia
391 2991 489 3065 dorni
505 2990 740 3061 tradebantur
757 2988 930 3058 elementa
953 2985 1105 3077 pietatis.
1141 2981 1246 3054 Nunc
1295 2952 1404 3032 Pr⁰¹¹²
1436 2934 1523 3010 hm
1551 2940 1646 3010 “¹³¹³
1674 2953 1759 3012 ³¹¹¹st
1779 2964 1870 3037 ΨΜ
1901 2957 2036 3017 “Stant
2068 2967 2285 3017 1011111110·

257 3104 327 3176 alia
340 3122 396 3170 res
413 3109 486 3183 est,
512 3092 675 3162 ridentur
690 3114 806 3170 sacra,
837 3112 985 3183 eamque
999 3110 1174 3158 summam
1188 3107 1247 3155 sa·
1296 3044 1459 3175 ²³¹¹d⁰ffi
1960 3162 1971 3182 1
2269 3120 2273 3127 .

256 3202 428 3300 pientiam
456 3198 604 3268 ducunt.
663 3190 710 3263 Et
730 3193 813 3287 quia
835 3188 903 3260 Dei
926 3204 1042 3261 metus
1066 3201 1246 3281 exemptus
1397 3159 1561 3233 anum
1582 3182 1722 3232 11111111
1737 3162 1826 3283 adeo
1843 3173 1897 3284 cst
1916 3187 2061 3257 exigua,
2084 3178 2128 3238 ut
2150 3162 2281 3263 Satyri·

257 3320 309 3381 est
323 3301 451 3375 animis
465 3321 677 3391 puerorum,
692 3295 865 3365 ruiturin
881 3294 1004 3364 omnia
1020 3293 1126 3377 vitia,
1151 3316 1243 3383 quo·
1295 3286 1358 3336 ⁶¹¹⁵
1372 3287 1411 3333 ⁰⁸
1430 3265 1475 3333 de
1491 3287 1530 3332 ¹⁸⁰
1544 3277 1688 3356 ‘luem¹⁸
1702 3277 1899 3358 ⁸⁶¹¹P⁵²¹¹f²

257 3432 338 3483 rum
361 3427 425 3495 ego
450 3402 520 3470 iam
544 3397 800 3487 memoratione
828 3421 902 3467 non
928 3397 1094 3469 delector.
1153 3392 1246 3464 Pro·
1344 3387 1501 3453 Poenituit
1515 3393 1628 3453 multos
1641 3412 1736 3455 ranae
1755 3392 1927 3477 sterilisque
1940 3391 2109 3457 cathedras.

257 3514 343 3583 inde
366 3530 447 3577 cum
470 3505 510 3571 in
534 3497 690 3571 scholam
708 3514 854 3605 ventum
870 3514 939 3586 est,
960 3522 1101 3571 necesse
1117 3495 1247 3569 est‘su-
1298 3500 1379 3574 lure
1390 3501 1546 3572 sterilem
1563 3496 1769 3573 cathedram
1782 3502 1888 3574 dixit:
1914 3527 1998 3575 nam
2020 3506 2194 3577 fossorem
2209 3508 2287 3603 plu.

258 3615 310 3684 mi
331 3613 371 3680 in
392 3604 564 3677 docendis
585 3603 711 3692 primis
734 3603 875 3693 pietatis
896 3601 1147 3695 gymnasmatis
1162 3622 1247 3689 ope·
1296 3604 1346 3676 ris
1362 3626 1470 3697 quam
1486 3618 1747 3695 praeceptorem
1763 3607 2003 3682 conducunt.-
2035 3605 2078 3678 ln
2099 3602 2159 3679 his
2181 3610 2288 3681 mia.

260 3738 348 3787 ram.
375 3708 446 3781 Sed
456 3705 542 3799 quid
554 3705 729 3772 discerent
743 3704 866 3773 infecti
880 3718 962 3774 ante
978 3701 1097 3794 impiis
1107 3700 1250 3791 opinio-
1296 3707 1360 3776 riis
1373 3707 1548 3795 algemus,
1573 3706 1729 3777 vivimus
1743 3707 1885 3802 siliquis
1899 3722 1934 3780 et
1949 3730 2040 3801 panc
2056 3712 2237 3799 secundo,
2254 3726 2288 3784 et

260 3812 394 3889 nibus?
445 3807 517 3880 Sed
542 3819 583 3876 ut
614 3804 840 3874 mediocriter
861 3806 1042 3890 succedat,
1066 3818 1185 3874 tamen
1209 3802 1248 3870 in
1298 3808 1357 3877 vir
1374 3830 1440 3876 nos
1456 3831 1475 3875 a
1493 3808 1586 3878 farne
1602 3809 1838 3882 defendimus.
1891 3808 2031 3884 Videtis
2053 3813 2151 3883 enim
2174 3838 2284 3887 meam

261 3917 378 3993 officio
398 3911 551 3983 retinere
573 3919 727 4000 quantus
747 3906 850 3977 labor
865 3906 941 3978 est?
966 3905 1065 3975 domi
1085 3905 1250 3990 retinere,
1297 3909 1464 3990 maciem,
1489 3909 1616 3981 videtis
1632 3924 1672 3981 ut
1684 3912 1780 3982 lacer
1793 3911 1968 3995 incedam,
1994 3937 2085 4008 quae
2098 3914 2132 3985 si
2144 3916 2285 3991 fortuna

262 4042 380 4094 arcere
403 4041 422 4085 a
447 4010 625 4103 corruptis
648 4009 849 4094 sodalibus,
881 4033 900 4078 a
924 4007 1063 4098 ganeis,
1097 4008 1144 4078 ab
1163 4007 1251 4092 alea,
1298 4011 1435 4083 lecisset
1449 4012 1507 4081 vel
1524 4013 1778 4106 bibliopolam,
1804 4015 1901 4087 scitis
1918 4014 2022 4109 quale
2036 4016 2084 4087 sit
2105 4018 2143 4090 id
2166 4041 2285 4112 genua,

262 4139 297 4196 ²1
310 4117 458 4211 filiquss
472 4111 674 4183 ⁸5¹¹¹i¹5b¹¹⁸7
723 4107 802 4181 ΗΜ
818 4111 881 4206 ‘lui
902 4124 1036 4203 P⁰¹0⁵l2
1059 4110 1162 4180 illum
1186 4130 1250 4199 080
1299 4137 1362 4205 ego
1379 4114 1449 4183 iam
1464 4136 1553 4184 auro
1568 4130 1717 4186 onustus
1733 4116 1953 4203 incederem,
1976 4131 2147 4213 tanquam
2160 4122 2285 4220 aliquis

263 4248 338 4296 non
353 4218 556 4300 hominem,
582 4215 642 4283 sed
657 4213 763 4304 plane
777 4207 893 4285 Deum
908 4213 1087 4308 quendam
1104 4211 1251 4282 coelitus
1299 4232 1449 4309 satrapa,

262 4330 303 4399 in
318 4338 429 4396 terras
443 4317 605 4412 publicae
620 4316 744 4386 salutis
761 4337 865 4387 causa
879 4317 1062 4407 delapsum
1078 4337 1152 4384 esse
1167 4338 1252 4406 pro-
1406 4313 1545 4389 Deinde
1578 4343 1715 4391 summa
1743 4320 1963 4412 ingratitudo
1997 4347 2196 4417 puerorum
2228 4338 2283 4413 at,

262 4428 492 4500 nunciavero.
542 4417 649 4490 Mille
665 4433 755 4489 artes
772 4421 970 4508 excogitant
983 4417 1087 4510 pueri
1102 4416 1252 4486 fallendi
1300 4421 1454 4514 quinon
1467 4422 2174 4500 modonullumseanobisheneticium
2198 4430 2283 4503 scri·

263 4525 513 4627 praeceptoris.
564 4517 611 4592 Et
627 4521 666 4589 in
682 4520 846 4612 pluribus
865 4535 985 4592 tantus
1000 4522 1103 4592 furor
1117 4530 1189 4603 est,
1211 4531 1253 4588 ut
1300 4546 1382 4612 pere
1398 4524 1542 4604 dicunt,
1567 4525 1627 4593 sed
1645 4526 1823 4596 neminem
1839 4527 1941 4619 peius
1955 4529 2001 4599 de
2022 4551 2060 4599 se
2078 4532 2211 4603 mereri
2230 4554 2282 4605 m-

264 4636 381 4727 palam
400 4636 628 4698 contemnant
644 4622 845 4716 imperium.
897 4620 992 4711 Quia
1008 4623 1104 4692 euim
1126 4646 1146 4688 a
1169 4621 1252 4691 lite-
1300 4624 1481 4696 hitrantur
1497 4649 1602 4718 quam
1618 4650 1694 4700 nos.
1737 4627 1811 4719 Qui
1827 4626 1920 4699 nihil
1936 4631 2099 4718 discunt,
2123 4656 2281 4729 nospes-

264 4737 315 4806 ris
335 4743 525 4826 perpetuae
545 4726 653 4795 feriae
676 4738 778 4808 sunt,
810 4724 930 4795 ocium
953 4735 988 4794 et
1010 4727 1115 4796 docet
1138 4738 1173 4794 et
1187 4721 1252 4792 alit
1300 4726 1385 4796 inde
1397 4739 1438 4797 ut
1451 4723 1572 4796 literas
1587 4729 1756 4798 acerrime
1770 4732 1925 4803 oderunt
1945 4733 2044 4805 velut
2063 4756 2147 4806 suos
2170 4735 2282 4810 carni-

264 4834 364 4909 vitia.
415 4827 591 4902 Esteuim
613 4827 797 4898 verissima
817 4826 1010 4907 sententia,
1034 4849 1141 4922 quam
1165 4824 1252 4894 reli·
1299 4829 1391 4898 lices.
1441 4825 1598 4916 Quidam
1613 4830 1673 4899 alii
1688 4832 1815 4903 leviter
1837 4836 2029 4924 degustatis
2052 4837 2184 4926 literis,
2208 4859 2282 4911 cum

265 4939 343 5034 quit
357 4935 521 5026 scriptam
534 4928 734 5003 Columella
756 4929 796 4999 in
814 4928 1010 5021 praeceptis
1028 4950 1119 5022 quae
1141 4927 1252 5018 patri·
1300 4930 1371 4998 iam
1396 4929 1551 5023 aliquam
1582 4931 1734 5005 induant
1766 4936 1979 5009 eruditionis
2011 4942 2282 5031 persuasionem,

264 5038 417 5112 familias
438 5031 665 5128 praescribit,
716 5030 780 5101 Nil
795 5033 932 5121 agendo
950 5030 1046 5116 ficri,
1070 5044 1111 5101 nt
1131 5024 1252 5098 homi·
1300 5031 1349 5101 sic
1363 5031 1502 5124 placent
1526 5033 1595 5102 sibi
1620 5030 1721 5130 (nam
1737 5035 1774 5106 id
1789 5039 1879 5111 solet
1892 5065 1932 5110 ea
1948 5038 2061 5138 actas)
2083 5057 2125 5116 ut
2146 5067 2283 5138 pm

141 5132 146 5141 ¹
265 5166 330 5213 nes
343 5141 435 5209 male
456 5161 556 5226 agere
580 5134 731 5204 discant.
783 5130 857 5203 lam
875 5133 938 5204 ubi
955 5133 1062 5202 domo
1079 5146 1251 5225 tanquam
1299 5147 1419 5224 ptores
1445 5129 1538 5203 nihil
1569 5152 1771 5225 morentur,
1805 5164 1913 5234 seque
1937 5143 2005 5212 iam
2035 5146 2081 5214 ad
2108 5169 2280 5221 summum

265 5265 443 5318 ccarcere
474 5237 633 5308 refractis
665 5237 841 5329 repagulis
873 5235 1005 5326 fugerit
1036 5236 1250 5318 adolescens,
1298 5236 1477 5327 fastigium
1504 5238 1716 5310 eruditionis
1743 5244 1946 5334 pervenisse
1977 5260 2123 5337 putent,
2151 5250 2222 5322 ,ubi
2244 5272 2281 5321 cx

261 5345 481 5419 miserrimae
509 5362 613 5409 curae
635 5339 790 5429 subeunt
813 5337 974 5410 animum
1002 5336 1251 5428 praeceptoris.
1299 5338 1371 5408 alto
1404 5362 1469 5407 nos
1498 5339 1704 5430 despiciant.
1766 5341 1814 5413 Et
1836 5370 1911 5414 non
1931 5351 2038 5419 modo
2061 5375 2136 5421 non
2164 5354 2285 5423 vident

263 5450 364 5542 Quae
385 5448 446 5516 ille
466 5442 506 5512 in
528 5441 650 5513 fabula
671 5439 780 5512 Mitio
804 5440 873 5510 sibi
887 5439 1011 5510 venire
1033 5439 1073 5509 in
1092 5452 1249 5512 mentem
1299 5464 1405 5534 quam
1435 5456 1569 5513 curtam
1599 5438 1754 5517 habeant
1786 5448 2058 5540 supellectilem,
2089 5455 2152 5525 sed
2177 5479 2224 5527 ne
2247 5454 2287 5524 id
