4620 6008
128 302 207 381 aas
706 279 868 361 occu
896 273 972 353 oa
1004 268 1247 348 nastcro
1279 270 1593 351 episcopo,
2087 273 2134 349 aa
2172 296 2186 372 ς

126 476 318 575 opiniones
350 493 412 543 vos
441 459 690 541 mueleciatis.
752 450 908 528 Eooutra
923 475 1024 573 ‘vero
1046 463 1126 521 un-
1178 462 1291 569 torem
1312 447 1478 567 omniurn
1492 447 1675 519 aunum
1693 446 1858 567 manne,
1880 444 2134 541 „nauta

127 606 239 679 quarn
262 572 527 649 aaoeanissaaas
548 582 659 660 pestes
674 560 820 681 susslfflf
830 551 1069 675 wpbssffffla
1093 566 1128 623 ‘l
1179 550 1509 645 'mmmm‘
1532 577 1641 646 ‘lm
1657 548 1988 670 must-Ilm
2001 574 2137 629 Μ
2161 577 2187 643 ia

127 683 321 781 opiniones
336 677 607 753 immoderatas,
632 664 821 736 assabstions
837 677 899 732 aut
914 661 995 729 alus
1010 677 1129 750 praru
1179 656 1291 727 Adest
1307 672 1427 724 antem
1441 679 1516 724 oon
1532 669 1672 726 tantm
1685 669 1730 726 ut
1741 679 1885 724 utinam
1897 658 2134 775 quemad
2164 726 2166 736 ,

128 783 390 881 cupiditatibus
417 787 601 869 potentum
631 768 835 840 servientes.
893 760 991 835 Deus
1015 758 1128 854 magis
1179 774 1219 829 ut
1239 752 1489 857 ippodssdnpc
1509 755 1696 844 hortatur,
1721 772 1762 829 ut
1781 759 1890 827 fidens
1907 774 1945 827 et
1959 758 2135 877 affigam
2166 780 2186 838 ,-

130 887 296 963 concedit
327 878 617 974 tranquillitatem
647 869 825 963 imperiis,
873 867 902 935 si
931 863 1130 935 amabimus
1181 863 1219 931 in
1233 862 1614 933 tuendisetornandis
1625 863 1784 947 artibus,
1806 857 2136 979 μω.
2184 914 2187 935 1

132 990 305 1065 iustitiam
333 1002 368 1057 et
398 978 690 1052 moderationem.
741 969 819 1045 Etsi
843 968 967 1041 fatales
996 989 1129 1058 poenae
1181 966 1350 1050 les'sunt,
1373 979 1609 1056 praestemus,
1634 980 1669 1036 et
1683 964 1964 1045 ius-atsednlus,
1986 965 2138 1059 ganipn-
2183 1003 2188 1023 .

134 1092 362 1187 impendent,
402 1101 520 1156 tamen
550 1078 655 1151 nobis
685 1100 811 1165 magna
841 1071 1040 1143 consolatio
1069 1082 1132 1151 est,
1181 1068 1365 1138 invocant:
1388 1084 1709 1139 coutumaccsvero
1718 1066 2050 1160 adlicitsnpplidix
2075 1064 2140 1139 lh
2171 1115 2178 1134 ,

133 1211 229 1269 recte
249 1208 282 1263 et
306 1193 486 1261 moderate
507 1182 675 1263 sensisse,
702 1204 765 1250 nec
788 1176 931 1247 iniustis
945 1198 985 1244 ac
1001 1173 1130 1240 immo-
1181 1171 1392 1242 senteutiam
1420 1173 1564 1241 infixam
1592 1172 1723 1241 animis
1746 1173 1914 1241 omniurn
1937 1193 2016 1241 ease
2033 1182 2143 1264 qm
2172 1229 2174 1234 s

133 1298 267 1371 decatis
288 1290 473 1365 sententiis
493 1311 553 1358 eos
574 1308 748 1373 armasse,
774 1280 836 1375 qui
858 1300 938 1350 suas
954 1275 1131 1365 cupidita-
1181 1271 1274 1344 Cum
1295 1288 1414 1344 autem
1438 1299 1535 1345 nunc
1555 1276 1648 1345 ratio
1663 1274 2062 1369 munerisquodgen,
2080 1286 2145 1362 arga

9 1382 12 1389 ’
134 1417 185 1475 tes
216 1398 322 1471 saluti
350 1390 532 1467 commoni
563 1397 853 1480 aaateposuerum:
912 1377 1017 1451 Hanc
1044 1402 1132 1446 con·
1183 1401 1241 1446 me
1269 1371 1338 1446 boe
1367 1377 1446 1447 taso
1471 1378 1671 1447 orationem
1694 1374 1846 1462 habnt,
1877 1380 1986 1448 danea
2008 1402 2066 1446 ιε
2085 1376 2148 1449 nh

134 1503 348 1579 solationem
372 1495 561 1567 maximam
584 1516 658 1563 esse
680 1490 743 1561 tali
764 1502 943 1578 tempore,
969 1482 1056 1552 boni
1075 1481 1132 1548 in·
1183 1478 1340 1572 ἔξαρχον
1365 1504 1441 1550 esse
1470 1481 1633 1573 publicae
1662 1481 1892 1573 precationis.
1957 1477 2082 1570 Qum
2098 1502 2159 1561 sta¹

134 1607 295 1697 telligere
310 1602 411 1673 tacite
428 1610 587 1692 possunt.
637 1591 733 1665 Dixi.

140 1838 287 1855 m

957 2007 1007 2048 sn.
1025 1982 1121 2047 lass.

954 2072 1126 2104 w

356 2210 431 2298 De
461 2206 644 2295 Basilio
671 2200 920 2317 Epiacwo.

207 2393 239 2449 ln
265 2391 419 2473 Declamas.
436 2386 470 2443 Τ.
486 2385 540 2439 ul.
558 2403 583 2455 p,
597 2382 723 2503 Slsqp.g
750 2377 781 2501 iri
797 2373 969 2500 Sergestik'lt'¹
984 2373 1032 2430 ill.
1071 2409 1079 2427 .
1088 2374 1135 2496 15111.

241 2452 958 2597 sasantina?delassatam.
971 2464 1136 2586 {latas

137 1995 281 2071 Nost.

138 2093 280 2127 „a

138 2701 270 2773 Oratio
293 2692 341 2768 ds
362 2690 505 2763 Basilio
522 2689 698 2779 Episcopo
713 2681 976 2768 Caesariensi,
1000 2674 1135 2749 laodite

147 2826 173 2879 ts
199 2807 373 2877 rosnae
402 2786 847 2975 Tumiamthti’icm
884 2781 1024 2872 (Ed'ord.
1041 2788 1124 2849 adds

139 3026 241 3117 (ium
272 3034 431 3110 coelestis
456 3028 640 3101 doctrinae
671 3025 830 3098 custodia
862 3038 896 3095 et
929 3024 1136 3117 propagatio

139 3142 346 3219 docentium
362 3152 397 3208 et
413 3132 626 3205 discentium
642 3130 864 3222 agminibus,
893 3128 928 3197 id
944 3142 1007 3212 est,
1031 3123 1132 3197 scho-

140 3250 205 3331 lis,
236 3242 411 3315 divinitus
436 3237 682 3309 commendata
706 3234 772 3319 sit,
805 3232 1045 3319 intelligamus
1071 3256 1137 3299 no-

139 3368 253 3425 strum
277 3368 426 3428 munus,
451 3342 546 3437 quod
573 3337 735 3408 omnium
758 3336 911 3405 incoelo
929 3335 1014 3404 etin
1034 3335 1136 3404 terris

140 3453 334 3529 srsasimum
358 3462 393 3519 et
413 3467 591 3516 snsnmnm
609 3455 676 3511 est:
703 3453 834 3511 etcum
852 3437 1016 3507 exercitia
1033 3432 1136 3507 scho-

140 3558 260 3631 lastica
282 3574 459 3631 amemus,
486 3563 561 3617 tum
586 3568 671 3613 vero
693 3539 750 3613 his
769 3537 1028 3612 honestissimis
1051 3565 1137 3609 cisn-

140 3660 318 3753 gressibus
334 3656 567 3733 :lielectcmun
593 3668 684 3741 :pisos
697 3645 850 3716 sciamus
865 3669 936 3713 non
955 3645 1137 3713 institutos

141 3786 236 3846 esse,
262 3774 296 3831 ul
321 3759 392 3827 sint
415 3768 553 3824 tantum
578 3751 695 3819 ociosa
719 3747 937 3837 spectacula,
963 3761 994 3815 ct
1015 3746 1138 3816 inanes

142 3864 231 3951 lodi,
257 3878 295 3935 nt
306 3857 449 3931 scenici:
478 3856 536 3924 scd
550 3852 636 3925 utin
649 3845 921 3943 hacfreqocntia
934 3872 1138 3918 consmone-

140 3970 230 4043 lacta
253 3966 417 4037 iuventus
437 3962 482 4029 de
503 3954 633 4028 studiis
657 3949 833 4025 Ecclesiae
858 3952 1079 4036 necessariis,
1104 3964 1139 4022 et

142 4074 186 4143 de
210 4095 271 4141 sua
296 4066 497 4146 vocatione,
524 4057 602 4131 Deo
623 4057 753 4145 gratias
769 4069 867 4145 agat,
892 4056 987 4147 qnod
1004 4055 1137 4124 doctri·

143 4198 211 4247 stac
242 4174 354 4243 lucem
387 4192 458 4239 oon
482 4162 638 4251 extingui
662 4158 766 4243 sinit,
798 4168 831 4226 et
854 4171 994 4226 nostros
1019 4171 1139 4228 coetus

143 4274 319 4351 defendit:
347 4296 385 4339 ac
408 4280 501 4363 petat
524 4263 733 4337 arslentibns
760 4259 870 4340 votis,
899 4273 940 4330 nt
962 4260 1056 4329 inter
1073 4284 1139 4329 nos

143 4380 211 4455 sibi
236 4372 429 4449 Ecclesiam
461 4383 629 4463 perpetuo
652 4364 815 4455 colligat,
848 4386 888 4432 ac
911 4362 1137 4453 disciplinam

143 4499 177 4556 et
201 4480 317 4553 studia
340 4489 448 4563 regat.
509 4468 562 4541 tto
586 4466 642 4539 lais
664 4470 770 4539 rebus
791 4465 952 4536 omniurn
976 4465 1140 4535 maximis

145 4588 181 4659 in
204 4582 260 4656 his
282 4576 528 4667 congressibus
550 4572 763 4659 cogitemus,
787 4593 826 4639 ac
848 4569 1000 4640 sciamus
1021 4563 1138 4639 dehis

143 4712 285 4785 qttoque
316 4686 450 4755 ‹licturn
477 4673 612 4749 Christi
640 4673 883 4747 dulcissimum
917 4670 1137 4742 concionari:

144 4790 357 4883 Ubicunque
390 4787 462 4855 diso
492 4793 552 4851 :titt
581 4792 649 4848 tres
673 4773 905 4847 convenerint
930 4775 967 4842 in
992 4775 1139 4843 nomine

144 4918 243 4978 meu,
278 4892 313 4961 in
344 4888 463 4959 toedio
494 4906 617 4953 ecsrtsm
642 4901 733 4950 satin.
788 4874 978 4947 Versamttr
1000 4902 1071 4946 una
1100 4877 1137 4946 in

145 4990 202 5067 his
227 4993 347 5065 castris
373 5006 407 5063 et
427 5002 572 5083 propter
594 4978 727 5052 Christi
753 4980 950 5050 doctrinam
976 4993 1009 5050 ct
1036 4979 1139 5049 invo-

143 5114 263 5173 cantes
280 5098 411 5188 ipsum:
441 5115 550 5188 :pltare
573 5103 612 5158 nt
631 5086 733 5155 stadiis
752 5083 862 5165 adsit,
888 5084 1057 5152 extascitet
1076 5108 1137 5173 pe·

143 5219 241 5277 ctora
265 5200 307 5269 aad
335 5198 518 5277 sistulum,
548 5192 643 5261 iuvet
665 5202 699 5257 et
720 5188 892 5275 gatlicrnet
914 5186 1052 5253 labores
1071 5212 1137 5253 no-

143 5321 252 5387 snos,
279 5323 460 5394 peccsmtur
476 5295 606 5367 Filium
620 5290 684 5363 Dei
698 5289 891 5361 llmninurn
911 5305 1069 5358 nostrum
1083 5286 1136 5356 le-

142 5434 219 5484 snm
233 5401 436 5481 (Ilicistum,
460 5394 566 5469 listins
586 5394 759 5491 gymnasii
776 5406 811 5461 et
828 5406 946 5460 coetus
964 5404 1135 5460 rectorem

141 5536 214 5587 esse
236 5508 375 5591 ducite,
400 5526 551 5599 eumque
575 5498 722 5592 propius
744 5498 864 5567 adesse
885 5493 986 5565 vobis
1002 5509 1137 5582 specta-

1184 1585 1292 1654 ccrba
1308 1583 1402 1653 reris
1416 1584 1529 1654 animi
1545 1585 1638 1656 cotis
1654 1583 1937 1679 subsequimini.

1286 1733 1373 1806 Tibi
1394 1735 1524 1824 gratias
1540 1735 1694 1825 agimus,
1723 1732 1822 1807 Deos
1836 1751 1991 1807 aeterne
2006 1734 2153 1829 paeda

1185 1839 1275 1908 ratini
1297 1840 1408 1907 nostri
1428 1836 1505 1908 lesu
1521 1834 1677 1921 Christi,
1702 1840 1800 1933 qnod
1819 1841 2020 1912 dudrinae
2037 1856 2105 1914 tuae
2116 1842 2156 1913 h·

1185 1967 1261 2011 cern
1283 1942 1388 2009 nobis
1407 1942 1617 2011 accendisti:
1640 1955 1675 2010 et
1690 1966 1856 2027 oramus,
1881 1956 1930 2014 ut
1943 1939 2154 2017 hunedotn·

1186 2048 1274 2115 tium
1295 2061 1330 2115 et
1350 2045 1564 2117 discentium
1587 2057 1728 2115 coetum
1747 2068 1891 2132 serves,
1921 2072 2051 2140 regas,
2071 2048 2155 2121 deln-

1185 2151 1261 2232 das,
1286 2160 1320 2217 et
1336 2149 1477 2217 labores
1491 2161 1632 2218 nostros
1639 2144 1778 2240 Spiritu
1793 2164 1927 2222 sancto
1940 2164 2011 2224 tno
2027 2154 2157 2237 iures!

1187 2252 1290 2321 scobis
1312 2264 1347 2321 et
1371 2250 1568 2342 posteritati
1592 2252 1665 2322 sint
1686 2252 1870 2326 salutares.
1948 2253 2102 2349 colligas
2118 2250 2157 2329 ti*

1186 2352 1380 2426 Ecclesiam
1402 2378 1483 2425 curn
1505 2353 1545 2423 iu
1565 2367 1643 2426 toto
1665 2355 1754 2425 orbe
1773 2368 1989 2445 terrarum,
2013 2374 2087 2434 tunt
2104 2378 2153 2428 sert

1187 2459 1280 2530 inter
1301 2481 1386 2538 nos,
1412 2473 1447 2530 et
1468 2450 1557 2527 haec
1581 2452 1736 2549 hospitia
1749 2452 1945 2532 Ecclesiae
1967 2476 2048 2535 mae
2068 2462 2152 2535 etlitt·

1187 2586 1306 2632 rarum
1331 2561 1444 2651 regito
1467 2574 1503 2630 et
1524 2560 1726 2645 defendite,
1751 2562 1844 2633 sicut
1870 2564 2015 2639 viduae
2036 2564 2147 2659 Sarni

1187 2689 1252 2735 nae
1279 2667 1428 2735 domum
1453 2663 1664 2749 delendisti,
1695 2688 1777 2735 curn
1800 2661 1933 2739 Etiam
1962 2664 2143 2767 δοηῖὶἰοι

1185 2768 1345 2864 cepisset.

1288 2918 1386 2990 Haec
1406 2920 1521 3011 prima
1541 2934 1577 2991 et
1598 2921 1786 3014 praecipua
1811 2946 1901 3015 pars
1926 2940 1987 3000 est
2009 2940 2125 3001 mre

1188 3024 1307 3096 tionis.
1357 3022 1459 3094 Nunc
1473 3024 1610 3118 aliquid
1626 3027 1832 3096 addendum
1846 3042 1920 3111 est,
1941 3024 2126 3125 quod*

1187 3131 1229 3199 ad
1246 3127 1363 3198 studia
1375 3140 1489 3198 vestra
1503 3142 1579 3198 tum
1590 3128 1785 3209 excitanda,
1807 3143 1891 3201 tum
1903 3133 2070 3208 iuvanda
2082 3124 2134 3201 l!

1187 3246 1303 3301 autem
1327 3231 1414 3299 alias
1434 3229 1526 3301 aliae
1543 3231 1711 3301 materiae
1727 3239 1999 3324 proponendae
2010 3226 2136 3319 ΜΒ,

1188 3358 1244 3403 me
1259 3334 1447 3403 admonuit
1462 3347 1502 3404 ut
1513 3330 1638 3403 Basilii
1653 3329 1841 3406 historiam
1859 3362 1970 3411 nuuc
1982 3334 2135 3413 cecil&

1188 3460 1260 3506 esse
1276 3436 1454 3505 ducerem.
1504 3433 1594 3506 Naro
1609 3450 1643 3507 et
1660 3438 1832 3530 exemplis
1847 3426 2134 3519 invitantsnffi

1187 3555 1220 3610 et
1239 3539 1275 3607 in
1296 3533 1353 3607 his
1368 3539 1554 3608 doctorum
1569 3534 1729 3611 historiis
1740 3541 1853 3613 multa
1865 3561 2050 3641 suntqusr
2071 3599 2072 3602 ,
2105 3530 2123 3553 '⁸

1188 3640 1425 3711 eruditionem
1452 3654 1486 3712 et
1514 3642 1669 3714 formant
1701 3644 1895 3723 iudicium.
1950 3646 2087 3720 Perse!
2126 3649 2131 3724 s
2184 3720 2195 3731 ,

1188 3747 1346 3815 cundum
1363 3759 1415 3813 est
1430 3747 1662 3838 contemplari
1678 3770 1896 3838 magnorum
1914 3745 2055 3821 homin
2097 3822 2104 3833 ,
2146 3781 2154 3802 ⁴*

1189 3862 1300 3933 tutes,
1326 3847 1463 3938 egregia
1486 3849 1596 3933 lacta,
1618 3864 1652 3920 et
1676 3866 1824 3922 eventus
1847 3848 2011 3924 honestis
2100 3916 2101 3920 ,
2151 3908 2169 3919 ,

1188 3966 1439 4041 congruentes:
1467 3964 1507 4022 ut
1531 3952 1659 4041 pictori
1683 3967 1718 4024 et
1740 3956 1917 4026 statuario
1938 3956 2030 4027 vol
2062 3986 2072 4007 t>
2130 3992 2133 4000 «

1190 4055 1310 4123 videre
1344 4054 1540 4144 elegantem
1571 4055 1813 4150 symmetriam
1846 4071 1884 4131 et
2127 4149 2130 4153 ,
2184 4083 2197 4117 ¹

1191 4157 1274 4248 picti
1300 4171 1359 4227 atat
1384 4157 1511 4249 sculpti
1535 4158 1708 4251 corporis.
1760 4156 2011 4234 Sednolaisin
2055 4193 2075 4214 ··
2139 4152 2197 4221 ὖ(

1191 4284 1264 4329 non
1285 4272 1424 4330 tantum
1442 4261 1633 4353 voluptatis
1648 4286 1751 4333 causa
1768 4277 1931 4338 vetustas
1947 4286 2037 4357 cogat¹
2139 4303 2141 4306 ·
2190 4279 2197 4319 1

1190 4376 1258 4433 est:
1287 4365 1346 4430 sed
1372 4363 1502 4433 iudicia
1527 4379 1559 4435 et
1583 4366 1786 4436 testimonia
1804 4369 2001 4441 omniumt
2026 4396 2077 4426 t
2128 4363 2197 4433 Ns

1191 4465 1402 4559 inquirenda
1426 4481 1528 4551 sunt,
1551 4482 1589 4540 ut
1613 4492 1685 4539 una
1708 4472 1943 4541 consentiens
1957 4466 2084 4542 aman
2126 4467 2198 4534 'ih

1190 4570 1355 4643 lineatur.
1410 4567 1566 4640 Multum
1591 4574 1634 4640 ad
1659 4573 1875 4643 erudiendas
1897 4580 2084 4645 menteset
2126 4592 2198 4661 ap

1191 4672 1380 4741 firmandas
1402 4693 1502 4742 veras
1523 4675 1716 4744 sententias
1740 4675 1888 4748 collatio
1914 4692 2076 4749 vetemn
2123 4668 2198 4739 t'tj

1191 4777 1393 4845 moniorum
1424 4776 1611 4859 conducit,
1644 4778 1673 4847 si
1702 4779 1898 4851 dexteritas
1920 4781 2008 4852 adsit
2025 4770 2079 4847 in
2127 4771 2199 4847 ul

1189 4880 1322 4962 cando,
1357 4892 1391 4949 et
1414 4878 1505 4949 absit
1527 4880 1685 4949 studium
1708 4881 1976 4955 calumniandi:
2003 4902 2062 4951 oon
2082 4915 2086 4926 -ν
2120 4903 2122 4907 ·

1189 4996 1389 5051 temnamus
1404 4977 1469 5048 Dei
1493 4982 1702 5069 consilinm,
1727 4984 1790 5079 qui
1811 4972 2076 5058 ministeriam!
2125 5009 2135 5051 a
2160 5034 2192 5057 .-

1189 5084 1270 5172 gelii
1303 5096 1337 5153 et
1368 5083 1524 5154 instituit
1555 5099 1589 5154 et
1616 5099 1757 5169 tuetur,
1787 5101 1824 5158 et
1848 5089 2001 5161 subinde
2020 5086 2050 5155 d·

1189 5187 1314 5254 excitat
1336 5187 1517 5257 salutares.
1570 5187 1731 5260 Fuerunt
1755 5190 1867 5281 igitur
1880 5192 2007 5286 aliqui,
2032 5223 2037 5250 ι
2062 5228 2063 5231 “
2089 5195 2090 5199 ’
2130 5230 2134 5251 t

1190 5314 1256 5357 vox
1285 5303 1320 5358 et
1350 5289 1471 5359 literae
1500 5292 1710 5379 profuerunt
1739 5288 1942 5383 Ecclesiae,
1973 5292 2024 5363 alii
2129 5323 2200 5405 54

1188 5390 1547 5468 aliiminusernditi.
1598 5392 1666 5466 Sed
1688 5396 1849 5492 colloqui
1864 5412 2057 5469 tamencum
2194 5451 2201 5487 ,

1189 5494 1340 5589 quitata,
1367 5509 1401 5566 et
1416 5496 1618 5569 testimonia
1630 5493 1812 5573 Ecclesiae
1827 5522 1953 5586 nosse,
1975 5495 2065 5571 utile
2114 5530 2136 5598 t,
2168 5528 2201 5599 ἰ,
